1092 1595
83 119 205 218 T

303 101 421 61 Oute parolle et ordon-

296 146 424 57 nance de Dieu, doibt

299 192 415 52 estre dicte ⁊ tenue sain-

295 239 423 60 cte, ⁊ nulle autre. Par-

297 289 421 55 quoy ce que Iesuchrist

73 330 645 59 a parle, enseigne, ⁊ ordõne, est sainct

73 377 637 60 ⁊ diuin, comme son sainct euãgile,

69 421 645 60 le sainct baptesme, sa saincte cene et

70 467 654 58 choses semblables. Or est il cer-

69 515 650 59 tain que Sathan soy transfigurant

70 564 640 56 en ange de lumiere a tousioͬs tasche

66 612 642 57 et iamais ne cesse de renuerser soubz

67 656 643 53 quelque apparence de bien, toute la

69 703 641 58 doctrine de Iesu christ et ses sainctes

66 749 645 59 ordõnances, cõgnoissant que en icel-

62 793 646 57 les seulement la uie eternelle ⁊ le sa-

63 842 645 52 lut de tout le monde consiste; car de

66 890 641 53 Dieu et de sa uolunte ne pouuons

63 934 643 60 rien congnoistre sinon par sa saincte

65 980 641 62 parolle. Par quoy il fault que tout ce

65 1026 641 61 qui est dict ⁊ faict en l eglise de Iesu-

66 1072 638 59 christ soit reigle, conduict et monstre

65 1119 639 61 par icelle saincte parolle, nõ pas par

71 1170 629 60 la doctrine ou inuention humaine,

407 1213 309 68 A ii

722 451 111 70 ii. Co-

718 513 113 57 rin.xi.
