1092 1595
349 95 636 60 autrement il ny auroit iamais rien

353 136 636 72 qui feust seur ⁊ certain; car tantost

352 191 640 53 l ung diroit d une sorte, puis l autre

355 233 638 63 d une autre. Ainsi que par longue et

356 276 636 69 uiue experiẽce, on cõgnoist au grãd

353 322 641 63 mal ⁊ dommage du paoure peuple

355 368 641 73 par cy deuãt auoir este faict. Duq̃l

357 417 639 66 mal fault par l ayde et conduicte du

359 463 635 72 Seigneur de paix et de uerite, reti-

359 507 639 73 rer toutes creatures, autant que il

360 562 637 60 donnera de grace ⁊ pouuoir. A la-

361 602 639 73 q̃lle chose certes ung chascũ est tenu

361 647 637 66 ⁊ oblige par le uouloir ⁊ commãde-

363 695 637 65 ment de Dieu trauailler ⁊ labourer.

363 739 634 71 De laquelle obligation ny a aucun

364 792 637 66 exempt; mais plus tost sur peine de

364 830 636 73 griefuemẽt offenser Dieu, ung chas

364 882 638 63 cun doibt retirer derreur ⁊ mẽsonge

367 927 637 71 son prochain, autãt quil peult sans

365 975 640 71 riẽs espargner. Ainsi quil est escript

379 1023 626 66 En Ezechiel. Si tu ne annonce a

365 1067 635 72 l inique qui se cõuertisse de son mal,

369 1113 609 71 ie requerray son sang de ta main.

373 1160 633 77 Et pourtant le saint homme Iob

867 1208 139 65 cõduict

220 1035 129 56 Ezec.iii.
