1092 1595
97 90 639 62 cõduict de l esperit de Dieu, en toute

97 139 638 55 diligence instruisoit ⁊ enseignoit les

98 186 638 63 paoures ignorãs ⁊ aueugles, cõme

95 227 640 62 luy mesme tesmoigne, disant; Ie ay

97 275 643 59 este l oeil a l aueugle. A ceste cause

98 320 638 61 moy paoure creature considerant les

101 366 635 63 grãdes tenebres qui sont, ⁊ ia de lõg

99 418 639 60 temps ont regne, quasi sur toute la

99 457 636 68 terre, I ay este esmeu par bõne affe-

98 506 640 62 ction de cõposer ⁊ rediger en escript

98 551 640 57 aucũs articles ueritables sur les im-

101 596 634 65 portables abuz de la Messe. Lesq̃lz

101 645 637 64 articles ie desire estre publiez ⁊ atta

101 693 638 57 chez par toꝰ les lieux publicq̃s de la

101 737 639 59 terre; affin que icelle faulsete, laq̃lle

102 785 637 66 par si long temps a este occulte ⁊ ca-

102 832 637 57 chee, soit dũg chascun entẽdue ⁊ am-

103 877 636 65 plemẽt cõgneue; ⁊ que par la miseri-

103 923 643 64 corde de Dieu on y puisse aduiser ⁊

103 972 643 55 entierement remedier. Par cela desi-

103 1014 637 67 rãt faire en escript, ce q̃ de bouche ⁊ en

107 1065 640 64 presence ie ne puis faire; car par tous

106 1108 645 62 bons moyẽs fault a l oeuure de dieu

109 1155 643 74 pour la maintenãce ⁊ publicatiõ de

442 1204 321 68 A iii

766 241 70 44 Iob

746 283 87 55 xxix.
