1092 1595
353 95 641 59 uerite iusque a la mort se exposer ⁊

353 134 641 70 employer. Lesquelz articles iay en-

353 183 639 61 tendu auoir este mis et attachez en

356 227 638 70 plusieurs lieux, pour ung salutaire

353 273 644 64 aduertissement a tout le monde, de

356 320 640 68 auoir aduis a cela, ⁊ tresfort le consi

357 368 639 67 derer. Mais (ainsi que de lõg temps

357 417 621 62 il a este tousiours experimente)

359 459 637 67 plusieurs lesquelz a causc de leur of-

357 513 639 61 fice deuroiẽt inciter le paoure peuple

357 555 636 61 a tout bien ⁊ cõgnoissance de uerite,

360 599 636 70 sont ceulx qui du tout l en retirent ⁊

359 645 639 64 empeschent, procurans ⁊ esmouuãs

360 692 637 68 selon leur ordinaire coustume perse-

359 744 638 62 cutions, noises, et turbations, pour

360 786 638 62 empescher ⁊ suffoquer tout cela qui

363 830 631 69 leur desplaist; Car tout ainsi q̃ Ian-

355 878 641 63 nes ⁊ Iambres resisterent a Moyse.

359 929 637 65 Ainsi iceulx resistent a uerite, hom-

359 975 639 60 mes corrompuz d entendement, re-

359 1019 639 64 prouuez enuers la foy. Lesquelz tou

359 1068 639 65 tesfois ne proffiteront plus; car com

360 1111 637 65 me dit le sainct Apostre, leur insipiẽ-

360 1167 637 63 ce sera congneue a tous. Notãment

218 853 113 57 ii Thi-

222 899 117 51 mo.iii.

876 1212 125 65 il dict
