1092 1595
94 90 645 53 is dict insipience. Car ueritablement

95 131 641 64 leur ignorãce est si merueilleuse, que

97 179 638 60 a bon droict doibuent estre nommez

95 223 651 66 aueugles, et (cõme dict Iesuchrist)

94 272 644 54 conducteurs des aueugles. De tel-

94 316 644 61 les gẽs Isaye parle en ceste maniere.

95 365 641 62 Les cõducteurs du peuple sont tous

98 417 209 54 aueugles.

140 459 594 60 Auquel passage il est bien euidẽt

95 506 640 60 que le sainct prophete ne parle point

95 550 643 58 des moindres; mais de ceulx qui sõt

95 599 643 62 constituez en dignite, et estimez du

95 645 639 60 monde les plus grans, qui portent

93 691 637 58 la clef de science ⁊ ny entrent point,

94 736 640 64 et aussi n y permettent point entrer

95 792 475 56 ceulx qui desyrent y entrer.

138 833 602 60 De cecy nous auons maintenant

91 877 647 61 manifeste exemple en noz maistres

93 922 647 65 de Paris; lesquelz ont deffendu que

91 971 633 56 nul ne soit si hardy de alleguer en

89 1014 646 57 leurs actes le Grec ou Ebrieu, sur

93 1063 635 62 grosse peine par eulx ordonnee. En

91 1113 637 59 cela se monstrans appertemẽt enne-

91 1159 636 67 mys de toutes bonnes lettres; ainsi

454 1209 278 61 A iiii

751 220 121 55 Matth.

747 268 55 47 xu.

746 309 127 59 Isa. lui.

742 669 133 62 Luc. xi.

750 830 119 60 Prouer.

746 873 113 54 18.v.2.
