1092 1595
369 90 641 53 que tousiours ont este. Neantmoins

369 130 641 60 ilz desirent ⁊ ueullent estre ueuz les

371 180 641 61 plus grans ⁊ plus scauans. Comme

369 223 637 64 ainsi soit, que tout leur cas ne soit q̃

371 271 641 55 ignorante barbarie; mesme en leurs

371 316 641 64 disputatiõs publicques, ilz ont gẽs

371 362 642 65 appostez pour frapper ⁊ faire bruict

371 413 641 56 se il aduient que le arguant suyue ⁊

372 457 638 64 presse le respondant; qui est une grã

371 506 512 53 de irrision ⁊ pure mocquerie.

429 556 583 55 Item si quelque personnage sca-

369 595 639 62 uãt, insiste fort a la saĩcte escripture,

371 640 638 63 ainsi que ung chascun deuroit faire,

369 685 641 60 il est (peult estre), en dãger de sa per-

369 732 643 61 sonne; a tout le moins a force de

369 777 641 63 bruict on le fera taire. Et cela font

369 825 643 58 ilz; affin que uerite ne soit clairemẽt

371 873 641 62 entendue des assistans; car autre rai

373 919 487 63 son ie nen scauroye donner.

428 963 585 64 Dauãtage ie leur demanderoye

373 1010 641 61 uoluntiers de toutes leurs cryeries

371 1054 641 67 ⁊ disputations publicq̃s par cy auãt

369 1104 641 61 faictes, quantes bõnes ⁊ chrestiẽnes

367 1151 643 73 resolutions en a on ueu? Certes ia-

888 1201 120 65 mais,
