1092 1595
74 91 638 55 mais, toutesfoys ilz auoiẽt este pre-

73 136 639 51 mierement ordonnez des Princes et

71 183 640 53 Roys, pour simplement ⁊ purement

73 233 634 47 declairer la saincte parolle de Dieu,

70 273 641 57 au lieu de laq̃lle ilz ont couru apres

70 325 641 48 leͬs songes, apres Aristote, ⁊ autres

74 368 637 58 payens philosophes, delaissans et

71 414 637 61 abandõnans Iesuchrist. Parquoy

73 459 634 60 deuroient estre totallement deiectez,

71 506 639 61 a cause que ilz nont point faict leur

74 551 270 63 deuoir ⁊ office.

122 598 590 54 Oultre quant a la reste du peu-

73 647 639 54 ple;nest ce pas trop empesche, ⁊ reti-

71 696 643 54 re les paoures ames rachaptees du

74 741 636 56 sang de Iesuchrist, de entrer en la cõ

71 785 640 56 gnoissance de la pure ⁊ saincte uerite

71 832 636 51 de Dieu, quand par les superieurs,

71 877 640 53 il est prohibe ⁊ deffendu, de ne auoir

71 923 637 59 aucũs liures en langaige uulgaire,

73 970 637 61 parlans de Dieu, ⁊ de la foy. Assez

73 1016 639 60 est cõcede en auoir; mais quilz soyẽt

71 1063 641 58 pleins de follies, de fables, de men-

71 1107 637 67 songes; et bien souuent d infection et

71 1155 643 73 paillardise.

609 1205 101 77 table

720 1115 133 75 Sapien

722 1176 81 62 ce. ui.
