1092 1595
381 85 645 51 table et dur iugement sera faict sur

379 128 645 60 telles gens qui sõt cause de cecy. Car

383 172 637 67 si ung Roy mortel ueult estre obey/

381 219 644 66 que dira on du Roy Eternel? Et ie

380 267 645 63 demande/ si le Roy auoit ordõne ou

379 321 646 55 cõmande aucune chose pour estre pu

377 365 641 60 bliee a son peuple: ⁊ qui uint aucun

380 410 640 60 superbe/ ou presumptueux temerai¬

377 454 643 63 re/ le tout rẽuerser: et faire que iceluy

376 503 649 59 mandement ne fust receu et congneu

380 550 642 60 du peuple. Ascauoir si le prince en se¬

379 594 643 55 roit content? nen feroit il point de pu

379 638 642 58 nition? Ueritablemẽt si feroit/ et fi¬

377 691 644 54 nablement seroit amplement mani¬

379 731 643 67 feste. Ainsi certes en la fin/ ueullẽt

376 780 646 60 ou non les rebelles fauldra il que la

377 828 644 62 uerite de Dieu soit congneue/ on a

373 878 647 52 beau contredire/ on a beau tuer/ em¬

376 918 641 66 pescher/ meurtrir/ ⁊ brusler. Le con¬

376 963 644 67 seil de Dieu est immuable: lequel a

389 1012 624 64 esleu les choses basses et infirmes/

388 1068 626 55 pour confondre les choses haultes ⁊

388 1111 625 58 fortes: affin que toute gloire soit a

377 1155 639 73 luy seul/ ⁊ q̃ nulle chair ne se uienne

852 1201 162 72 glorifier

232 1058 137 59 i.Corin

238 1108 119 88 thiẽs.i.
