967 1446
83 54 666 68 est offert a Dieu soymesme sãs ma

81 110 666 72 cule) cõbien plus fort nettoyera il

81 171 662 74 noz cõsciences des oeuures mortes

86 227 535 70 pour seruir a Dieu uiuãt ⁊c.

126 279 608 75 Car aussi Christ est mort une

88 339 655 69 foys pour noz pechez/ le iuste pour

76 392 665 71 les iniustes: affin quil nous offrit

75 457 660 70 a Dieu/ mortifiez certes en chair:

76 513 525 64 mais uiuifiez en Esprit ⁊c.

119 565 611 73 Et uous quand uoꝰ estiez mortz

72 624 662 69 en peche ⁊ en la circoncision de uo¬

74 679 660 77 stre chair/ il uoꝰ a uiuifiez auec luy:

70 743 663 65 uous pardõnant tous les pechez/

69 795 663 70 effaceant lobligation qui estoit con

68 854 469 66 tre nous par le decret ⁊c.

73 905 659 69 ¶ Notez bien ce q̃ dit S. Hilaire sur le

77 959 653 59 Psal.142.c. que par merites ne aucu¬

66 1006 663 60 nes satisfactiõs nul ne peult entrer en

65 1052 663 58 la bonne terre/ de laquelle parle Da¬

65 1092 794 72 uid: Ton bon Esprit me conduyra en

65 1143 664 61 la bõne terre/ Seigneur tu me uiuifie

66 1192 663 57 ras a cause de ton nom ⁊c. Or main

66 1236 662 58 tenãt si aucun ueult ⁊ demãde aultre

77 1283 648 67 satisfaction que le sang ⁊ mort de Ie¬

557 1331 162 72 G sus

741 298 131 77 1.Pier.3.

742 589 130 65 colos.2.c

730 1114 129 60 psal.142.
