927 1435
197 47 654 57 sus Christ/ il luy fait iniure en denyãt

194 94 655 56 la uertu ⁊ efficace de sa saincte passiõ.

195 139 659 57 Et est ꝑ trop arrogãt ⁊ presũptueux

196 186 658 53 de uoloir satisfaire par ses oeuures/

198 230 655 58 ueu quil nest que peche/ ⁊ que Iesus

205 275 646 62 Christ dit en S. Luc.17.c. Quãd uoꝰ

194 326 661 53 aurez tout faict/ dictes: nous sommes

197 373 658 53 seruiteurs inutiles. Encore plus est

194 417 662 56 oultrecuyde lhõme qui les ueult par¬

197 465 658 53 donner a aultruy/ ⁊ pire q̃ les iuifz qui

195 510 657 58 ont creu qͥl ny auoit q̃ ung seul Dieu:

193 556 471 59 qui pardonnoit les pechez.

239 603 614 54 Puis quil est ainsi q̃ les pechez sont

192 648 654 56 pardõnez par ung seul Iesus Christ:

189 695 663 55 dequoy nous seruent ung tas de bul¬

187 741 666 53 les ⁊ pardons cõtrouuees par les Pa

190 786 665 59 pes ⁊ Cardinaulx? Ung tas de uoya

189 836 663 52 ges ⁊ peregrinations? Ung tas de cõ¬

200 880 652 62 fraries ⁊ associations aux biẽsfaictz?

189 927 261 57 Certes de rien.

244 971 551 59 ¶ De penitence ou repentance.

437 1018 167 58 Chap̃16.

239 1059 611 61 ¶ Ie confesse que penitence ou repẽ

186 1113 668 53 tance/ est renouation de Esprit ⁊ uie

186 1156 663 55 qui doibt estre en noꝰ continuelle/ noꝰ

185 1206 666 52 denyantz nous mesmes/ ⁊ mortifiãtz

188 1250 664 69 ⁊ crucifiantz la chair du uieil homme

772 1298 76 75 qui

58 281 139 66 Lu◊.17.c

58 451 123 56 mar.2.b.
