962 1448
117 31 603 84 Ie uoꝰ dis que ainsi sera ioye au

64 104 660 67 ciel sur ung pecheur faisant peni¬

65 164 658 63 tence/ plus que sur quattre uingtz

64 217 658 70 ⁊ dixneuf iustes qui nont que fai¬

60 279 311 62 re de penitence.

105 331 613 67 La tristesse qui est selon Dieu/

58 389 664 68 cause ferme penitẽce a salut: mais

56 446 659 68 la tristesse de ce siecle/ cause mort.

89 500 629 64 Repentez uous dõc/ ⁊ uous con¬

55 558 664 75 uertissez: affin que uoz pechez soyẽt

60 618 157 68 effacez.

101 674 609 69 Uous nauez point ainsi aprins

59 727 659 71 Christ: uoire si uous lauez enten¬

54 786 664 70 du/ ⁊ se auez este enseignez en luy/

55 849 668 66 ainsi que uerite est en Iesus doster

56 905 665 66 le uieil hõme selon la conuersation

58 963 660 65 precedẽte/ lequel se corrompt selon

54 1019 668 62 les desirs derreur: ⁊ estre renouuel¬

57 1075 673 64 lez en Lesprit de uostre entẽdemẽt/

57 1131 661 65 ⁊ uestir le nouuel hõme/ leq̃l est cree

59 1190 659 65 selon Dieu en iustice ⁊ sainctete de

54 1249 661 74 uerite. Pour laq̃lle chose ostez men

397 1304 311 76 G 3 songe

730 37 124 63 Luc.15.b

723 326 135 50 2.corĩ.7.◊

729 492 115 66 Act.3.d.

721 666 135 76 Eph.4.◊
