949 1446
197 41 660 57 plaisant ⁊ doulx en la uie/ maintenãt

196 87 662 55 est amer au coeur: ⁊ ce q̃ parauãt te de

195 135 668 55 lectoit au corps/ maintenant te tour¬

196 183 662 53 mente en courage: alors est bõ ton ge¬

197 225 662 58 missement/ ⁊ dis a Dieu: Iay peche a

199 272 626 58 toy seul/ ⁊ ay faict le mal deuãt toy.

246 318 615 59 Et S. Hierosme. au .5. tome sur le

204 367 653 57 31. chap. de Hieremie. Conuertis moy

199 414 659 55 (dit le Prophete) ⁊ ie me conuertiray.

196 461 661 55 Parquoy ce mesme que nous faisons

200 509 659 52 penitence/ nous ne le pouons accom¬

196 552 661 58 plir se noꝰ ne sõmes appuyez sur lay¬

195 598 664 58 de du Seigñr. Car apres q̃ tu me au¬

194 646 664 56 ras conuerty/ ⁊ que ie seray retourne a

193 691 665 56 toy: adonc cõgnoistray ie q̃ tu es mon

196 737 664 56 Seigneur Dieu/ ⁊ nullement plus ne

192 783 665 58 me occirõt mes erreurs ne mes pechez.

195 830 664 57 Et apres q̃ tu mas conuerty iay faict

197 878 662 56 penitence. Regarde quelle est layde de

196 923 661 57 Dieu/ ⁊ cõbien est la cõdition humai¬

195 968 664 58 ne fragile/ tellement que ceste mesme

196 1017 658 57 penitence que nous faisons (si le Sei¬

196 1062 657 58 gneur ne nous cõuerty parauãt) noꝰ

194 1109 661 58 ne la pourrons nullement accomplir.

196 1154 659 59 Et apres (dit il) que tu mas monstre

195 1200 660 60 celle penitence/ ou la cõgnoissance de

196 1246 657 66 toy/ au apres q̃ ie tay cõgneu: iay frap

732 1304 121 62 pe ma

61 304 142 58 psal.50.a

61 390 110 72 Hieros.
