974 1449
104 51 661 56 pe ma cuysse. Ce qui est la demonstra¬

97 94 667 62 tion de dueil ⁊ de gemissement/ ⁊ de ce

98 142 664 62 luy qui pleure sur son anciẽ erreur. ⁊c.

140 190 618 58 Et S. Cyprian contre Demetrian

95 235 667 56 au premier traicte. Quãd on sera par

95 276 665 62 ty dicy: il ny aura plus de lieu de peni¬

93 325 665 63 tence/ ne plus de effect de satisfaction.

99 374 660 58 Icy est la uie ꝑdue: ou gaignee: icy est

93 420 665 56 cõqueste de salut eternel/ ꝑ la uenera¬

91 464 650 57 tion de Dieu ⁊ par le fruict de la foy.

139 507 619 62 Par ces choses maintenãt nous est

95 557 663 61 plus que notoire/ que penitence nest

95 606 662 58 poĩt aller de lieu en aultre/ courir aux

95 652 661 58 pelerinages: entrer es cloistres ⁊ muer

90 697 664 57 dhabitz/ se retirer aux hermitages/

90 741 666 60 changer de uiãdes/ affliger son corps

95 791 660 55 par battures/ ⁊ faire sẽblables ou tel¬

87 835 668 61 les choses sans foy/ sans Esprit ⁊ pa

88 883 666 60 rolle de Dieu: Desquelles il plaise a

88 928 661 55 la bonte Diuine/ deliurer le monde/

87 973 667 62 luy donnant a entendre quelle est la

90 1021 330 63 uraye repentance.

146 1069 566 88 ¶ De cõfession. Chap̃.17.

138 1165 614 59 Ie confesse: que la uraye/ principa¬

88 1212 665 58 le/ ⁊ necessaire cõfession est celle par la

90 1260 664 66 quelle noꝰ confessons nostre peche de¬

522 1301 228 75 G 5 uãt

772 176 125 75 Cypriã.
