1013 1444
110 48 666 65 toute la chrestiẽte fut deumẽt refor

109 105 666 64 mee/ ⁊ tous les abuz des ecclesiasti

107 163 666 63 ques corrigez/ iouxte ⁊ selon la pa¬

105 216 667 67 rolle de Dieu: affin que les Luthe¬

103 275 669 65 riẽs ne eussent plꝰ occasiõ de cryer

102 332 671 64 cõtre noꝰ. Car sans cela noꝰ ne au

102 389 670 62 rõs iamais paix auec eulx/ a cause

105 443 663 67 qͥlz ne cerchẽt q̃ la parolle de Dieu/

105 502 667 65 ⁊ entre noꝰ aultres noꝰ nous som¬

103 559 665 65 mes plus arrestez en ieunesse aux

104 615 660 64 disciplines humaines q̃ diuines/

109 671 661 67 soit ꝑ nr̃e coulpe ou le iugemẽt du

104 727 664 69 Seigͬ Dieu ainsi permettãt. Par¬

103 785 666 67 quoy (Sire) il mest aduis qͥl seroit

102 841 666 66 bõ de tenir tel cõcil gñal ⁊ discuter

104 900 664 65 ou esplucher tout par Leuangile ⁊

104 957 664 67 les Prophetes: affin q̃ tout aĩsi que

104 1014 664 67 noꝰ ne auõs q̃ ung Dieu/ une loy/

105 1071 663 68 une foy/ ⁊ ung roy/ nous ne eussiõs

105 1130 663 65 pareillemẽt (rescindant toutes au¬

103 1187 662 63 tres) q̃ une doctrine Euangelique.

120 1241 647 73 Touchãt ceste miẽne derniere con

474 1294 289 76 A 4 fessiõ
