973 1445
105 39 661 68 precation/ en ieunes/ en sac/ ⁊ en cen

103 95 665 64 dres: ⁊ priay a mõ Seigñr Dieu/ ⁊

103 147 653 72 me cõfessay/ ⁊ dis: Ie te prie Seigͬ

104 210 659 67 dieu/ qͥ es grand ⁊ terrible ⁊c. Noꝰ

101 268 662 64 auõs peche/ noꝰ auons faictz iniqͥ¬

101 325 662 61 te/ noꝰ auons faictz iniustemẽt ⁊c.

151 372 607 73 Qui est celuy qui entend les pe¬

102 437 661 69 chez? Seigneur Dieu nettoye moy

103 496 660 69 de mes pechez/ ⁊ pardõne a ton ser¬

103 553 511 62 uiteur les pechez de crime.

103 602 652 65 ¶ Pour ceste matiere uoyez S. Chry

113 654 651 59 sost. sur Lepistre aux Hebrieux en la.

112 701 657 59 31. home. au 12. chap̃. Ie ne te dis poĩt

104 748 664 57 que tu te declaire publicquement/ ne q̃

103 793 663 56 tu te accuse enuers les aultres: mais

107 839 660 60 ie ueulx que tu obeisse au prophete

99 882 662 58 qui dit. Reuele au Seigneur ta uoye.

105 932 661 59 Confesse donc tes pechez deuãt Dieu

110 980 657 56 pronõce tes delitz auec oraison enuers

104 1025 664 59 le uray iuge: nõ point par la langue:

104 1074 663 54 mais par la memoire de cõscience: ⁊ a¬

104 1119 663 57 donc finalement aye esperance de pou

104 1165 656 57 uoir obtenir misericorde. Si tu as en

104 1213 661 56 ta pensee continuellement tes pechez/

104 1257 661 68 iamais ne retiẽdras le mal en tõ coeur

666 1306 99 69 cõtre

765 334 132 105 psaL.18.d

768 597 100 71 chriso.

770 882 131 92 psal.36.a
