975 1448
194 31 666 71 cõtre ton prochain ⁊c. Item ce mes¬

189 91 675 64 me sur le .50. Psal.a. Si tu es confus

191 143 673 55 de dire a aucũ que tu as peche: dis les

191 186 673 57 tous les iours en ton ame. Ie ne dis

193 232 670 60 point q̃ tu te confesse au seruiteur pa¬

193 278 672 58 reil a toy/ pour les reprocher: dis les a

197 322 667 63 Dieu qui les guerit ⁊c. Itẽ S. Am

191 372 676 60 broise de la penitence de S. Pierre La

202 420 662 59 postre au .46. sermon. Pierre iecta des

190 464 675 58 larmes/ sãs riẽ prier de uoix. Ie trou

193 507 673 60 ue biẽ quil a ploure: mais ie ne trouue

195 553 672 64 pas quelle chose il a dit. Ie lis bien de

193 604 675 60 ses larmes: mais ie ne lis point de sa

197 648 671 60 satisfaction. Ueritablement Pierre a

192 699 675 58 biẽ ploure ⁊ se teust: pource que on na

195 745 668 60 pas de coustume de excuser ce que on

195 790 673 57 a accoustume de plourer. Et ce qui ne

200 835 667 62 se peult defendre peult estre laue. Car

194 884 665 57 les larmes lauent le delict/ duquel on

197 929 649 61 est honteux de le confesser de bouche.

214 972 649 64 Item S. Chryso. au .7. tome en la .9.

198 1022 669 61 homelie: de penitẽce. Cest icy le lieu de

199 1069 666 60 medecine/ non pas de iugement. Dis

200 1114 668 62 a Dieu seul ton peche/ lequel ne baille

203 1161 660 63 point les peines: mais la remissiõ des

213 1212 124 56 pechez.

251 1252 613 72 Le mesme au .6. tome/ au dit sermõ

744 1303 115 62 de pe¬

50 42 134 67 Chryso.

49 343 151 104 6.Ambr.

60 978 140 101 Chryso.
