976 1447
100 45 664 54 lent auriculaire: soy fondantz sur S.

103 90 663 60 Iacques. Lequel passage toutesfoys

100 139 665 58 est constãment interprete par les do¬

101 187 665 54 cteurs anciẽs du bon cõseil quon doibt

102 233 664 57 demãder a son frere chrestien craignãt

100 279 665 57 Dieu ⁊ ayant intelligẽce des sainctes

99 325 665 56 escriptures/ quãd on est en tristesse ou

100 372 665 55 quon est en q̃lque scrupule de consciẽce

105 417 658 57 poͬ ⁊ affin den auoir instruction ⁊ cõ¬

102 462 663 57 solatiõ par lesdictes Escriptures. La

99 509 665 54 quelle interpretatiõ mesme recoit le ue

98 554 667 56 nerable Beda en sa recollection sur ce

104 602 660 56 passage: En supportant lung lautre.

100 646 657 59 Colos.3.b. Touchãt du lieu qui est en

100 692 656 60 S. Luc. Allez: ⁊ uous monstrez aux

104 739 658 59 prebstres. Il ne se entend nullemẽt de

100 786 661 59 la cõfession: mais de loblation q̃ deb¬

101 832 661 59 uoyent faire les ladres apres quilz e¬

108 878 655 60 stoyent guaris/ selon le cõmandemẽt

100 923 660 57 au Leuiticque/ cõe expose S. Hieros.

100 973 661 56 me au .16. chap̃. c. ⁊ Beda sur S. Luc

99 1020 476 54 au .5. liure. au .68. chapitre.

147 1060 615 63 Que si telle confession auriculaire

100 1109 663 60 estoit du droit diuin ⁊ q̃ noꝰ y fussiõs

98 1155 657 61 obligez/ la glose sur le Decret de peñ.

100 1199 658 65 ⁊ remission. Laq̃lle aussi ensuyt. Pa¬

97 1248 663 83 norme grand canoniste ⁊ Armachanꝰ

694 1295 59 68 sur

774 89 129 61 Iaco.5.d

773 724 108 28 Lu.17.d

770 903 109 67 leut̃.13.

770 970 110 48 a. ⁊ 14.a

763 1145 135 60 Glos. de

764 1199 137 51 creti/ Pa

768 1246 106 61 norme/
