970 1445
209 30 670 75 sur le quart des sentẽces/ ⁊ Tho. Ca¬

219 93 664 59 ietanus Cardinal: en son liure appelle

225 137 655 58 Iẽctaculum/ ⁊ plusieurs autres grãs

213 186 671 57 docteurs/ ne eussent point escript q̃lle

215 232 666 57 estoit du droit humain ꝑ certaine egli

216 280 668 54 se inuentee. Laquelle sentence nous a¬

215 324 667 57 uõs ueu soustenir plusieͬs foys en no

219 370 665 59 stre escoule de la Sorbone, Mais aus¬

221 418 662 57 si a quoy nous seruiroit ceste confessiõ

217 464 665 57 auriculaire: ueu qͥl ny a que ung seul

219 509 665 56 Dieu qͥ pardõne les pechez/ cõe noꝰ a¬

216 556 664 57 uõs mõstre au chap̃.15. de la remission

220 602 660 53 ⁊ satisfaction des pechez. Et aussi cõe

221 650 659 55 dit S. Cyprian: Le seruiteur ne peult

222 696 657 57 ꝑdonner ce qͥ est cõmis cõtre le seigñr.

221 741 658 56 Pource dõc gardõs nous biẽ de uou¬

218 789 658 57 loir imposer sur les cõsciẽces aultres:

226 834 650 58 fardeaux q̃ ceulx q̃ Dieu nous baille

224 879 429 62 qui sont doulx ⁊ legiers.

294 935 481 65 ¶ De ieune. Chap̃.18.

266 989 608 61 ¶ Ie cõfesse/ que ieune est afflictiõ

219 1041 655 53 ⁊ humiliatiõ du corps: non pas seule¬

215 1088 657 53 mẽt pour dompter ⁊ amatir la chair:

214 1131 666 58 mais aussi pour mieulx ⁊ plus facile

215 1179 659 56 mẽt entẽdre a oraison. Leq̃l est moult

214 1227 658 57 necessaire a tous ⁊ en Lescripture grã

216 1274 384 67 dement recommande.

695 1302 174 86 Ie humi¬

69 54 127 50 Arma¬

68 91 144 59 chanus.

69 136 141 55 Caieta¬

73 183 82 57 nus.

80 661 135 79 Cypriã.

73 839 142 71 mat.11.d.

76 903 139 66 Hier̃.6.a
