972 1450
187 54 656 66 stament nous auons exemple de An¬

185 100 664 67 ne en S. Luc .2. chap̃. Item les disci¬

200 147 647 66 ples de S. Iehan ⁊ des Pharisiens.

187 194 660 66 Matth.9.b. Mar.2.c. Luc.6.f. Item

190 243 662 60 ceulx de Antioche Actes.13.a. Item

191 289 664 61 quand on uoulu pourueoir aux egli¬

199 331 657 66 ses de Antioche/ Piside/ Icone/ ⁊ Li¬

196 377 661 66 stre. Act.14.d. Item nostre Seigñr

203 426 653 65 Iesus Christ en S. Matth.4.a. ieu¬

195 474 663 61 na .xl. iours ⁊ .xl. nuictz sans mãger.

216 519 640 61 De ceste matiere aussi parlent tres¬

195 565 659 64 chrestiennement Origene sur le .16. c.

196 612 665 64 du Leuiticq̃. Home. 12. Et s. Hieros.a

197 658 663 62 Nepotiã au .1. Tom. Par lesquelles

205 705 653 62 sentẽces assez appert quel estoit iadis

197 753 662 59 le ieune des Peres ⁊ eglise primitiue.

199 798 661 63 Car il nestoit point par cõmandemẽtz

200 848 663 56 humains/ determination de iours/ ⁊

199 890 663 62 difference de uiandes: mais selon lexi

203 940 659 58 gẽce ⁊ besoing qui pouoit suruenir au

203 986 656 60 peuple. Parquoy ne noꝰ pouons assez

200 1032 664 57 esbahir cõment sommes si loing recu¬

203 1077 661 58 lez de tel sainct ieune/ en abusant tant

202 1122 660 60 miserablement. Qui est ung grand

206 1170 656 58 scandale en leglise/ ueu q̃ ce qui estoit

207 1217 655 60 premieremẽt en liberte aux Chrestiẽs

203 1263 660 66 a este depuis sur peine de peche mortel

716 1309 144 66 ⁊ dãna¬
