994 1439
230 38 672 73 fessiõ/ ie prie ur̃e illustre ⁊ trespuissã

228 100 674 67 te maieste qͥl ne luy griefue pour la

230 157 670 65 grãde cõgnoissance ⁊ iugemẽt des

227 212 677 66 choses q̃ Dieu uoꝰ a dõne de lexa¬

227 273 677 63 miner par les textes de lescripture

231 327 673 66 saincte/ qͥ est la reigle poͬ radresser ⁊

231 387 673 63 la toucher/ pour esprouuer toutes

233 440 670 66 choses q̃lcõques: affin (cõme dit S.

244 495 656 73 Iehã) q̃ on esprouue les espritz silz

237 554 668 68 sõt de Dieu. A quoy aussi S. Paul

234 612 672 67 noꝰ admõneste quãd il dit. Esprou¬

233 671 669 66 uez tout ⁊ retenez ce qͥ est bõ. Ie croy

232 729 674 63 q̃ alors on cõgnoistra a loeil q̃ ie ne

231 782 677 69 ueulx plꝰ riẽ dire/ p̃scher/ ou escrip¬

232 842 673 67 re qͥ ne soit expressemẽt de la ꝑolle

235 900 670 63 de Dieu/ ou necessairemẽt deduit ⁊

234 956 671 64 extraict dicelle sans aucunes glos¬

239 1013 669 65 ses cõbiẽ puissent elles estre magi¬

239 1072 667 62 strales ou anciẽnes: car (cõe dit mai

247 1124 658 71 stre Iehã Gerson) on doibt plꝰtost

239 1186 667 64 croyre a ung seul muny de la ꝑolle

239 1240 666 72 de Dieu/ q̃ a la sentẽce ⁊ opinion de

799 1305 104 55 tous

96 502 135 60 1.Ioã.4.

102 581 135 65 1.Thess.

102 629 67 64 5.d.

106 1123 134 73 Gerson.
