995 1453
136 64 662 57 ⁊ damnation estroictement (ie ne ose

131 109 664 56 dire cruellement) enioinct ⁊ cõman¬

129 154 669 59 de. Ce que toutesfoys nul prelat uoire

125 202 672 57 toute leglise ne pouoit faire. Car cõme

128 244 660 61 dit maistre Iehan Gerson/ leglise ne

130 295 662 56 peult obliger personne sur peine de pe

125 340 667 57 che mortel. Que ieune soit en liberte

118 383 670 61 auõs aussi Origene entre les docteͬs

121 432 666 57 anciens disant ainsi. Si tu ueulx ieu¬

121 479 666 58 ner selon Christ/ ⁊ humilier ton ame/

121 525 665 57 tout le temps de lan te est cõuenable/

118 572 667 54 mesme prẽs tous les iours de ta uie/

127 618 662 58 poͬ humilier ton ame ⁊c. Et ung peu

119 664 668 60 apres. Cest ueritablement la liberte

117 711 668 58 Chrestienne de ieuner en tout tẽps: nõ

119 758 661 58 point par superstition de obseruance:

114 805 589 53 mais par uertu de continence ⁊c.

168 845 614 59 Item S. Hierosme reprouuãt plu¬

121 896 659 57 sieurs aultres abus du ieune a Nepo¬

117 941 663 59 tiã au .1. Tome dit: Metz en toy telle

115 988 665 58 mode de ieuner/ q̃ tu le puisse porter.

120 1038 659 54 Que tu aye pures/ chastes/ simples/ ⁊

114 1084 664 54 moderees ieunes/ ⁊ non pas supersti¬

114 1127 665 58 tieuses. Que prouffite il de point mã¬

117 1176 659 55 ger dhuyle: ⁊ de cercher aucunes mole

120 1220 653 57 sties ⁊ difficultez de uiandes/ cõme fi

114 1269 659 64 gues/ poiure/ noix/ les fruictz des pal

529 1310 236 75 H 3 mes/

792 244 125 78 Gerson

792 383 109 77 Orige.

792 856 112 59 Hieros.
