975 1450
188 64 661 59 mes/ la fleur du froment/ du miel/ ⁊

188 105 667 61 telles manieres de uiandes? Tout le

189 151 660 64 labeur des iardins est trauaille: affin

190 200 667 61 que ne mangions point de uiande de

191 247 664 62 pain: ⁊ la ou nous ensuyuons noz de¬

190 294 667 59 lices/ nous sommes retirez du royau¬

197 339 655 60 me des cieulx. Ien oys dauãtage au¬

195 384 661 61 cuns cõtre la reigle a la nature des hõ

195 430 663 63 mes qui ne boiuent pas de eaue/ ⁊ ne

195 477 663 62 mãgent point de pain: mais mãgent

196 527 662 58 des chaudeaux delicatz/ ⁊ des porees

196 571 661 59 broyees ⁊ qui ne boyuent point le ius

195 617 665 59 des bettes en ung calice: mais une es¬

197 662 661 60 caille. Certainemẽt cest une honte que

198 709 663 61 nous nauons uergõgne de telles ma

199 755 663 61 nieres de follie/ ⁊ qͥl ne nous renuoye

200 801 662 63 de telle superstition. Dauãtage aussi

199 852 662 56 cerchõs nous en delites la renommee

201 894 660 61 dabstinence. La plus forte ieune cest

201 942 661 63 pain ⁊ eaue. Mais pour ce q̃lle na pas

201 990 661 58 de gloire: ⁊ que nous uiuons tous de

203 1037 657 60 pain ⁊ deaue/ comme chose publique ⁊

203 1083 658 55 cõmune/ on ne lestime pas estre ieune.

234 1126 628 65 Item Irenee Euesque de Lyon/ le¬

204 1174 658 60 quel nestoit point loing du temps des

202 1222 661 56 Apostres/ se cõplainct des erreurs qui

204 1267 658 68 ia pulluloyẽt de son tẽps touchant lob

742 1316 116 59 serua¬

73 1156 110 57 Irenee.
