987 1450
124 45 651 54 seruation des tẽps ⁊ iours du ieune/

117 91 663 56 cõme recite Eusebe en lhistoire ecclesia

127 137 649 56 stique/ au .5. liure chap̃.24. disant: Nõ

121 185 657 53 seulement la contention est menee du

119 231 658 56 iour de Pasques: mais aussi de la pro

120 277 659 53 pre espece des ieunes. Certes aucuns

118 322 663 55 estiment quil ne faille garder le ieune

119 369 661 54 q̃ ung iour/ les aultres deux/ les aul¬

116 414 665 55 tres plusieurs/ ⁊ aucuns quarãte/ tel¬

117 459 665 56 lement que en contant les heures du

119 505 662 53 iour ⁊ de la nuict ilz forment ung ioͬ:

119 551 664 57 laquelle difference de obseruation na

124 602 658 55 point maintenant ny en noz temps cõ

119 647 664 53 mence: mais long temps deuãt nous:

119 689 663 59 de ceulx (cõme il semble) qui non gar¬

120 737 663 55 dantz simplement ce qui estoit baille

119 786 664 54 des aultres/ lont tourne en aultre cou

123 832 659 54 stume/ ou ont par negligence ou par

121 879 662 52 ignorance apres erre. Et ia soit quilz

121 922 660 56 ayent este entre eulx differẽtz en ceste

122 969 661 55 obseruãce/ si sont ilz neãtmoins tous¬

121 1016 663 54 iours paisibles auec nous/ ⁊ la differẽ

124 1064 658 54 ce des ieunes na point rõpu la concor¬

124 1107 325 55 dance de la foy ⁊c.

171 1151 611 58 Lesquelles superstitions ⁊ loix de

122 1198 657 58 ieunes estimõs pieca estre descẽdues/

126 1247 658 61 ⁊ premieremẽt introduictes/ par ung

517 1292 265 73 H 4 nom
