972 1450
190 45 658 56 nomme Mõtanus pernicieux hereti¬

191 91 659 56 cque esmeu dung mauuais espritz/ cõ

191 136 664 56 me recite Eusebe en lhistoire ecclesia¬

193 183 664 57 stique au .5. liure .28. chap̃. Par lequel

195 231 663 54 sans doubte nous uoyõs maintenãt

190 274 669 58 leglise estre infectee. Auq̃l aussi a porte

196 323 661 57 grand faueur Gregoire pape .7. de ce

191 367 661 57 nom/ assez mal renomme en sa uie/

192 415 663 55 quand il institua le ieune du caresme

194 461 663 58 sur peine de peche mortel/ ⁊ quil defen

191 507 660 56 dit chairs/ beurre/ fromage/ oeufz/ en

192 553 661 56 ces iours la/ ainsi quil est dit. distĩ.4.c

196 602 658 53 statuimus. ⁊ distin.76.c. statuimus. ⁊

192 646 663 55 de obser. ieiuniorũ. c. conciliũ. Apres

191 692 664 57 lequel aussi les autres ont adiouste cõ

193 741 663 52 mandement sur commandement/ ieu

192 787 663 54 nes sur ieunes: tellement que la uraye

192 832 663 55 raison/ maniere/ ⁊ usaige du ieune est

192 879 663 57 au iourdhuy obscurcy/ ⁊ pres q̃ anean

193 928 661 50 ty. Dont a bonne cause/ ce que nostre

197 971 654 56 Seigneur dit par Esaie se adresse plꝰ

193 1020 662 54 cõtre nous abusantz du ieune que con

204 1060 650 62 tre les Iuifz. Ne uueillez ieuner (dit

192 1111 663 57 il) comme uous auez faict iusques a

191 1158 661 55 ce iour: tellement que uostre clameur

195 1202 657 57 soit ouye en hault. Est ce la/ le ieune

191 1250 660 63 tel que iay esleu/ que lhõme trauaille

760 1289 93 77 son

61 1058 136 73 Esa.58.b
