982 1449
106 45 658 58 son ame par ioͬ? Est ce ployer son ches

103 90 665 56 comme ung cercle/ ⁊ uestir ung sac: ⁊

102 134 666 61 espandre la cendre? Appellerez uous

102 181 664 58 cela ieune/ ⁊ iour acceptable au Sei¬

105 227 663 60 gneur? Nest ce pas plus tost icy le ieu¬

99 276 667 52 ne q̃ iay esleu? Que tu deslie les noux

99 322 667 57 dinfidelite/ que tu deslie les charges qͥ

101 367 667 61 poisent. Laisse en liberte ⁊c. Brise tõ

106 413 664 59 pain a celuy qui a faim ⁊c. Quand tu

103 458 667 60 uoys celuy qui est nud/ couure le: ⁊ ne

102 505 661 59 desprise point ta chair ⁊c. Uray est q̃

102 550 666 60 le ieune est utile ⁊ requis/ toutesfoys

107 598 662 58 se ne nous est il pas baille pour le con

104 646 664 55 tinuer: pourtant que le corps humain

105 691 668 58 ne pourroit porte telle affliction conti

104 736 665 60 nuelle: Mais sobriete ⁊ tẽperance noꝰ

106 784 663 59 est perpetuellement de Dieu cõman¬

107 831 663 57 dee. Dequoy Iesꝰ Christ parle en S.

107 873 661 64 Luc/ disant: Gardez uous que par a¬

107 926 663 54 uenture uoz coeurs ne soyent aggra¬

107 970 663 61 uez de gourmandise/ ⁊ de yurõgnerie/

111 1016 662 60 ⁊ des sollicitudes de ce siecle. Et en au

110 1064 661 55 tres lieux cõme Rom̃.13.d. 1.Pier.1.c.

113 1108 657 61 ⁊. 4.a. Tite.2.c. Si telle sobriete noꝰ

111 1155 663 58 est iustemẽt tant recõmandee es Escri

114 1201 660 61 ptures/ ⁊ cõtinuee de noz Peres (des¬

113 1248 661 67 quelz toutesfoys nous noꝰ glorifions

518 1285 253 86 H 5 estre.

773 870 132 77 Luc.21.g.
