954 1428
174 11 664 57 estre imitateurs tant curieux) cõment

175 60 664 54 nen tenõs nous aultre conte/ suyuãtz

175 108 663 54 banquetz/ gourmãdises ⁊ yurongne¬

176 152 666 55 ries? Certes/ cest bien loing de encore

181 197 656 56 souuẽt ieuner ⁊ affliger nostre corps/

181 245 661 56 ueu q̃ sommes si peu sobres ⁊ q̃ aultre

179 291 662 57 mẽt ne mortifiõs noz desirs charnelz.

201 333 556 62 ¶ De oraison. Chap̃.19.

227 381 613 57 ¶ Ie confesse que oraison est ung

181 429 663 57 parlement spirituel/ sainct/ ardent/ ⁊

184 476 658 56 plein daffectiõ que faict lhomme auec

181 522 659 56 Dieu/ par grande foy ⁊ certaine espe¬

180 568 663 57 rance destre exaulce. Laquelle se faict

183 614 658 57 plus de cueur que de bouche/ sans di¬

190 660 408 58 scerner temps ne lieux.

348 704 498 67 Esprit ayde nostre infirmi

346 763 499 61 te. Car nous ne scauons

345 817 498 66 point q̃lle chose nous deb¬

184 877 660 65 uons prier: cõe il appartient/ mais

186 936 658 68 Lesprit mesme prie poͬ nous par

186 990 656 68 gemissemẽtz inenarrables. Et ce¬

185 1043 657 70 luy qui regarde les coeurs/ scait q̃

186 1101 656 74 Lesprit desire: car il prie pour les

191 1163 374 70 sainctz selon Dieu.

244 1217 594 81 Iesus luy dit: Femme croy moy

203 738 143 155 L

765 1279 81 62 que

45 714 135 56 Rom̃.8.e

47 1211 143 113 Ioã.4.c.
