972 1452
96 59 657 66 que lheure est uenue quãd ne en ce¬

100 112 655 71 ste mõtaigne/ ne en Iierusalem na¬

101 174 359 62 dorerez le Pere ⁊c.

145 220 601 75 Lheure est uenue/ ⁊ est mainte¬

98 279 656 71 nant/ q̃ les urays adorateurs ado¬

98 340 639 68 reront le Pere en esprit ⁊ uerite.

101 394 657 71 Car le Pere quiert telz qui le ado

100 450 658 71 rent Dieu est Esprit/ ⁊ ceulx qui le

101 509 660 71 adorent fault que en esprit ⁊ uerite

101 571 219 62 le adorent.

153 618 599 77 Ie uueil donc que les hõmes fa¬

105 683 659 66 cent oraison en tout lieu/ leuantz

106 738 653 71 leurs mains pures/ sans ire et dis¬

113 799 163 64 sention.

153 843 608 80 Quãd uous prierez/ uous ne fe¬

112 908 658 70 rez point cõme les hypocrites/ qui

112 967 661 70 aymẽt faire debout leurs oraisons

113 1025 655 66 es synagogues/ et es coingz des

113 1079 659 68 rues: affin qͥlz soyent ueuz des hõ¬

115 1138 657 66 mes. En uerite ie uous dis qͥlz ont

116 1194 657 66 receu leur salaire. Mais toy quãd

115 1253 663 75 tu prieras entre en ta chambre/ et

645 1307 126 72 lhuys

755 206 133 79 Ibidem.

765 616 135 60 1.tim̃.2.c.

775 850 128 68 mat.6.a.
