975 1450
209 51 662 69 lhuys ferme prie tõ Pere en secret:

214 112 659 62 ⁊ ten Pere qui uoit en secret/ le te

209 167 662 64 rendra. Aussi quand uous prierez

209 223 665 65 ne parlez pas beaucoup: cõme font

209 279 662 64 les infideles: car ilz cuydent estre

207 339 664 63 exaulcez par beaucoup de parolles.

215 395 656 62 Ne soyez donc semblables a eulx:

207 451 662 63 car uostre Pere cõgnoist ce qui uoꝰ

207 508 663 63 est besoing/ deuant que uous le re¬

206 567 663 63 querez: Uous le prierez donc ainsi:

211 625 614 62 Nostre Pere qui es es cieulx ⁊c.

261 679 605 68 Ie prieray desprit/ ⁊ prieray den¬

203 736 665 67 tendement/ ie chanteray desprit/ ⁊

202 796 665 59 chanteray dentendement. En oul¬

200 850 668 65 tre si tu beneis de lesprit: celuy qui

199 907 668 66 tiendra le lieu du simple peuple/ cõ¬

201 965 661 63 mẽt dira il Amẽ sur ta benedictiõ?

203 1021 468 63 car il ne scait que tu dis.

261 1075 600 69 Toutes choses que uoꝰ deman¬

199 1137 667 66 dez en oraison: croyez que uous lau

201 1193 664 66 rez/ ⁊ elles uous seront faictes. Et

202 1251 659 72 quand uoꝰ serez pour faire oraison:

728 1312 127 63 pardõ¬

61 679 155 62 1.cor.14.c

55 1086 153 61 mar.11.d.
