977 1449
93 51 657 69 pardonnez se uoꝰ auez quelque cho

95 111 656 64 se cõtre aucun: affin q̃ ur̃e Pere ⁊c.

137 161 616 75 En uerite ie uous dis/ que se uoꝰ

91 225 660 67 auez foy/ et que uous ne doubtez/

91 282 666 64 uous ne ferez point tant seulemẽt

89 336 666 68 ce dung figuier: mais aussi se uous

91 392 663 69 dictes a ceste montaigne: Oste toy

88 450 668 68 ⁊ te iecte en la mer: il sera faict. Et

91 507 663 66 quelcõque chose que uous deman¬

89 565 664 70 derez en oraison ayant foy/ uous le

91 623 230 62 obtiendrez.

132 672 625 80 Et si aucun de uous a faulte de

95 734 659 69 sapience/ quil la demande a Dieu/

91 792 662 66 lequel donne a tous abondãment/

91 846 664 72 ⁊ ne le reproche point: ⁊ elle luy se¬

91 908 662 66 ra donnee/ mais quil la demãde en

106 966 490 66 foy ne doubtant en rien ⁊c.

135 1016 600 73 De rechef/ ie uous dis q̃ si deux

93 1077 660 65 dentre uous sont cõsentans sur la

93 1135 661 66 terre: de quelque chose quilz demã¬

95 1191 660 72 derõt/ il leur sera faict de mon Pere

96 1250 318 75 qui est es cieulx.

630 1308 123 64 Soys

759 156 135 86 mat.21.c.

760 665 150 55 Iaco.1.a

756 1018 137 51 mat.18.c.
