986 1442
106 44 661 68 toꝰ les docteͬs du mõde sãs escrip¬

104 99 667 74 ture saincte. Au surplus ie cõfesse q̃

107 160 661 66 le zele q̃ ie auoys ne estoit point se¬

105 217 666 66 lõ science/ mais Dieu a eu pitie de

105 275 664 67 moy en ouurãt mes yeulx/ ⁊ en me

104 330 665 65 dõnant intelligẽce de ses sainctes

103 389 666 65 escriptures. Ie rẽdz graces au pere

104 442 664 71 celeste par Iesꝰ Christ nr̃e seul me

105 502 664 65 diateur ⁊ sauueur de ce qͥl luy a pleu

105 558 662 65 de me rẽplir en mõ uieil eage de son

110 611 652 72 S. Esprit. Il plaira aussi a ur̃e sa¬

106 675 661 63 cree maieste de pardõner a mõ auda

105 729 659 69 ce ⁊ trop grãde presumptiõ ce q̃ iay

105 787 662 63 attẽte de luy desdier ceste petite con

113 842 654 70 fessiõ. Laq̃lle chose iay entreprins

109 898 657 72 suyuãt la respõce q̃ ung philosophe

115 958 651 68 fit au Roy Alexãdre lors qͥl luy de¬

109 1015 657 68 mãda a qͥ il delaisseroit son empire.

110 1070 658 71 A celuy (respõd le Philosophe) q̃ tu

109 1131 658 65 cõgnois tresbon. Et pour ce q̃ ie ne

117 1186 650 70 ꝯgnois nul en tout le monde qͥ ay¬

111 1244 658 75 me mieulx a soustenir la foy catho

491 1299 278 80 A 5 lique
