984 1446
85 44 668 62 parle: mais enuers Dieu ꝑlent les pẽ

82 92 664 64 sees/ ⁊ nõ point les parolles. Itẽ S.

78 138 664 64 Gregoire en ses moralles/ au .22: liu.

77 186 670 63 au .18. chap̃. La uraye req̃ste nest poĩt

76 233 669 63 es uoix de la bouche: mais est es pen¬

81 281 664 61 sees du coeur. Car aussi noz parolles

75 326 675 62 ne sont point les fortes uoix enuers

75 372 674 61 les tresfortes ouyes de Dieu: mais ce

80 416 658 64 sont les desirs ⁊c. Item S. Bernard

79 465 663 62 sur les cãticques .67. sermon dit. Elle

75 514 667 60 ne regarde poĩt par quel ordre/ ne par

73 559 670 60 quelle loy/ ne par q̃lle maniere/ ne par

73 605 669 60 q̃l petit nõbre de parolles elle se bout¬

73 653 670 59 te dehors: moyennãt/ que de ce elle ne

73 699 664 60 sente nul detriment de soymesme. Au¬

72 747 670 58 cunesfoys aussi ne reqͥert point les pa

71 792 671 62 rolles ne quelque uoix aussi: mais est

71 839 620 57 cõtente seulement des souspirs/ ⁊c.

82 883 644 62 Itẽ S. Chrysostome en la .32. Homel.

71 934 667 58 de la croix ⁊ du larron: A nous/ de ce

73 979 664 59 que la uenue de Christ a nettoye toute

69 1026 667 58 la terre/ tout lieu est conuenable pour

71 1074 667 56 oraison. Pourtant Paul en toute con

76 1119 662 57 fidence exhorte/ disant: Ie ueulx dõc

73 1166 666 58 que les hõmes prient en tout lieu. Uoi

72 1211 665 59 cy tout le mõde est nettoye: les elemẽtz

76 1259 658 68 sont purgez/ tellemẽt quil nous est li¬

584 1316 151 60 I cite

752 145 131 74 6.Gre.g.

750 440 115 66 8.Berñ.

739 895 130 69 Chryso.
