968 1434
206 38 671 69 cite de annõcer Dieu par tout: ⁊ toute

206 80 674 76 la terre est plus saincte q̃ nestoit le lieu

209 125 672 72 qui en ce tẽps la estoit appelle ⁊ publie

208 173 667 74 le Sãcta sãctorũ. Car illec estoit offer¬

211 218 667 75 te la beste irraisonnable/ ⁊ icy est offer

223 262 650 78 te la chose spirituelle. Itẽ ce mesme/

213 313 666 71 au liure de diuerses home. en la .12: de

213 357 664 76 la Chananee: Aucuns entrans en Le¬

215 405 665 77 glise estendent leur oraison en mille

216 451 664 75 uers: cõme sil estoit necessaire enuers

215 498 667 74 le Seigñr de multiplication de parol¬

215 546 667 73 les cõe a celuy qui ignore ce q̃ tu demã

216 593 669 69 de: la ou il le cõgnoist deuãt que tu le

222 640 663 73 pense/ car aussi urayement ne scauent

218 689 666 71 ilz quilz diẽt. Les leures seulemẽt se re

219 732 667 74 muẽt: mais lentẽdemẽt est sans fruict

222 783 660 70 ⁊ ses aureilles sõt sourdes. Tu ne oys

223 824 661 73 point ton oraison: ⁊ si ueulx q̃ le Sei¬

219 874 660 73 gneur oye ta req̃ste: Iay ploye (diras

223 920 661 70 tu) les genoulx. Tu as urayement

231 965 657 73 ploye les genoulx dedans le temple:

226 1015 663 66 mais ta pensee est uague par dehors.

230 1061 656 68 Ton corps est dedans: mais ton sens

226 1105 663 70 est dehors. La bouche parloit: mais la

232 1154 654 68 pensee pensoit aux usures/ elle nom¬

227 1200 662 67 broit le reuenu des possessions/ elle re¬

232 1246 655 74 gardoit la descriptiõ des maisons ⁊c.

822 1292 65 55 Et

76 278 137 82 Chryso.
