970 1437
79 47 666 56 Et tãtost apres: Aye pitie de moy. Ie

76 94 664 56 nay pas (dist elle) la cõscience de bõ¬

77 142 674 52 nes oeuures/ ne la cõfidence de droicte

79 187 671 54 uie. Ie prẽs mõ refuge a ta misericor¬

78 235 671 51 de: au uray port des pecheurs. Elle ne

79 281 669 55 prie point Iacq̃s/ elle ne faict point sa

75 327 671 58 req̃ste a Iehã/ ⁊ ne ua point a Pierre/

77 372 671 57 elle ne enflamme point la cõgregatiõ

79 420 670 55 des Apostres/ elle na point demande

79 465 668 57 de mediateur. Mais au lieu de toutes

81 510 669 60 ces choses a prins penitẽce pour sa cõ¬

83 556 665 65 paigne/ laq̃lle a rẽply le lieu de laduo¬

82 604 666 59 cat: ⁊ ainsi sẽ est allee a la souueraine

88 649 656 63 fontaine. Pour ce (dist elle) est il de¬

87 696 662 63 scendu/ pource a il prins sa chair/ ⁊ est

88 743 660 64 faict hõme: affin aussi que iaye la har¬

82 791 659 54 diesse de parler a luy. Itẽ S. Hieros.

88 837 656 64 sur Lepistre aux Ephesiens: Il fault

87 884 663 58 chanter a Dieu de coeur ⁊ non pas de

85 928 664 65 uoix: ⁊ ne fault pas adoulcir la gor¬

85 976 669 63 ge/ ne oindre les machoires de doulce

85 1024 668 59 oincture/ en maniere de ceulx qͥ iouent

86 1068 666 62 les tragedies: affin q̃ en leglise soyent

87 1116 664 60 ouys les chantz publicques ⁊ les chã¬

91 1161 665 62 sons: mais les fault chãter en crainte

91 1207 665 63 ⁊ en oeuure: ⁊ en la sciẽce des Escriptu

89 1251 667 76 res. Par les dessusð textes de Lescri

495 1298 255 76 I 2 pture

743 780 145 64 6. Hiero.

752 828 125 78 Ephe.5.
