970 1437
211 41 674 67 ceulx qͥ sont purs: mais aux souil¬

211 98 674 66 lez ⁊ aux ĩfideles riẽ nest pur: mais

213 157 673 64 leur entendement ⁊ cõscience sont

215 212 171 69 souillez.

271 267 612 69 Nul ne uous iuge en uiande ou

218 333 324 61 en breuuage ⁊c.

270 378 612 72 Lieue toy Pierre: occis ⁊ mãge.

221 444 669 65 Et ie dis: Sire/ ce naduiẽne. Car

219 502 671 64 iamais chose cõmune ou impure ne

217 557 667 65 entra en ma bouche. Et la uoix se¬

219 615 670 70 condemẽt respõdit du ciel: Les cho¬

224 673 664 68 ses que Dieu a purifie: ne les dis

223 732 374 63 point cõmunes ⁊c.

266 787 623 66 Certes Lesprit dit ⁊c. deffẽdãtz

230 847 660 63 soy marier/ cõmandantz de soy ab¬

225 904 664 64 stenir des uiãdes lesquelles Dieu

225 965 664 60 a cree pour en user auec action de

225 1021 665 63 graces aux fideles ⁊ a ceulx qͥ ont

225 1079 664 60 congneu la uerite: Car toute crea

225 1134 665 65 ture de Dieu est bõne: ⁊ nulle nest

225 1192 666 61 a reiecter de laquelle on use auec a¬

225 1248 665 71 ction de graces. Car elle est sancti¬

818 1306 66 73 fiee

79 274 155 63 colos.2.c.

83 392 148 64 Act.11.b.

86 808 139 56 ◊.tim̃.4a
