986 1448
101 32 658 76 fiee par la parolle de Dieu/ ⁊ par o¬

94 96 151 63 raison.

97 136 657 71 ¶ De ceste matiere Theophilacte au

94 190 639 63 liure des expositiõ sur les Hebrieux/

94 234 665 67 dit: Icelles choses ueritablemẽt sont

95 283 668 64 ces doctrines estranges. Et reprent

94 328 669 65 ceulx qui auoyent amenez labstinence

99 372 663 69 Iudaicque des uiandes ⁊ telle obser¬

94 420 670 64 uation. Car (dit il) uous debuez estre

103 466 663 68 fortifiez de grace: cest adire de foy: et

97 513 668 65 debuez estre trescertains/ q̃ riẽ nest au¬

98 559 668 69 cunement souille: ⁊ que toutes choses

103 606 664 68 sont pures a celuy qui croyt. Et ainsi

99 653 668 66 ceste foy est necessaire ⁊ nõ pas lobser¬

99 699 668 66 uation des uiandes. Car ceulx qui se

101 745 660 67 gardent des uiãdes: cest adire ceulx qͥ

100 791 670 65 ont leur affectiõ tousiours en telle ma

100 836 667 67 niere de obseruer les uiandes: cest une

102 884 665 70 chose tresmanifeste que telz ne ont riẽ

106 932 658 71 proffite/ non plus que ceulx qͥ se sepa¬

103 978 660 66 rent hors des termes de la uraye foy/

107 1024 662 66 ⁊ seruẽt totallement a loy inutile. Car

104 1071 667 66 q̃l proffit auoyent ilz de telles obserua

104 1118 664 64 tions? Quãd urayement estoyent si

107 1166 662 67 pleins de malice qͥlz ne pouoyent estre

108 1210 660 69 ꝑticipãs des sacrifices. Itẽ S. Aug.

104 1257 664 75 au liure des propositions sur Lepistre

527 1303 233 78 I 4 aux

764 123 108 51 Theo¬

770 169 129 49 philacte

764 211 134 64 Hebr.13.b
