971 1443
207 38 669 59 aux Rom̃. en la 78. ꝓrosition. Itẽ en

210 85 667 56 Lepistre .59. a Paulin. Et a cause q̃

211 132 673 57 S. Paul a Tim̃. a cõioinct la matiere

211 179 671 60 de ceulx qͥ defendent les mariages ⁊

210 227 671 57 les uiãdes/ le lecteur pourra auoir re¬

210 273 672 57 cours a plusieͬs choses qͥ ont este dit¬

209 321 673 58 tes par incidẽt des uiandes/ au chap̃.

210 367 668 57 de mariage. En quoy considerant on

212 414 665 57 pourra entẽdre ⁊ iuger/ q̃ les canons:

207 458 673 59 de cõsecra. dist.4.c. statuimus. ⁊ dist.

212 501 663 66 76.c. statuimꝰ. ⁊. dist.3.c. sacerdotibꝰ.

205 553 676 56 c. rogationes. c. sabbato. c. ieiunia. ⁊ de

203 598 680 55 obserua, ieiunioꝝ. cõsiliũ/ sont (cõe dit

206 642 676 58 S. Paul) doctrine des diables: ⁊ (cõe

202 691 679 59 mesme disent les Canonistes) erreur

204 736 675 61 des Marchionistes ⁊ des Manichees.

219 784 661 56 Poͬce tout fidele peult user de toutes

206 832 673 56 uiandes en tout tẽps auec actions de

206 879 671 53 graces. Mais ilz doibuẽt prẽdre gar¬

205 925 673 56 de de nõ abuser de ceste liberte en occa¬

210 970 668 59 sion de chair ⁊ scãdale de son frere/ cõe

210 1020 670 56 font auiourdhuy plusieurs gentz indi

209 1065 666 55 scretz/ mal mortifiez ⁊ nõ entendãs q̃

217 1107 658 63 cest liberte chrestiẽne. Car S. Paul dit

208 1155 666 59 Se tõ frere est cõtriste pour la uiãde:

205 1205 671 56 tu ne chemine plus selon charite. Ne

217 1248 656 68 fays point perir pour ta uiande celuy

796 1301 73 49 pour

63 1099 139 69 Ro.14.c.
