990 1441
229 48 665 68 lique q̃ ur̃e royalle ⁊ treschrestiẽne

231 105 666 67 maieste/ ie me suis enhardy ⁊ auan

232 160 667 67 ce de luy p̃senter ceste miẽne dernie

230 214 670 73 re cõfession/ laq̃lle iay faicte en nr̃e

231 274 670 71 uulgaire frãcoys: affin q̃ ceulx qui

232 328 669 70 nẽtendẽt point le latin puissent cõ¬

235 389 667 65 gnoistre ma derniere sentence sur

232 445 668 68 les articles ꝯtenus en icelle: ⁊ affin

233 500 668 70 aussi de oster la mauuaise suspiciõ

233 557 670 70 q̃ plusieurs auoyẽt de ma doctrine.

255 614 646 69 Il plaira dõc a ur̃e benigne clemẽce

233 674 667 66 de lauoir agreable/ ⁊ receuoir en tel¬

235 730 666 65 le dexterite que Alexãdre receut le

236 789 665 65 uaisseau deaue de la main du paou

236 845 662 66 ure mecaniq̃ nõ regardãt au p̃sent/

237 903 662 64 mais au coeur/ bon courage/ ⁊ ala¬

238 956 531 67 crite duq̃l il luy estoit offert.

285 1012 612 74 Treschrestiẽ Roy/ ie prie au Roy

237 1071 664 68 des Roys qͥl luy plaise tenir ⁊ maĩ¬

238 1131 663 65 tenir ur̃e sacree maieste en sa saĩcte

244 1189 655 67 grace/ affin q̃ uoꝰ regnez au ioͬ du

246 1246 591 68 regne auec ses esleuz. Amẽ.

784 1299 112 69 ¶ De
