977 1445
197 38 661 75 Ie ueulx misericorde ⁊ non sacrifi¬

191 97 673 68 ce/ iamais uoꝰ ne eussiez condẽne

192 151 675 74 les innocẽs. Car le filz de lhõe est

203 211 664 78 Seigneur aussi du sabbat ⁊c. Il est

192 271 675 70 dõc licite de biẽ faire aux sabbathz.

244 322 623 76 Le sabbath est faict pour lhõme:

199 381 672 77 ⁊ nõ point lhõme poͬ le sabbath. Et

200 441 667 75 pour ce dõc le filz de lhõme est Sei

206 500 465 73 gneur aussi du sabbath.

213 551 654 70 ¶ De ceste matiere S. Aug. en la .119.

200 602 666 65 epistre a Ianuaire escript: Entre toꝰ

200 650 668 63 ces dix cõmandemẽtz/ seulemẽt est cõ

202 696 664 63 mande de estre obserue par figure/ ce qͥ

203 740 665 67 est mis du sabbath: laq̃lle figure aussi

201 789 664 63 lauõs receu poͬ lentẽdre/ non pas poͬ

201 837 667 64 le celebrer ꝑ oysiuete. Itẽ ce mesme au

201 886 668 58 liu. de la lettre ⁊ de lesprit au .14. cha.

202 932 667 58 Certes quicõques garde ceste iournee

203 975 660 62 du Sabbath cõe la lettre sonne/ iusq̃s

203 1021 665 64 a maintenãt: il entẽd charnellement.

212 1069 655 63 Itẽ ce mesme au liure cõtre les Iuifz:

205 1117 658 63 qͥ gardoyẽt le sabbath en oysiuete/ dit:

209 1162 657 60 Quãd noꝰ trouuõs repos en Christ:

204 1207 665 62 adõc urayemẽt sabbatizõs nous. Itẽ

206 1255 663 67 ce mesme au liure de la uraye innocen

732 1301 131 62 ce De¬

56 337 152 65 mar.2.d.

61 556 145 74 6.Augu.
