967 1442
124 51 661 59 ce: Depuis (dit il) q̃ Iesus Christ est

124 94 662 63 uenu/ le ioͬ du sabbath (qͥ estoit en fi¬

123 144 662 59 gure) est oste: ⁊ signifioit ung sab¬

120 191 665 58 bath ⁊ repos perpetuel q̃ auõs en espe

121 237 666 57 rãce. Item ce mesme cõtre .2. epistres

121 282 665 59 des pelagiẽs a Boniface au .3. liu. au

122 330 664 57 4. chap̃. dit: q̃ noꝰ debuõs garder tous

118 376 671 56 les dix cõmandemẽtz par oeuure exce

124 419 663 60 pte la charnelle obseruatiõ du sabbath

119 467 668 61 leq̃l signifie la spirituelle sanctificatiõ

124 514 663 59 ⁊ repos spirituel/ q̃ noꝰ debuõs auoir

121 557 664 61 en Dieu. Et S. Ambr. a Irenee en le¬

129 608 652 62 pist.72. La sygnagogue garde le ioͬ/

124 656 666 56 mais leglise garde limmortalite. Par

125 704 662 57 quoy dõc en la loy nest q̃ une portion:

123 749 666 58 mais en Leuãgile y a perfectiõ ⁊c. Ces

125 795 662 58 choses susð bien entẽdues ⁊ digerees/

124 841 663 59 il ne fault point grand esprit poͬ con¬

126 891 663 59 gnoistre la grande subiection en quoy

127 936 664 57 on a mis le paoure peuple chrestiẽ par

125 982 667 55 la multitude des festes/ lesq̃lles on a

126 1030 666 57 estroictemẽt ⁊ sur peine de peche mor¬

127 1075 663 56 tel cõmãdees: cõe il appert au .c. Oẽs

128 1121 663 58 dies dñicos: ⁊ au chap̃. Cõquestus. de

134 1168 657 57 ferus. ⁊ au .c. ꝓnunciãdum. de cõsecra.

129 1215 663 56 dist.3. Lesq̃lles cõstitutiõs cõtrouuees

130 1259 662 74 cõtre le cõmãdemẽt de Dieu (qͥ ueult

720 1314 66 56 que

790 545 133 81 6.Ambr.
