979 1442
205 32 659 77 q̃ lhõe trauaille six ioͬs de la sepmai¬

202 94 662 61 ne) sont cause de plusieurs maulx ⁊

197 143 669 59 pechez q̃ on faict plus ces iours la que

190 190 676 54 les autres/ cõe sõt oysiuete/ idolatries

189 233 672 58 blasphemes/ homicides/ paillardises/

192 281 673 57 yurõgneries/ dãses/ ieux dissolus/ de¬

190 329 674 57 tractiõs/ põpes/ ⁊ plusieͬs aultres pe

191 375 672 55 chez innumerables/ dõt le paoure mõ

192 421 674 57 de est infecte. Toutesfoys ie ne ueulx

195 467 669 58 pas dire quõ ne puisse licitemẽt de son

192 515 674 53 labeur cõtinuel a tẽps cesser (nõ poĩt

193 561 673 56 par maniere de obligatiõ: mais par li¬

194 608 674 57 berte) affin de mieulx uacq̃r ⁊ enten¬

195 656 672 53 dre ce iour la a la parolle de Dieu/ ⁊ a

194 700 670 57 oraison. Et aussi poͬ dõner repos par

194 746 672 56 charite a sa famille: sãs les opprimer

199 793 665 57 ꝑ cõtinuelz labeͬs/ sachãs (cõe dit S.

210 837 655 63 Paul) q̃ le Seigͬ des seruiteurs ⁊ des

196 888 668 57 maistres est es cieulx/ ⁊ q̃ enuers luy il

197 935 645 55 ny a point de acception de ꝑsonnes.

201 981 645 54 ¶ De excõmunicatiõ. Chap̃.22.

252 1026 609 60 ¶ Ie cõfesse/ que excõmunication

197 1074 669 56 est separation ⁊ reiection de la saincte

197 1120 665 56 assemblee de nostre Seigneur Iesus

197 1165 663 60 Christ: laquelle ne se doibt faire/ sinon

200 1214 658 58 par leglise contre les pecheurs publi¬

200 1264 299 61 cques ⁊ obstinez.

729 1302 118 71 Se ton

52 49 146 53 exo.21.a.

54 90 140 62 Deut.a

57 837 143 75 ephe.6,b.
