989 1430
132 57 132 147 S

281 20 498 76 E ton frere a peche contre

284 90 496 60 toy: ua/ ⁊ le reprens entre

285 143 498 66 toy ⁊ luy seul. Sil te oyt:

117 202 664 66 tu auras gaigne ton frere. Mais

120 259 665 66 sil ne te oyt/ prens auec toy encores

117 313 670 69 ung ou deux: affin que en la bouche

117 369 668 68 de deux ou troys tesmoĩgs soit fer

120 429 666 66 me toute parolle. Mais sil ne oyt

120 483 669 69 poĩt iceulx/ dis le a Leglise. Et sil

123 541 663 70 ne oyt point Leglise: il te soit com¬

124 602 504 69 me infidele ⁊ publicain ⁊c.

164 656 616 70 Moy certes absẽt de corps: mais

124 711 663 74 presẽt desprit/ ay desia deslibere cõ¬

124 770 665 72 me present apres q̃ serez assemblez

124 829 665 67 auec mon Esprit au nom de nostre

127 885 667 71 Seigneur Iesus Christ/ auec la

127 942 666 71 puissance de nostre Seigñr Iesus:

127 997 664 73 de bailler cest hõme (qui a ainsi cõ¬

130 1056 665 70 mis cest oeuure) a satã en tourmẽt

131 1112 662 72 de la chair: affin que son Esprit soit

136 1174 655 67 sauue au iour de nostre Seigneur

134 1225 654 92 Iesus Christ. Itẽ ung peu apres.

657 1290 130 64 Se ce¬

783 17 139 61 mat.18.b.

787 77 136 58 Luc.17.a

791 656 134 43 1.cor5.b.

791 694 138 84 3.cor.2.b.
