971 1443
195 36 659 65 Se celuy qui est nomme frere entre

190 93 666 63 uoꝰ est fornicateur/ ou auaricieux/

193 152 667 63 ou seruant aux ydoles/ ou mal di¬

196 210 662 63 sant/ ou yurogne/ ou rauisseur: ne

192 266 664 65 mãgez poĩt auec celuy qui est tel ⁊c.

252 322 425 65 Lisez tout le chapitre.

242 379 609 65 Si aucun ne obeit a nostre pa¬

194 437 662 64 rolle par ceste Epistre: notez le/ ⁊ ne

195 496 663 65 cõuersez point auec luy/ affin quil

195 553 662 63 ayt honte/ ⁊ ne le reputez point cõ¬

194 613 660 62 me ennemy: mais corrigez le com¬

194 670 183 60 me frere.

251 719 600 74 Euite lhomme hereticque ap̃s

195 783 661 63 la premiere ⁊ seconde correction: sa

194 838 660 65 chãt que celuy qui est tel est subuer¬

193 897 663 65 ty/ ⁊ quil peche/ comme ainsi soit qͥl

194 953 638 65 est cõdẽne par son propre iugemẽt.

258 1006 591 75 ¶ Lesq̃lz iay baille a satã/ affin

194 1068 630 67 qͥlz aprẽnent de non blasphemer.

198 1124 652 60 ¶ Uoyez pour ceste matiere S. Chry¬

200 1176 653 50 sostome au sermõ de anathema: ⁊ S.

198 1217 657 56 Hierosme sur S. Matth. au .16. chap̃.

202 1265 651 63 sur ce passage. Et te dõneray les clefz.

732 1311 116 68 Lesq̃lz

59 369 125 62 2.tes.3.c.

60 714 139 76 Tit.3.c.

56 1010 146 57 ◊.tim̃.1.d
