976 1444
111 38 664 66 Lesquelz reprennẽt durement les E¬

109 85 663 65 uesques ⁊ prebstres de leurs temps: qͥ

112 135 666 61 se attribuoyent particulieremẽt ce qui

106 178 670 65 appartiẽt a toute Leglise en abusant

107 226 670 62 de lexcommunication: Ce que faire au

107 271 668 64 iourdhuy/ a meilleure cause on pour¬

106 321 670 60 roit: attendu que temerairemẽt ⁊ sans

105 365 669 60 lauctorite de la parolle de Dieu iet¬

107 413 665 61 tent a tort ⁊ a trauers leurs censures/

107 458 669 63 excommunimẽtz ⁊ fulminations: a¬

106 506 665 57 lencontre des simples ⁊ innocens/ poͬ

108 549 666 63 choses uiles ⁊ de nulle ualeur: qui est

109 596 663 65 grand uergõgne a ceulx qui en doib¬

108 646 667 57 uent auoir la congnoissance de tant ⁊

114 693 658 59 si longuement supporter telz erreurs

109 737 663 65 intolerables/ au grand detrimẽt ⁊ dõ¬

110 788 404 58 mage de la chrestiente.

159 827 617 67 Parquoy ie prie ⁊ admõneste tous

112 875 663 66 Princes ⁊ Prelatz/ de considerer loffi

111 921 661 64 ce auquel Dieu les a cõstituez (qui est

110 969 666 64 reformer les abuz: non seulement de

110 1016 663 62 ceste matiere de excommunication:

111 1062 665 62 mais aussi tous aultres que auõs ou

112 1110 665 58 deburions auoir traictez/ ⁊ cy notez) a

110 1152 666 64 lhõneur de Dieu ⁊ a ledificatiõ de Le

113 1200 663 63 glise qui est gouuernee par la parolle

113 1247 663 75 de dieu: selon laquelle iay diligẽment

707 1297 69 61 (ou
