982 1443
150 25 527 84 ¶ De Dieu. Chap̃. .i.

100 301 175 204 E

153 120 605 65 ¶ Ie cõfesse quil nest que ung seul

105 170 655 64 Dieu/ qͥ est esprit/ oeuurant ⁊ faisant

100 222 403 59 toutes choses en tous.

298 263 462 79 Scoute: Israel le Seigͬ

298 327 460 70 nr̃e Dieu est ung Dieu.

333 381 417 72 Nauõs noꝰ point dõc

303 441 454 68 toꝰ ung Pere/ ung seul

93 501 661 67 Dieu/ ne nous a il pas tous cree?

94 554 668 70 Pourquoy dõc desprise ung chascũ

97 613 661 68 de noꝰ son frere/ en uiolant lalian¬

96 677 332 61 ce de noz Peres?

134 725 620 73 Ung est le souuerain createur de

95 788 662 63 toutes choses tout puissant/ ⁊ Roy

98 841 662 68 puissãt/ ⁊ fort a craindre: seãt sur le

96 899 667 64 trosne dicelle/ ⁊ le Dieu dominãt.

146 954 604 70 Il est ung Dieu/ ⁊ est ung media

98 1016 573 62 teur de Dieu/ ⁊ des hõmes ⁊c.

146 1069 590 69 Il est ung Seigñr/ une foy/ ung

100 1127 655 66 baptesme/ ung Dieu ⁊ Pere de toꝰ

101 1188 660 66 qui est sur tous ⁊ par toutes choses

110 1248 290 81 ⁊ en nous tous.

628 1294 126 78 Dieu

756 265 140 57 deut.6.a.

764 383 128 60 Mala¬

761 429 105 54 chi.2.c.

758 719 134 68 Eccl.1.b.

753 958 139 62 1.tim̃.2.b

761 1088 131 78 Eph.4.a
