1017 1444
101 40 683 69 le iuste/ ⁊ celuy est la reconciliation

105 100 675 66 pour noz pechez/ ⁊ nõ seulemẽt poͬ

105 154 675 75 les nostres: mais aussi pour ceulx

106 211 365 64 de tout le monde.

157 267 614 67 Parquoy aussi il peult sauuer a

112 326 665 67 perpetuite ceulx qui se approchent

105 383 669 68 de Dieu par luy uiuãt a tousiours

113 442 524 61 pour interceder pour nous.

149 495 618 72 En ce est la charite/ nõ point poͬ¬

110 556 663 64 tant que nous ayons ayme Dieu:

110 608 663 68 mais pource q̃ luy p̃mier noꝰ a ay¬

110 670 658 72 me ⁊ a enuoye son Filz/ recõcilia¬

112 727 408 67 tion pour noz pechez.

160 785 603 65 Par leq̃l noꝰ auõs fiãce ⁊ acces

113 838 579 66 en cõfidence par la foy diceluy.

151 890 612 76 Allõs dõc auec fiãce au throsne

118 953 650 73 de sa grace: affin q̃ nous obtenions

116 1013 648 66 misericorde ⁊ trouuiõs grace en ay

118 1066 288 63 de conuenable.

157 1116 596 74 Par leq̃l nous auons acces par

125 1182 637 70 foy en ceste grace en laquelle nous

120 1242 557 76 nous tenõs fermes ⁊ nous ⁊c.

637 1299 125 68 Dieu

777 280 137 72 Heb.7.d.

771 507 140 57 1.Io.4.c.

767 780 139 71 ephe.4.b.

767 909 136 65 Heb.4.d.

763 1126 117 65 Ro.56.
