970 1439
259 27 619 80 Dieu est q̃ iustifie/ q̃ sera celuy qͥ

216 91 670 74 cõdẽnera? Iesꝰ christ est qͥ est mort/

217 147 669 76 uoire ⁊ qͥ est resuscite ⁊ qͥ est a la dex

220 207 644 73 tre de Dieu qͥ aussi prie poͬ nous.

273 260 616 75 Car aussi ny a poĩt aultre nom

227 318 665 76 soubz le ciel dõne aux hõmes auq̃l

226 381 495 74 il nous faille estre sauuez

276 451 616 68 ¶ Uoyez autres passages, cest assa

227 502 664 66 uoir Iehã.10.a. Matthieu.11,d. Heb.

244 552 647 62 7.d.8.b.9.d. Et S. Augustin au pre

229 597 664 64 mier ⁊ au secõd traicte sur la premiere

230 642 660 63 de S. Iehan au second chap̃. a. Et S.

230 689 660 64 Chrisostome en lhomelie du prouffit

229 737 662 61 de Leuãgile au .6. tome. Ces docteurs

232 781 660 64 p̃alleguez suyuãtz la parolle de Dieu

230 830 661 62 disẽt q̃ nul nest nr̃e aduocat ⁊ media¬

229 876 663 60 teur ẽuers le Pere q̃ Christ. Il nest dõc

230 924 662 61 besoing de auoir aultres patrons en¬

231 970 659 60 uers Dieu/ ne de beaucop courir dũg

231 1014 663 64 couste ⁊ daultre poͬ doulcemẽt parler

231 1061 661 65 a luy, mais q̃ cõbiẽ q̃ tu soys seul ⁊ sãs

234 1113 657 57 patrons quand toy mesme au nom de

232 1157 659 59 Christ prie/ certes tu es exaulce pour

237 1202 654 60 sa reuerẽce. Car cõme dit S. Hierosme

240 1245 652 72 sur Lepistre aux Gala. au .6. chap̃. au

746 1299 145 67 9. tome.

96 43 128 67 Ro.8.g.

85 267 153 99 Act.4.b.
