983 1446
42 44 718 57 9. tome: tandis q̃ nous sõmes en ce pre

33 93 728 54 sent siecle noꝰ pouõs ayder lung a lau

28 141 729 53 tre, ou ꝑ oraisons ou par cõseil. Mais

36 183 722 58 quãd noꝰ serõs uenuz deuãt le thros¬

36 229 721 60 ne de Christ, il ny aura ne Iob, ne Da

42 275 713 60 niel, ne Noe/ qͥ puissent prier poͬ aucũ:

48 324 704 55 mais fauldra ung chascun porter son

56 370 699 54 fardeau. Et quãd ad ce q̃ aucũs alle¬

59 415 695 58 guẽt au Psalme.67. q̃ les sainctz sont

61 462 690 57 les mõtaignes esq̃lles noꝰ debuõs a¬

67 507 686 55 uoir recours. S. Augustin en la 2. quĩ

71 551 682 64 quagesime, au Psal.67. Et S. Hie¬

77 603 673 56 rosme au .4. tome en lhomel. de Aug.

80 649 671 57 des pasteurs. Iay esleue mes yeulx

82 692 667 59 aux mõtaignes dõt me uiẽdra ayde,

88 739 664 58 ilz demõstrent que nr̃e ayde nest point

93 787 658 54 des mõtaignes ce que aucuns ont en¬

95 832 654 58 tendu des sainctz: mais du Seigñr qͥ

98 880 655 52 a faict le ciel ⁊ la terre, cõme le texte le

102 927 648 55 mõstre ⁊ amplement le deduysent les

107 973 641 55 susdictz docteurs: ⁊ pourtant ie croy q̃

106 1016 644 58 ainsi q̃ noꝰ ne auõs q̃ ung seul Dieu

108 1065 637 55 aussi nauõs noꝰ que ung seul media¬

109 1106 633 65 teur ⁊ aduocat Iesꝰ christ. 1.Tim̃.2b.

120 1157 625 56 Itẽ de ce q̃ aucũs font similitude dũg

115 1204 631 54 maistre des requestes en la court des

114 1252 632 61 Roix/ ladicte similitude est si impro¬

600 1296 145 69 B pre

757 506 137 59 S. Aug.

757 557 137 69 ◊.Hiero.

752 1120 134 57 1.tim̃.2.b
