968 1441
218 627 137 154 L

199 22 668 59 pre quelle na q̃ faire de respõce. Car en

200 68 669 58 tre Dieu ⁊ les hõmes il ny a point de

207 111 663 63 cõparaison. Dont Roffense docteur ⁊

202 160 669 60 Euesque en Angleterre reiecte cela cõ¬

199 210 544 58 me mocquerie ⁊ raison friuole.

254 264 569 72 ¶ Du S. Esprit. Chap̃.3.

232 356 640 70 ¶ Ie cõfesse que le S. Esprit est nr̃e

204 409 666 63 consolateur/ par inspiratiõ duq̃l noꝰ

208 457 666 61 faisons prieres: ⁊ auõs cõgnoissance

206 498 670 63 de toute uerite, leq̃l aussi (sans noꝰ)

209 550 611 61 faict toutes bõnes choses en nous.

362 595 513 66 E S. Esprit le cõsolateur

364 657 507 62 leq̃l le Pere enuoyera en

367 710 502 66 mon nom: iceluy uous en¬

208 766 662 70 seignera toutes choses/ ⁊ uoꝰ reduy

206 825 664 65 ra en memoire toutes les choses/

207 880 544 67 lesquelles ie uous ay dictes.

256 938 615 65 Et ie prieray mõ Pere/ ⁊ il uous

204 997 667 62 dõnera lautre ꝯsolateur poͬ demou

204 1053 669 63 rer auec uous eternellemẽt/ qui est

207 1104 666 70 Lesprit de uerite/ lequel le mõde ne

206 1165 668 64 peult receuoir: car il ne le uoit point

211 1220 660 89 ⁊ si ne le cõgnoist point: mais uous

724 1280 141 58 le con¬

66 103 130 84 Roffẽse.

72 618 125 71 Ioã.14,d

69 961 142 76 Ioã.14b
