992 1472
73 46 667 68 le congnoistrez. Car il demourera

70 105 486 63 auec uous ⁊ sera en uous.

120 159 612 67 Nous ne scauons point quelle

66 217 667 68 chose nous debuons prier cõme il

65 275 670 67 appartiẽt: mais lesprit mesme prie

66 334 670 64 pour nous par gemissemẽs inenar

65 390 668 63 rables. Et celuy qͥ regarde les coeͬs

67 444 667 71 scait que Lesprit desire: car il prie

71 502 520 66 poͬ les sainctz selon Dieu.

108 555 613 69 Se ie ne mẽ uoys le cõsolateͬ ne

65 614 662 69 uiendra pas a uoꝰ: ⁊ si ie men uoys

63 674 664 67 ie le uoꝰ enuoyeray/ ⁊ quand iceluy

67 730 661 67 sera uenu il resprendra le monde de

66 788 660 64 peche ⁊ de iustice/ ⁊ de iugemẽt. De

65 845 658 66 peche certes: pource qͥl ne ont poĩt

64 905 664 66 creu en moy/ ⁊ de iustice: car ie men

63 960 664 67 uoys a mõ pere ⁊ plus ne me uerrez.

64 1017 664 62 Et de iugemẽt: car le prĩce de ce mõ

65 1072 660 67 de est desia iuge. Ie uoꝰ ay encore a

63 1127 664 67 dire plusieurs choses: mais uoꝰ ne

64 1187 662 65 le pouez porter maintenãt. Mais

64 1243 663 71 quãd celuy esprit de uerite sera uenu

440 1299 281 77 B 2 il uoꝰ

740 184 114 62 Ro.8.e.

737 574 146 85 Ioã.16.b
