<?xml version="1.0" encoding="UTF-8"?>
<alto xmlns:xsi="http://www.w3.org/2001/XMLSchema-instance"
      xmlns="http://www.loc.gov/standards/alto/ns-v4#"
      xsi:schemaLocation="http://www.loc.gov/standards/alto/ns-v4# http://www.loc.gov/standards/alto/v4/alto-4-2.xsd">
  <Description>
    <MeasurementUnit>pixel</MeasurementUnit>
    <sourceImageInformation>
      <fileName>23_ea8f6_default.jpg</fileName>
      <fileIdentifier>https://iiif.onb.ac.at/images/ABO/Z179604507/00000024/full/full/0/default.jpg</fileIdentifier>
    </sourceImageInformation>
  </Description>
  <Tags>
    <OtherTag ID="BT7" LABEL="CustomZone" DESCRIPTION="block type CustomZone"/><OtherTag ID="BT8" LABEL="DamageZone" DESCRIPTION="block type DamageZone"/><OtherTag ID="BT9" LABEL="DigitizationArtefactZone" DESCRIPTION="block type DigitizationArtefactZone"/><OtherTag ID="BT10" LABEL="DropCapitalZone" DESCRIPTION="block type DropCapitalZone"/><OtherTag ID="BT11" LABEL="GraphicZone" DESCRIPTION="block type GraphicZone"/><OtherTag ID="BT12" LABEL="MainZone" DESCRIPTION="block type MainZone"/><OtherTag ID="BT13" LABEL="MarginTextZone" DESCRIPTION="block type MarginTextZone"/><OtherTag ID="BT14" LABEL="MusicZone" DESCRIPTION="block type MusicZone"/><OtherTag ID="BT15" LABEL="NumberingZone" DESCRIPTION="block type NumberingZone"/><OtherTag ID="BT17" LABEL="QuireMarksZone" DESCRIPTION="block type QuireMarksZone"/><OtherTag ID="BT18" LABEL="RunningTitleZone" DESCRIPTION="block type RunningTitleZone"/><OtherTag ID="BT19" LABEL="SealZone" DESCRIPTION="block type SealZone"/><OtherTag ID="BT20" LABEL="StampZone" DESCRIPTION="block type StampZone"/><OtherTag ID="BT21" LABEL="TableZone" DESCRIPTION="block type TableZone"/><OtherTag ID="BT22" LABEL="TitlePageZone" DESCRIPTION="block type TitlePageZone"/>
    <OtherTag ID="LT7" LABEL="CustomLine" DESCRIPTION="line type CustomLine"/><OtherTag ID="LT8" LABEL="DefaultLine" DESCRIPTION="line type DefaultLine"/><OtherTag ID="LT9" LABEL="DropCapitalLine" DESCRIPTION="line type DropCapitalLine"/><OtherTag ID="LT10" LABEL="HeadingLine" DESCRIPTION="line type HeadingLine"/><OtherTag ID="LT11" LABEL="InterlinearLine" DESCRIPTION="line type InterlinearLine"/><OtherTag ID="LT12" LABEL="MusicLine" DESCRIPTION="line type MusicLine"/><OtherTag ID="LT1007" LABEL="default" DESCRIPTION="line type default"/>
  </Tags>
  <Layout>
    <Page WIDTH="953"
          HEIGHT="1432"
          PHYSICAL_IMG_NR="23"
          ID="eSc_dummypage_">
      <PrintSpace HPOS="0"
                  VPOS="0"
                  WIDTH="953"
                  HEIGHT="1432">
        <TextBlock HPOS="178"
                   VPOS="28"
                   WIDTH="720"
                   HEIGHT="1273"
                   ID="eSc_textblock_366efc13"
                   TAGREFS="BT12">
          <Shape><Polygon POINTS="178 28 188 1301 874 1299 898 28"/></Shape>
          <TextLine ID="eSc_line_a5d3553f"
                    TAGREFS="LT8"
                    BASELINE="199 81 867 78" 
                    HPOS="198"
                    VPOS="28"
                    WIDTH="669"
                    HEIGHT="69">
            <Shape><Polygon POINTS="859 40 856 39 750 39 726 28 725 28 723 28 715 28 707 28 699 28 691 28 683 28 675 28 667 28 666 28 665 28 664 28 663 28 653 36 644 31 644 31 643 31 642 31 618 40 537 40 518 31 517 31 516 31 515 31 483 40 450 40 410 30 409 30 365 37 355 30 355 30 354 30 353 30 352 30 339 34 325 30 324 30 211 30 210 30 210 30 199 34 198 35 199 81 199 97 214 90 289 90 296 95 297 95 298 95 299 95 300 95 320 90 327 96 328 96 328 96 329 96 370 90 398 96 398 96 462 89 499 95 499 95 611 89 632 95 632 95 633 95 734 94 734 94 749 89 797 94 798 94 799 94 800 94 807 89 822 93 823 93 824 93 866 88 867 78 865 42 859 40"/></Shape>
            <String CONTENT="il uoꝰ ẽseignera toutes choses: car"
                    HPOS="198"
                    VPOS="28"
                    WIDTH="669"
                    HEIGHT="69"
                    WC="0.9894434809684753"></String>
          </TextLine>
          <TextLine ID="eSc_line_e50a3125"
                    TAGREFS="LT8"
                    BASELINE="200 138 835 135" 
                    HPOS="199"
                    VPOS="90"
                    WIDTH="636"
                    HEIGHT="65">
            <Shape><Polygon POINTS="200 138 200 150 218 155 219 155 220 155 221 155 232 148 277 148 289 155 289 155 290 155 291 155 325 155 325 155 362 147 404 154 405 155 423 155 423 154 424 154 425 154 433 147 503 151 503 151 523 147 533 153 534 153 535 153 535 153 536 153 555 147 581 152 581 152 582 152 583 152 591 147 608 153 609 153 609 153 676 146 695 152 695 152 696 153 734 153 734 152 734 152 747 146 761 152 762 152 763 153 793 153 793 152 794 152 816 146 834 149 835 135 834 99 795 99 766 90 765 90 765 90 764 90 763 90 751 98 734 98 698 90 697 90 696 90 675 99 651 93 650 93 624 99 613 91 612 91 611 91 577 91 576 91 575 91 553 99 540 91 539 91 538 91 518 91 517 91 516 91 492 97 468 92 467 92 466 92 453 97 434 94 433 94 406 101 351 101 339 93 339 93 338 93 337 93 336 93 312 101 279 101 257 93 257 93 256 93 210 93 209 93 199 98 200 138"/></Shape>
            <String CONTENT="il ne ꝑlera point de soymesme ⁊c."
                    HPOS="199"
                    VPOS="90"
                    WIDTH="636"
                    HEIGHT="65"
                    WC="0.999177305987387"></String>
          </TextLine>
          <TextLine ID="eSc_line_7124f73d"
                    TAGREFS="LT8"
                    BASELINE="243 199 321 194 871 193" 
                    HPOS="241"
                    VPOS="144"
                    WIDTH="629"
                    HEIGHT="69">
            <Shape><Polygon POINTS="242 198 242 207 311 206 341 213 415 206 427 213 433 213 440 206 464 206 475 213 494 207 524 213 546 206 597 213 604 205 665 211 703 205 728 212 759 206 808 212 831 205 841 213 869 213 870 192 865 144 853 150 816 144 807 153 777 153 763 144 704 153 630 153 610 144 561 145 544 155 476 155 462 145 423 145 409 153 402 145 383 153 367 145 352 153 299 153 289 145 241 147 242 198"/></Shape>
            <String CONTENT="Et quand le consolateur sera ue"
                    HPOS="241"
                    VPOS="144"
                    WIDTH="629"
                    HEIGHT="69"
                    WC="0.9935999358853986"></String>
          </TextLine>
          <TextLine ID="eSc_line_f0ff8a69"
                    TAGREFS="LT8"
                    BASELINE="198 255 401 250 870 248" 
                    HPOS="197"
                    VPOS="202"
                    WIDTH="673"
                    HEIGHT="70">
            <Shape><Polygon POINTS="198 255 199 272 205 268 227 269 228 269 229 269 230 269 240 263 280 263 295 270 296 270 296 270 297 270 309 265 335 269 335 269 336 269 337 269 350 262 483 264 484 264 484 264 496 260 547 269 548 269 549 269 566 261 624 268 624 268 625 268 626 268 639 260 689 268 690 268 830 264 868 267 870 248 867 210 769 213 759 206 758 206 757 206 757 206 738 210 717 202 716 202 715 202 714 202 693 214 658 207 657 207 656 207 646 212 625 208 624 208 624 208 606 214 577 208 576 208 540 214 505 210 504 210 503 210 503 210 498 214 478 207 477 207 476 207 476 207 475 207 461 216 449 216 425 205 425 205 424 205 228 206 227 206 226 206 210 217 197 217 198 255"/></Shape>
            <String CONTENT="nu leq̃l ie uous enuoyeray de mon"
                    HPOS="197"
                    VPOS="202"
                    WIDTH="673"
                    HEIGHT="70"
                    WC="0.9821063316229618"></String>
          </TextLine>
          <TextLine ID="eSc_line_2c0c5745"
                    TAGREFS="LT8"
                    BASELINE="198 309 868 305" 
                    HPOS="197"
                    VPOS="259"
                    WIDTH="671"
                    HEIGHT="71">
            <Shape><Polygon POINTS="198 309 199 330 238 320 317 320 344 328 345 328 346 329 382 329 382 328 382 328 395 322 406 327 407 327 408 327 409 327 425 319 465 319 480 322 480 322 481 322 509 320 532 326 533 326 534 326 577 319 605 319 625 326 626 326 627 327 653 327 653 326 654 326 655 326 662 321 680 325 681 325 682 325 683 325 693 318 710 326 710 326 711 327 732 327 732 326 733 326 760 317 804 326 805 326 867 322 868 305 866 268 741 268 721 262 720 262 719 262 718 262 708 268 684 261 683 261 683 261 682 261 666 267 636 259 636 259 635 259 634 259 611 269 578 260 578 260 577 260 576 260 552 266 534 260 533 260 476 260 475 260 433 266 361 260 360 260 359 260 339 266 303 261 302 261 301 261 276 272 197 272 198 309"/></Shape>
            <String CONTENT="pere Lesprit de uerite qͥ est enuoye"
                    HPOS="197"
                    VPOS="259"
                    WIDTH="671"
                    HEIGHT="71"
                    WC="0.988255446155866"></String>
          </TextLine>
          <TextLine ID="eSc_line_74d18853"
                    TAGREFS="LT8"
                    BASELINE="196 365 868 361" 
                    HPOS="195"
                    VPOS="319"
                    WIDTH="673"
                    HEIGHT="66">
            <Shape><Polygon POINTS="196 365 196 376 218 384 218 384 219 384 220 384 239 377 264 377 274 384 275 384 276 384 277 385 290 385 290 384 291 384 312 377 320 381 320 381 321 381 322 381 323 381 330 376 404 376 509 382 510 382 511 382 534 375 564 382 565 382 566 382 590 375 608 381 609 381 609 381 640 376 651 381 652 381 652 382 734 382 734 381 734 381 761 374 776 381 777 381 777 381 778 381 799 373 837 381 838 381 839 381 868 373 868 361 866 324 814 326 804 319 804 319 803 319 802 319 801 319 791 324 758 319 757 319 718 326 704 320 703 320 655 320 654 320 653 320 640 327 607 327 580 321 579 321 578 321 563 328 535 328 512 321 511 321 511 321 510 321 492 325 464 321 464 321 442 322 441 322 441 322 432 328 394 322 393 322 308 329 278 322 277 322 277 322 264 330 237 330 213 322 212 322 211 322 210 322 195 328 196 365"/></Shape>
            <String CONTENT="du Pere/ iceluy rendra tesmoigna¬"
                    HPOS="195"
                    VPOS="319"
                    WIDTH="673"
                    HEIGHT="66"
                    WC="0.9980489990927957"></String>
          </TextLine>
          <TextLine ID="eSc_line_6b494ab6"
                    TAGREFS="LT8"
                    BASELINE="199 424 867 419" 
                    HPOS="199"
                    VPOS="376"
                    WIDTH="668"
                    HEIGHT="68">
            <Shape><Polygon POINTS="199 424 200 444 231 435 358 435 370 442 371 442 371 442 389 443 390 443 425 442 425 442 452 434 510 441 511 441 511 441 525 434 611 437 612 437 613 437 625 432 645 439 646 439 647 439 648 439 648 439 659 431 673 439 674 439 710 439 711 439 748 431 761 439 761 439 762 439 763 439 825 439 826 439 843 430 867 430 867 419 867 384 847 376 846 376 845 376 844 376 828 384 799 376 798 376 771 376 770 376 720 385 669 386 656 386 644 377 643 377 642 377 617 377 617 377 580 386 554 379 553 379 552 379 551 379 527 385 512 378 511 378 511 378 510 378 488 386 469 379 468 379 421 379 420 379 360 388 343 384 343 384 342 384 285 387 275 381 274 381 273 381 253 381 252 381 251 381 228 389 199 389 199 424"/></Shape>
            <String CONTENT="ge de moy ⁊ uous rendrez tesmoi¬"
                    HPOS="199"
                    VPOS="376"
                    WIDTH="668"
                    HEIGHT="68"
                    WC="0.9997213389724493"></String>
          </TextLine>
          <TextLine ID="eSc_line_87fcacc3"
                    TAGREFS="LT8"
                    BASELINE="199 482 864 477" 
                    HPOS="199"
                    VPOS="435"
                    WIDTH="665"
                    HEIGHT="68">
            <Shape><Polygon POINTS="199 482 199 497 233 501 234 501 234 501 250 494 267 502 268 502 269 503 309 503 309 502 310 502 328 494 363 494 404 501 405 501 406 501 437 493 472 493 490 500 491 500 492 500 531 493 551 500 552 500 553 500 577 499 578 499 578 499 586 494 640 500 640 500 641 500 660 491 706 491 718 498 719 498 720 498 751 499 752 499 753 499 776 490 813 490 820 494 821 494 822 494 823 494 851 493 862 498 864 477 863 442 767 442 755 435 754 435 727 435 726 435 726 435 706 442 644 435 643 435 642 435 641 435 632 442 615 435 614 435 613 435 613 435 612 435 603 443 581 435 580 435 548 435 547 435 546 435 530 443 499 443 491 437 490 437 489 437 488 437 488 437 476 443 459 436 458 436 427 436 426 436 425 436 425 436 412 444 365 440 364 440 363 440 351 444 343 440 342 440 341 440 257 445 226 438 226 438 225 438 199 446 199 482"/></Shape>
            <String CONTENT="gnage: car uous estes des le com¬"
                    HPOS="199"
                    VPOS="435"
                    WIDTH="665"
                    HEIGHT="68"
                    WC="0.9986520102529814"></String>
          </TextLine>
          <TextLine ID="eSc_line_efcda33d"
                    TAGREFS="LT8"
                    BASELINE="199 538 636 536" 
                    HPOS="198"
                    VPOS="495"
                    WIDTH="438"
                    HEIGHT="61">
            <Shape><Polygon POINTS="199 538 199 548 238 548 255 556 256 556 257 556 257 556 285 548 306 548 322 554 323 554 324 554 355 547 367 551 367 551 368 551 428 547 443 555 444 555 445 556 476 556 476 555 477 555 499 546 538 548 548 554 549 554 550 554 550 554 573 549 582 554 583 554 584 554 636 553 636 536 632 498 628 501 616 496 615 496 614 496 613 496 600 501 589 497 588 497 587 497 586 497 570 501 562 497 562 497 561 497 560 497 559 497 550 501 543 496 543 495 542 495 542 495 541 495 540 495 532 499 489 495 488 495 445 500 439 496 438 496 437 496 398 496 398 496 397 496 396 496 390 500 357 496 356 496 355 496 340 504 312 504 307 498 306 498 305 498 304 498 304 498 303 498 294 504 198 504 199 538"/></Shape>
            <String CONTENT="mencement auec moy."
                    HPOS="198"
                    VPOS="495"
                    WIDTH="438"
                    HEIGHT="61"
                    WC="0.9999808731832003"></String>
          </TextLine>
          <TextLine ID="eSc_line_10037690"
                    TAGREFS="LT8"
                    BASELINE="257 598 446 593 861 592" 
                    HPOS="256"
                    VPOS="544"
                    WIDTH="605"
                    HEIGHT="70">
            <Shape><Polygon POINTS="853 550 845 548 837 547 831 545 817 544 816 544 816 544 815 544 804 553 699 553 685 547 684 547 683 547 683 547 656 555 578 555 524 546 523 546 523 546 500 554 390 547 390 547 371 548 370 548 369 548 360 554 342 548 341 548 340 548 339 548 326 554 292 550 292 550 256 556 257 598 257 614 281 614 282 614 283 614 293 607 331 607 349 614 350 614 351 614 401 606 459 610 460 610 460 610 466 607 471 610 472 610 472 610 473 610 520 606 530 612 531 612 531 612 532 613 570 613 570 612 570 612 571 612 583 605 623 605 632 612 633 612 634 612 635 613 655 613 655 612 656 612 672 605 718 611 718 611 741 607 747 611 748 611 749 611 749 611 750 611 762 607 778 611 779 611 780 611 860 607 861 592 859 550 853 550"/></Shape>
            <String CONTENT="Et ie uoꝰ enuoyeray la ꝓmesse"
                    HPOS="256"
                    VPOS="544"
                    WIDTH="605"
                    HEIGHT="70"
                    WC="0.9941805375033411"></String>
          </TextLine>
          <TextLine ID="eSc_line_ca7800b0"
                    TAGREFS="LT8"
                    BASELINE="202 656 249 652 863 649" 
                    HPOS="200"
                    VPOS="602"
                    WIDTH="662"
                    HEIGHT="68">
            <Shape><Polygon POINTS="201 655 201 663 260 663 272 670 290 664 335 670 341 663 394 670 409 662 429 669 499 663 585 669 609 661 616 667 634 661 652 667 674 661 746 668 788 661 859 665 862 647 858 605 790 609 773 602 755 610 734 605 643 610 636 603 580 603 561 612 530 606 490 612 482 605 478 605 361 614 323 614 316 606 312 606 279 613 200 609 201 655"/></Shape>
            <String CONTENT="de mõ pere en uous/ ⁊ uous demou"
                    HPOS="200"
                    VPOS="602"
                    WIDTH="662"
                    HEIGHT="68"
                    WC="0.9975325140086088"></String>
          </TextLine>
          <TextLine ID="eSc_line_9cabb936"
                    TAGREFS="LT8"
                    BASELINE="202 704 367 708 862 707" 
                    HPOS="200"
                    VPOS="657"
                    WIDTH="661"
                    HEIGHT="70">
            <Shape><Polygon POINTS="201 702 200 725 230 720 240 727 336 727 352 719 395 725 434 719 444 726 468 719 542 719 549 726 587 719 600 727 697 727 708 719 735 727 803 727 812 720 850 726 859 718 861 706 859 668 834 657 746 667 739 659 671 657 661 668 616 668 605 657 556 657 545 664 496 657 452 665 398 657 377 667 336 658 317 667 260 667 251 659 246 659 235 668 201 668 201 702"/></Shape>
            <String CONTENT="rez en la Cite de Hierusalẽ iusq̃s"
                    HPOS="200"
                    VPOS="657"
                    WIDTH="661"
                    HEIGHT="70"
                    WC="0.989350187778473"></String>
          </TextLine>
          <TextLine ID="eSc_line_9b05b917"
                    TAGREFS="LT8"
                    BASELINE="199 766 862 766" 
                    HPOS="199"
                    VPOS="721"
                    WIDTH="663"
                    HEIGHT="66">
            <Shape><Polygon POINTS="199 766 199 778 261 777 289 786 290 786 291 787 322 787 322 786 323 786 324 786 334 778 355 778 369 784 370 784 371 784 371 784 397 776 451 776 462 783 463 783 464 783 464 784 485 784 485 783 486 783 511 776 528 786 529 786 530 786 531 787 583 787 583 786 636 776 674 786 675 786 675 787 755 787 755 786 756 786 777 776 796 776 807 782 808 782 808 782 809 782 818 778 836 784 837 784 838 784 839 784 862 775 862 766 861 722 831 721 831 721 830 721 806 730 789 730 779 722 778 722 777 722 777 722 776 722 751 729 663 721 662 721 661 721 640 730 574 730 555 723 554 723 554 723 525 729 512 721 511 721 511 721 482 721 481 721 480 721 480 721 469 729 454 729 437 729 424 721 423 721 422 721 382 721 382 721 381 721 380 721 366 730 308 730 296 724 296 724 295 724 267 729 256 721 255 721 254 721 238 721 237 721 199 728 199 766"/></Shape>
            <String CONTENT="ad ce que uous soyez reuestuz de la"
                    HPOS="199"
                    VPOS="721"
                    WIDTH="663"
                    HEIGHT="66"
                    WC="0.9873544914381844"></String>
          </TextLine>
          <TextLine ID="eSc_line_8ea0454f"
                    TAGREFS="LT8"
                    BASELINE="200 823 519 821" 
                    HPOS="199"
                    VPOS="777"
                    WIDTH="320"
                    HEIGHT="61">
            <Shape><Polygon POINTS="200 823 200 831 216 836 217 836 218 836 246 832 254 838 255 838 256 838 257 838 298 832 310 836 311 836 312 836 312 836 327 832 333 837 334 837 335 837 335 837 336 837 337 837 345 832 372 837 373 838 412 838 412 837 413 837 414 837 421 831 518 832 519 821 517 788 501 788 490 778 490 777 489 777 488 777 488 777 441 787 420 777 419 777 402 777 402 777 401 777 400 777 390 786 355 788 339 788 328 778 327 778 326 778 325 778 324 778 300 786 279 778 278 778 277 778 277 778 276 778 269 785 248 786 235 778 234 778 234 778 233 778 199 778 200 823"/></Shape>
            <String CONTENT="uertu denhault."
                    HPOS="199"
                    VPOS="777"
                    WIDTH="320"
                    HEIGHT="61"
                    WC="0.9998390992482503"></String>
          </TextLine>
          <TextLine ID="eSc_line_861646d2"
                    TAGREFS="LT8"
                    BASELINE="258 884 383 879 861 881" 
                    HPOS="257"
                    VPOS="832"
                    WIDTH="604"
                    HEIGHT="64">
            <Shape><Polygon POINTS="855 840 852 838 844 836 843 836 808 842 793 836 792 836 792 836 791 836 778 843 728 843 703 832 703 832 675 832 675 832 674 832 673 832 659 843 636 843 619 832 618 832 617 832 560 832 559 832 558 832 545 837 539 832 538 832 538 832 447 832 446 832 445 832 422 843 382 843 368 832 367 832 367 832 366 832 365 832 349 840 316 837 315 837 314 837 299 842 285 836 285 836 284 836 258 840 258 884 257 889 289 895 290 896 424 896 424 895 456 890 495 894 496 894 515 891 523 895 523 895 524 895 525 896 542 896 542 895 543 895 544 895 551 890 609 895 609 895 610 895 629 890 859 895 861 881 860 843 855 840"/></Shape>
            <String CONTENT="Mais quãd ilz uous liureront"
                    HPOS="257"
                    VPOS="832"
                    WIDTH="604"
                    HEIGHT="64"
                    WC="0.9978069334194578"></String>
          </TextLine>
          <TextLine ID="eSc_line_d3278e9c"
                    TAGREFS="LT8"
                    BASELINE="199 937 861 939" 
                    HPOS="199"
                    VPOS="892"
                    WIDTH="662"
                    HEIGHT="62">
            <Shape><Polygon POINTS="199 937 199 945 220 953 221 953 222 953 222 953 239 949 253 953 253 953 254 953 378 953 378 953 378 953 389 948 415 951 416 951 417 951 427 947 447 953 448 953 449 953 449 953 468 947 493 947 504 953 505 953 506 953 592 947 605 953 606 953 607 954 637 954 637 953 638 953 651 948 666 948 677 954 678 954 679 954 679 954 680 954 681 954 690 948 706 953 706 953 707 953 734 948 804 948 823 954 824 954 824 954 825 954 843 948 859 949 861 939 859 902 728 902 713 894 712 894 711 894 673 894 672 894 671 894 671 894 656 902 593 896 593 896 592 896 579 901 569 893 568 893 567 893 531 893 530 893 529 893 518 898 487 894 486 894 485 894 460 902 424 893 423 893 422 893 421 893 414 898 402 894 401 894 400 894 399 894 376 902 325 902 316 895 316 895 315 895 314 895 296 898 289 892 289 892 288 892 287 892 233 898 220 892 219 892 218 892 218 892 199 900 199 937"/></Shape>
            <String CONTENT="ne soyez point en soucy cõment ou"
                    HPOS="199"
                    VPOS="892"
                    WIDTH="662"
                    HEIGHT="62"
                    WC="0.9941480475313523"></String>
          </TextLine>
          <TextLine ID="eSc_line_c57c6ebf"
                    TAGREFS="LT8"
                    BASELINE="198 993 861 996" 
                    HPOS="197"
                    VPOS="948"
                    WIDTH="664"
                    HEIGHT="63">
            <Shape><Polygon POINTS="198 993 197 1008 230 1009 230 1009 231 1009 256 1003 265 1009 266 1009 267 1009 268 1009 290 1004 347 1009 348 1009 349 1009 350 1009 358 1003 381 1010 382 1010 382 1010 417 1005 441 1010 442 1010 443 1010 453 1004 465 1008 466 1008 467 1008 468 1008 468 1008 475 1003 518 1010 519 1010 519 1010 542 1004 550 1011 550 1011 551 1011 552 1011 659 1011 659 1011 660 1011 672 1004 703 1011 704 1011 742 1005 859 1007 861 996 861 952 834 949 833 949 832 949 811 961 703 961 695 954 694 954 693 954 692 954 668 960 655 949 654 949 653 949 652 949 652 949 630 960 612 960 581 957 567 949 566 949 505 948 504 948 503 948 492 954 466 948 465 948 394 948 394 948 393 948 363 959 332 950 331 950 331 950 330 950 317 956 300 948 299 948 298 948 297 948 269 958 255 953 254 953 253 953 198 957 198 993"/></Shape>
            <String CONTENT="quelles choses uoꝰ parlerez: car il"
                    HPOS="197"
                    VPOS="948"
                    WIDTH="664"
                    HEIGHT="63"
                    WC="0.9999467475073678"></String>
          </TextLine>
          <TextLine ID="eSc_line_212f5786"
                    TAGREFS="LT8"
                    BASELINE="199 1050 860 1054" 
                    HPOS="198"
                    VPOS="1005"
                    WIDTH="662"
                    HEIGHT="65">
            <Shape><Polygon POINTS="199 1050 198 1058 239 1067 240 1067 279 1060 337 1067 338 1067 339 1067 339 1067 349 1060 363 1060 389 1060 400 1067 401 1067 402 1067 402 1067 403 1067 424 1062 480 1068 481 1068 482 1068 499 1061 529 1061 546 1069 546 1069 547 1069 640 1062 651 1069 652 1069 652 1069 712 1070 713 1070 779 1062 785 1066 785 1066 786 1066 787 1066 820 1064 831 1070 832 1070 833 1070 859 1070 860 1054 858 1007 824 1018 715 1018 695 1007 695 1007 617 1007 617 1007 616 1007 615 1007 601 1017 544 1017 523 1011 523 1011 522 1011 521 1011 520 1011 513 1015 468 1015 456 1006 455 1006 454 1006 413 1006 412 1006 411 1006 410 1006 398 1015 354 1005 311 1005 310 1005 309 1005 285 1015 244 1015 227 1006 226 1006 226 1006 199 1007 199 1050"/></Shape>
            <String CONTENT="uous sera dõne a ycelle heure ce q̃"
                    HPOS="198"
                    VPOS="1005"
                    WIDTH="662"
                    HEIGHT="65"
                    WC="0.9990697420305676"></String>
          </TextLine>
          <TextLine ID="eSc_line_b41e0c2c"
                    TAGREFS="LT8"
                    BASELINE="199 1108 863 1109" 
                    HPOS="199"
                    VPOS="1064"
                    WIDTH="664"
                    HEIGHT="61">
            <Shape><Polygon POINTS="199 1108 199 1121 261 1117 273 1124 273 1124 274 1124 320 1124 320 1124 321 1124 322 1124 331 1117 384 1117 423 1124 424 1124 425 1124 444 1118 449 1122 450 1122 451 1122 452 1122 453 1122 467 1117 529 1117 595 1124 596 1124 628 1118 663 1124 663 1124 664 1124 687 1119 716 1124 717 1125 844 1125 844 1124 845 1124 863 1120 863 1109 863 1070 848 1072 829 1065 828 1065 828 1065 794 1072 783 1065 782 1065 781 1065 764 1065 763 1065 724 1072 706 1065 705 1065 675 1065 675 1065 674 1065 654 1072 644 1066 643 1066 642 1066 611 1065 610 1065 609 1065 595 1073 546 1073 445 1065 444 1065 443 1065 430 1072 376 1072 348 1064 347 1064 347 1064 346 1064 330 1072 293 1072 284 1064 283 1064 282 1064 199 1064 199 1108"/></Shape>
            <String CONTENT="uoꝰ parlerez/ car ce nestes uous poĩt"
                    HPOS="199"
                    VPOS="1064"
                    WIDTH="664"
                    HEIGHT="61"
                    WC="0.9902966116604052"></String>
          </TextLine>
          <TextLine ID="eSc_line_34435b45"
                    TAGREFS="LT8"
                    BASELINE="199 1164 859 1167" 
                    HPOS="198"
                    VPOS="1118"
                    WIDTH="661"
                    HEIGHT="67">
            <Shape><Polygon POINTS="199 1164 198 1175 220 1182 221 1182 222 1182 222 1182 241 1176 256 1182 257 1182 257 1183 292 1183 292 1182 292 1182 293 1182 304 1175 357 1175 371 1182 372 1182 373 1183 406 1183 406 1182 406 1182 427 1176 503 1182 503 1182 504 1182 505 1182 511 1177 524 1182 525 1182 526 1182 527 1182 543 1176 555 1183 556 1183 557 1183 558 1184 586 1184 586 1183 587 1183 606 1176 640 1184 640 1185 678 1185 678 1184 679 1184 696 1177 714 1184 714 1184 715 1184 731 1183 732 1183 733 1183 741 1177 769 1184 769 1184 770 1184 807 1177 858 1179 859 1167 859 1130 824 1130 806 1121 805 1121 804 1121 761 1129 743 1120 742 1120 716 1120 715 1120 714 1120 683 1128 675 1123 675 1123 674 1123 673 1123 672 1123 662 1127 640 1119 639 1119 562 1119 562 1119 561 1119 560 1119 547 1127 538 1124 537 1124 536 1124 535 1124 535 1124 528 1129 509 1129 494 1119 493 1119 492 1119 461 1119 460 1119 460 1119 441 1128 419 1128 400 1124 399 1124 378 1127 359 1120 359 1120 358 1120 286 1128 265 1118 264 1118 263 1118 262 1118 236 1128 199 1128 199 1164"/></Shape>
            <String CONTENT="qui parlez: mais cest lesperit de uo¬"
                    HPOS="198"
                    VPOS="1118"
                    WIDTH="661"
                    HEIGHT="67"
                    WC="0.9864554405212402"></String>
          </TextLine>
          <TextLine ID="eSc_line_7855b8e8"
                    TAGREFS="LT8"
                    BASELINE="203 1221 734 1223" 
                    HPOS="203"
                    VPOS="1178"
                    WIDTH="531"
                    HEIGHT="64">
            <Shape><Polygon POINTS="203 1221 203 1239 214 1240 214 1240 215 1240 216 1240 226 1233 242 1237 242 1237 243 1237 277 1233 285 1239 285 1240 286 1240 287 1240 288 1240 376 1234 382 1239 382 1240 382 1240 383 1240 398 1241 399 1241 400 1241 421 1233 446 1241 447 1241 448 1241 473 1241 473 1241 474 1241 494 1233 512 1239 513 1239 514 1239 515 1239 525 1233 535 1237 535 1237 536 1237 558 1233 570 1233 578 1241 578 1241 579 1241 580 1241 581 1242 605 1242 605 1241 606 1241 607 1241 607 1241 615 1234 655 1234 669 1241 670 1241 671 1241 671 1241 693 1234 699 1239 699 1240 699 1240 700 1240 733 1241 734 1223 734 1188 701 1182 700 1182 699 1182 686 1187 670 1179 669 1179 668 1179 667 1179 654 1186 644 1179 643 1179 642 1179 618 1179 617 1179 617 1179 616 1179 606 1188 558 1188 544 1179 543 1179 542 1179 542 1179 503 1186 492 1179 492 1179 491 1179 490 1179 489 1179 467 1185 460 1179 459 1179 458 1179 432 1179 431 1179 430 1179 429 1179 419 1186 403 1186 371 1182 371 1182 337 1186 321 1178 320 1178 320 1178 281 1186 237 1178 236 1178 203 1182 203 1221"/></Shape>
            <String CONTENT="stre Pere qui parle en uous."
                    HPOS="203"
                    VPOS="1178"
                    WIDTH="531"
                    HEIGHT="64"
                    WC="0.9978971545185361"></String>
          </TextLine>
          <TextLine ID="eSc_line_83a719ea"
                    TAGREFS="LT8"
                    BASELINE="204 1281 856 1287" 
                    HPOS="201"
                    VPOS="1241"
                    WIDTH="655"
                    HEIGHT="66">
            <Shape><Polygon POINTS="847 1252 843 1251 744 1249 725 1244 724 1244 723 1244 532 1249 498 1243 497 1243 469 1249 383 1248 373 1242 372 1242 371 1242 296 1247 288 1241 287 1241 286 1241 202 1241 202 1283 201 1295 234 1301 257 1296 305 1301 306 1301 324 1297 337 1305 338 1305 339 1305 339 1306 393 1306 393 1305 394 1305 403 1300 427 1305 428 1305 460 1299 484 1303 485 1303 554 1300 594 1307 595 1307 691 1307 692 1307 718 1299 732 1307 733 1307 734 1307 758 1299 855 1303 856 1287 856 1256 855 1253"/></Shape>
            <String CONTENT="¶ De ceste matiere. 1.Pierre.1.b. ⁊ .2."
                    HPOS="201"
                    VPOS="1241"
                    WIDTH="655"
                    HEIGHT="66"
                    ></String>
          </TextLine>
        </TextBlock>
        <TextBlock HPOS="734"
                   VPOS="1297"
                   WIDTH="144"
                   HEIGHT="53"
                   ID="eSc_textblock_3e85fe89"
                   TAGREFS="BT17">
          <Shape><Polygon POINTS="736 1297 734 1347 842 1350 878 1350 872 1299 842 1299"/></Shape>
          <TextLine ID="eSc_line_be23c8cf"
                    TAGREFS="LT8"
                    BASELINE="749 1332 851 1333" 
                    HPOS="749"
                    VPOS="1293"
                    WIDTH="102"
                    HEIGHT="60">
            <Shape><Polygon POINTS="749 1332 749 1352 773 1353 773 1353 774 1353 775 1353 785 1346 789 1350 790 1350 791 1350 792 1350 792 1350 806 1345 839 1350 840 1350 841 1350 851 1344 851 1333 851 1303 780 1293 779 1293 749 1294 749 1332"/></Shape>
            <String CONTENT="Pier."
                    HPOS="749"
                    VPOS="1293"
                    WIDTH="102"
                    HEIGHT="60"
                    WC="0.9999881029129029"></String>
          </TextLine>
        </TextBlock>
        <TextBlock HPOS="44"
                   VPOS="161"
                   WIDTH="171"
                   HEIGHT="62"
                   ID="eSc_textblock_fb336d8e"
                   TAGREFS="BT13">
          <Shape><Polygon POINTS="44 161 44 223 215 223 215 161"/></Shape>
          <TextLine ID="eSc_line_ba277423"
                    TAGREFS="LT8"
                    BASELINE="63 212 208 202" 
                    HPOS="58"
                    VPOS="144"
                    WIDTH="149"
                    HEIGHT="81">
            <Shape><Polygon POINTS="62 211 62 225 207 218 207 201 201 144 164 152 163 152 162 152 162 153 152 163 130 152 128 152 127 152 126 152 99 167 87 161 85 161 84 161 83 161 58 169 62 211"/></Shape>
            <String CONTENT="Ioã.15.d."
                    HPOS="58"
                    VPOS="144"
                    WIDTH="149"
                    HEIGHT="81"
                    WC="0.9939855456352233"></String>
          </TextLine>
        </TextBlock>
        <TextBlock HPOS="39"
                   VPOS="571"
                   WIDTH="166"
                   HEIGHT="144"
                   ID="eSc_textblock_6d4e8f5a"
                   TAGREFS="BT13">
          <Shape><Polygon POINTS="39 571 39 715 205 715 205 571"/></Shape>
          <TextLine ID="eSc_line_aecd0752"
                    TAGREFS="LT8"
                    BASELINE="56 618 193 616" 
                    HPOS="55"
                    VPOS="575"
                    WIDTH="138"
                    HEIGHT="59">
            <Shape><Polygon POINTS="159 579 151 581 146 583 142 579 135 579 127 579 119 577 111 576 107 575 95 582 76 576 75 576 74 576 74 576 55 586 56 618 56 628 62 633 62 633 63 633 64 634 85 634 85 633 86 633 97 628 105 632 106 632 107 632 108 632 109 632 117 626 162 626 173 631 174 631 175 631 175 631 193 626 193 616 191 585 174 585 162 577 159 579"/></Shape>
            <String CONTENT="Luc der¬"
                    HPOS="55"
                    VPOS="575"
                    WIDTH="138"
                    HEIGHT="59"
                    WC="0.9999957829713821"></String>
          </TextLine>
          <TextLine ID="eSc_line_08b848a8"
                    TAGREFS="LT8"
                    BASELINE="56 661 177 658" 
                    HPOS="53"
                    VPOS="625"
                    WIDTH="123"
                    HEIGHT="51">
            <Shape><Polygon POINTS="54 659 54 668 154 676 155 676 156 676 176 667 176 657 175 636 142 625 140 625 139 625 102 633 82 626 81 626 80 626 78 626 53 636 54 659"/></Shape>
            <String CONTENT="nier.g."
                    HPOS="53"
                    VPOS="625"
                    WIDTH="123"
                    HEIGHT="51"
                    WC="0.9999421749796186"></String>
          </TextLine>
          <TextLine ID="eSc_line_c0247235"
                    TAGREFS="LT8"
                    BASELINE="59 701 188 704" 
                    HPOS="57"
                    VPOS="663"
                    WIDTH="130"
                    HEIGHT="69">
            <Shape><Polygon POINTS="58 700 57 716 75 723 76 723 77 723 78 723 100 717 127 731 128 731 130 731 131 731 144 724 151 731 152 731 154 731 155 732 186 732 187 702 187 670 160 664 158 664 126 670 118 663 117 663 115 663 114 663 58 668 58 700"/></Shape>
            <String CONTENT="Act.1.a."
                    HPOS="57"
                    VPOS="663"
                    WIDTH="130"
                    HEIGHT="69"
                    WC="0.9374458715319633"></String>
          </TextLine>
        </TextBlock>
        <TextBlock HPOS="43"
                   VPOS="859"
                   WIDTH="174"
                   HEIGHT="49"
                   ID="eSc_textblock_561b0be3"
                   TAGREFS="BT13">
          <Shape><Polygon POINTS="43 862 43 908 217 908 215 859"/></Shape>
          <TextLine ID="eSc_line_12a5e86a"
                    TAGREFS="LT8"
                    BASELINE="61 895 207 889" 
                    HPOS="60"
                    VPOS="854"
                    WIDTH="147"
                    HEIGHT="60">
            <Shape><Polygon POINTS="138 856 130 856 122 857 121 857 109 865 77 862 76 862 75 862 65 866 60 878 61 895 61 909 78 914 78 914 79 914 80 914 105 907 144 910 144 910 145 910 146 910 153 905 183 909 183 909 207 904 207 889 204 859 179 854 178 854 177 854 154 863 147 856 147 856 146 856 138 856"/></Shape>
            <String CONTENT="mat.10.b"
                    HPOS="60"
                    VPOS="854"
                    WIDTH="147"
                    HEIGHT="60"
                    WC="0.9951110109686852"></String>
          </TextLine>
        </TextBlock>
      </PrintSpace>
    </Page>
  </Layout>
</alto>
