958 1439
222 47 677 62 ne biẽ ne mal: affin q̃ la uolunte de

221 101 677 70 Dieu demourast selon son election

221 163 681 62 (nõ pas ꝑ les oeuures) mais par ce¬

219 217 679 69 luy qͥ appelle il luy fut dit q̃ le plus

222 275 675 61 grand seruiroit au moindre/ ainsi

226 326 663 72 qͥl est escript. Iay ayme Iacob ⁊ ay

221 387 670 66 hay Esau. Que dirõs nous dõc? y

218 444 676 66 a il iniquite en Dieu? Ainsi nest il

225 501 665 68 point. Certes il dit a Moyse/ ie

218 561 668 64 auray mercy de celuy de qͥ ie auray

216 617 670 65 mercy ⁊ feray misericorde a celuy

217 673 669 65 de qͥ ie auray misericorde. Ce nest

218 732 666 61 point donc/ ne par celuy qui ueult/

217 791 665 62 ne par celuy qͥ court/ mais cest par

219 843 552 66 Dieu faisant misericorde ⁊c.

267 896 611 75 Ie appelleray celle qͥ nest point

217 960 661 65 ma gent/ ma gẽt: ⁊ celle qͥ nest poĩt

216 1024 291 59 aymee/ aymee.

267 1067 609 73 Les remanãtz sõt sauuez selõ le¬

218 1131 656 63 lectiõ de la grace de Dieu. Et si cest

226 1191 645 64 ꝑ grace/ ce nest poĩt ꝑ les oeuures:

221 1250 648 65 autremẽt: grace nest plus grace ⁊c.

731 1299 134 84 Il sont

82 322 137 83 geñ.25.e.

87 488 135 67 exo.33.d.

81 904 147 60 osee.2.d.

76 1078 149 64 Ro.11.a.
