959 1437
81 285 146 152 L

73 25 660 58 riẽ adiouster ne diminuer/ selon aussi

67 74 666 57 laquelle il se fault regir ⁊ gouuerner/

68 120 664 55 laissãt toutes tradictiõs humaines qͥ

72 165 661 60 sont contre icelle pretendantes lier les

71 214 222 53 consciences.

227 251 504 71 Euãgile est uertu de Dieu

229 317 445 61 au salut de tout croyãt.

270 372 461 66 Mais toy perseuere es

63 426 671 68 choses q̃ tu as aprinses ⁊ qͥ te sont

64 483 669 65 cõmises/ cõgnoissant de qͥ tu les as

62 544 671 62 apprins ⁊ q̃ tu as cõgneu des tõ en¬

74 596 658 66 fance les saĩctes lettres/ lesq̃lles te

67 655 666 66 peuuẽt instruire a salut ꝑ la foy qui

69 711 664 67 est en Iesꝰ Christ. Toute escriptu

67 768 665 67 re diuinemẽt inspiree est utile a en

67 827 662 63 doctriner/ ⁊ a reprendre/ a corriger/

65 883 666 65 ⁊ a enseigner en iustice/ affin q̃ lhõ¬

69 940 661 65 me de Dieu soit entier instruict a

69 1000 392 56 toute bonne oeuure.

112 1051 618 65 Et nous auõs la parolle des pro

71 1112 662 64 phetes ferme/ a laq̃lle uous faictes

71 1166 665 63 bien de regarder cõme a la chãdelle

73 1225 664 70 luysante en lieu obscur/ iusques a

612 1287 124 63 ce que

737 250 120 61 Ro.1.b.

738 364 134 82 2.tim̃.3.d

733 1037 136 74 2.pet.1.d.
