978 1446
130 51 656 64 coussins soubz toꝰ les couldes des

128 109 659 65 mains ⁊ font des aureilliers soubz

129 167 660 63 le chef de toute eage poͬ prẽdre les

122 222 665 66 ames. Et quãd ilz p̃noyẽt les ames

123 280 664 68 de mon peuple ilz uiuifioyẽt leurs

119 339 670 62 ames ⁊ me uioloyẽt enuers mõ peu

121 394 666 65 ple pour une poignee dorge/ ⁊ pour

119 446 666 71 une piece de pain:affin qͥlz puissent

119 506 665 62 mettre a mort les ames qͥ sont sãs

119 561 665 68 mourir/ ⁊ qͥlz peussent uiuifier les

119 621 663 63 ames qui ne uiuẽt pas en mẽtant a

120 677 604 65 mon peuple qͥ croyt en mẽsonge.

174 726 602 71 Ilz me sont faictz toꝰ cõe Sodo

118 786 658 71 me ⁊ ses habitãtz me sont faictz toꝰ

117 846 662 67 cõe Gomore/ ne uueillez escouter

117 902 657 69 les parolles des Prophetes/ qͥ uoꝰ

119 955 657 72 ꝓphetisent ⁊ uous deceoiuent: ilz

115 1014 665 68 parlent la uision de leur coeur ⁊ nõ

122 1074 557 66 pas de la bouche du Seigñr.

164 1131 614 65 Maintenãt aussi est faict ce com

118 1182 656 69 mãdement a uoꝰ prebstres. Si uoꝰ

121 1241 657 81 ne uoulez ouyr ⁊ si uous ne uoulez

506 1301 274 77 C 3 prẽ¬

787 721 119 63 Iere.23.

787 771 63 54 c.d.

781 1071 137 82 mala.2a
