958 1443
187 48 658 61 prẽdre a coeur pour dõner gloire a

184 104 660 61 mõ nom: dit le Seigñr des exerci¬

185 161 664 63 tes. Ie enuoyeray paourete en uoꝰ

185 216 667 64 ⁊ mauldiray uoz benedictiõs/ ⁊ les

183 272 668 71 mauldiray pour ce q̃ ne lauez point

187 332 288 60 prins a coeur.

241 385 607 68 Poͬ ce q̃ ce pcuple icy approche

184 442 662 68 de sa bouche/ ⁊ me glorifie de ses le¬

184 501 664 64 ures/ mais son coeͬ est loĩg de moy/

190 560 660 60 ⁊ me ont crainct ꝑ le mãdemẽt des

187 614 665 63 hões ⁊ par leurs doctrines: poͬtant

188 669 658 69 uoicy ie feray tellemẽt q̃ de rechief

193 727 656 67 feray esmerueiller ce peuple ꝑ mer¬

189 782 538 70 ueille grãde ⁊ espouentable.

240 836 603 76 Et uous pourquoy transgressez

187 894 646 70 uous le cõmandemẽt de Dieu poͬ

189 952 328 67 uostre tradition?

245 1007 599 76 Malheur a ceulx qͥ fõt les loix

189 1066 659 73 iniq̃s/ ⁊ en escripuãt ont escript in¬

186 1127 660 66 iustice: poͬ opprimer les paoures en

187 1181 659 70 iugemẽt: ⁊ poͬ faire uiolẽce a la cau

192 1237 569 83 se des humbles de mõ peuple.

695 1301 143 74 Male¬

50 402 153 69 esai.29.d

46 845 148 67 mat.15.a

52 1010 148 77 Efa.10.a
