975 1449
148 47 610 93 Maledictiõ sur uoꝰ enfans apo

103 127 654 67 statz/ dit le Seigͬ: qͥ auez faict le cõ

100 186 655 64 seil/ ⁊ nõ poĩt de moy/ ⁊ auez ourdy

95 240 661 68 la toille ⁊ nõ pas par mon Esprit/ ⁊

95 299 560 64 auez adiouste peche sur peche.

99 354 656 57 ¶ De ces matieres ont amplemẽt ꝑle

92 400 664 57 les sainctz docteurs qͥ sensuyuẽt Ori¬

94 450 662 53 ge. au .2. tome sur Esa. en la .7. home.

96 495 660 53 Hieros. au .6. tom. sur Ieremi. au .9. e.

94 540 661 54 Amb. au liure de paradis/ au 12. c. Cy¬

96 586 659 56 priã ad Cecilium/ au .2. liure/ en la .3.

96 632 662 54 epistre. Ce mesme au .3. traicte de la si¬

99 677 657 59 plesse des prelatz. Chrysost. en son oeu

96 726 660 54 ure ĩparfaict au .7. c. sur ces motz. Et

95 770 661 55 les enseignoit cõme ayãt la puissãce.

98 815 653 56 Hiero. sur S. Matth. au .24. c. au .4.

95 862 661 58 liure. Et sur Malach. au ,2. chap̃. Au¬

98 912 659 50 gu. au .3. liure du baptesme contre les

97 954 659 59 Donatistes au .9. c. Castꝰ euesque au

101 1001 653 56 5. chap̃. Cypriã ad Põpeium. En en¬

101 1048 664 54 suyuãt dõc lescripture ⁊ les docteurs/

98 1094 659 54 p̃alleguez il ne fault receuoir aucune

97 1139 659 55 doctrine: (cõbien q̃lle semble saĩcte ou

99 1187 655 54 belle en apparẽce) qͥ cõtreuiẽt directe¬

98 1233 655 53 mẽt ou indirectemẽt a la saincte Escri

103 1275 651 65 pture/ a laq̃lle seulle il fault obeyr (re

489 1318 264 71 C 4 iectãt

762 61 130 83 esa.30.a.
