968 1444
228 44 674 56 iectãt toute coustume au cõtraire: tẽps

233 89 669 57 ⁊ ꝑsonnes) si noꝰ uoulõs estre les di¬

230 134 670 58 sciples de Iesꝰ Christ. Car cõe dit S.

234 182 666 60 Iehã.15.a. Se uoꝰ faictes ce q̃ ie uoꝰ

227 230 674 57 cõmande maintenãt ne uoꝰ appelle¬

229 279 670 53 ray ie pas seruiteͬ/ mais amys: sur les

229 321 672 56 quelles parolles dit S. Cypriã ad Ce¬

229 370 672 54 ciliũ au .2 liure/ en la .2. epistre. Que

231 414 669 60 Christ doibue estre seul ouy/ le Pere le

227 462 671 57 tesmoigne du ciel/ disãt: Cestuy est mõ

237 508 663 55 filz le biẽ ayme auq̃l ay mis mõ cõsen

225 555 673 55 temẽt/ escoutez le. Parquoy sil est ain

228 599 668 58 si q̃ Christ seul doibt estre escoute/ noꝰ

225 647 671 54 ne debuõs poĩt regarder q̃lle chose au

227 693 667 53 cun deuãt noꝰ a estime destre bõ de fai

225 738 669 57 re:mais q̃lle chose Christ qͥ est deuant

227 785 669 54 tous les aultres. Car aussi ne fault il

228 830 665 58 pas ensuyuir la coustume de lhõme:

229 879 666 54 mais la uerite de Dieu/ attẽdu que le

231 924 659 57 Seigͬ parle ⁊ dit ꝑ le ꝓphcte. Esaye.

230 970 661 56 29.d. Matth.15.a. Il me font hõneur

231 1018 662 56 sãs cause en enseignãt les mãdemẽtz

233 1063 656 56 ⁊ doctrines des hões. Et de rechef en

229 1107 664 57 Leuãgile/ uoꝰ reiectez les cõmande¬

229 1156 661 55 mẽtz de Dieu poͬ establir uoz tradi¬

226 1200 664 56 tiõs. Et pourtãt cher frere: si aucũ de

227 1249 659 80 noz p̃decesseurs/ ou par ignorãce/ ou ꝑ

805 1295 81 63 sim¬

82 349 127 58 Cypriã.

83 490 139 62 mat.17.b
