975 1449
83 33 663 74 simplesse na pas obserue ⁊ garde ce q̃

82 95 665 57 le Seigñr noꝰ a enseigne de faire par

86 141 660 57 son exemple ou sa doctrine cela peult

82 185 665 58 estre admis par sa sĩplesse/ ⁊ luy peult

81 232 662 58 estre pardõne ꝑ lindulgẽce du Seigͬ:

80 280 666 56 Mais il ne noꝰ pourra estre ꝑdonne a

78 326 666 56 noꝰ qͥ sõmes maintenãt admõnestez ⁊

79 371 666 58 instruictz du Seigñr ⁊c. Par tãt aussi

81 417 665 57 dit Orige. sur Ezechiel en la .7. hom.

83 463 662 59 q̃ ne suyuõs ꝑsonne/ ⁊ si noꝰ uoulons

82 508 661 61 ensuyuir q̃lcun/ Iesꝰ Christ nous est

79 559 553 55 mis au deuant pour lensuyuir.

186 606 494 67 ¶ De leglise. Chap̃,7.

131 664 612 63 ¶ Ie cõfesse une seule eglise/ qui est

84 715 659 57 la cõgregation de toꝰ les esleuz ⁊ pre¬

86 761 659 56 destinez qͥ furent des le cõmencement

86 807 657 57 du mõde/ ⁊ serõt iusque a la fin/ de la¬

87 854 528 61 quelle Iesus Christ est le chef.

241 900 499 63 Enoit soit Dieu ⁊ le Pere

247 959 493 66 de nostre Seigneur Iesus

243 1015 497 71 Christ qͥ noꝰ a beneict en

88 1074 621 65 toute. Uoyez tout le chapitre.

134 1126 605 73 Ainsi qͥl est ung corps/ ⁊ iceluy a

90 1188 653 61 plusieurs mẽbres ⁊ toꝰ les mẽbres

90 1244 653 77 du corps/ ia soit qͥlz soyẽt plusieurs

99 935 137 154 B

450 1300 288 71 C 5 neãt¬

746 897 134 66 Eph.1.a

745 1122 134 85 1.co.12.b.
