970 1446
233 57 658 65 neãtmoins sont ung corps: en telle

233 113 658 67 maniere aussi est Christ. Car cer¬

233 170 660 68 tes noꝰ sõmes toꝰ baptisez/ en ung

233 226 658 68 Esprit/ en ung corps/ soyẽt Iuifz/

238 278 654 72 soyẽt Gẽtilz/ soyẽt serfz/ soyẽt non

238 340 654 67 serfz/ ⁊ noꝰ tous sommes abbreuez

233 395 661 70 dung Esprit/ car aussi le corps nest

233 453 641 67 point ung mẽbre/ mais plusieurs.

284 507 609 68 Les femmes soyẽt subiectes a

233 567 659 66 leurs marys/ ainsi q̃ a nostre Sei¬

235 624 658 65 gneͬ: car le mary est chef de la fẽme

233 678 660 70 ainsi q̃ Christ est chief de Legli¬

235 737 657 70 se: ⁊ iceluy est le sauueur de sõ corps.

233 793 660 66 Et ainsi que Leglise est subiecte a

233 849 658 70 Christ: ainsi aussi les fẽmes soyẽt

230 909 604 63 a leurs maris en toutes choses.

279 961 610 70 Uoꝰ maris/ aymez uoz femmes

229 1019 662 68 ainsi q̃ Christ a ayme Leglise/ ⁊ se

232 1075 660 73 est dõne soymesme poͬ elle/ affin qͥl

233 1136 658 64 la sanctifiast/ la nettoyãt par le la¬

232 1193 655 63 uemẽt deaue/ par la parolle de uie:

233 1246 658 76 affin quil rendit a soy Leglise glo¬

763 1309 126 69 rieuse

98 509 136 70 Eph.5.e.

97 965 147 64 Eph.5.e.
