<?xml version="1.0" encoding="UTF-8"?>
<alto xmlns:xsi="http://www.w3.org/2001/XMLSchema-instance"
      xmlns="http://www.loc.gov/standards/alto/ns-v4#"
      xsi:schemaLocation="http://www.loc.gov/standards/alto/ns-v4# http://www.loc.gov/standards/alto/v4/alto-4-2.xsd">
  <Description>
    <MeasurementUnit>pixel</MeasurementUnit>
    <sourceImageInformation>
      <fileName>48_645fe_default.jpg</fileName>
      <fileIdentifier>https://iiif.onb.ac.at/images/ABO/Z179604507/00000049/full/full/0/default.jpg</fileIdentifier>
    </sourceImageInformation>
  </Description>
  <Tags>
    <OtherTag ID="BT7" LABEL="CustomZone" DESCRIPTION="block type CustomZone"/><OtherTag ID="BT8" LABEL="DamageZone" DESCRIPTION="block type DamageZone"/><OtherTag ID="BT9" LABEL="DigitizationArtefactZone" DESCRIPTION="block type DigitizationArtefactZone"/><OtherTag ID="BT10" LABEL="DropCapitalZone" DESCRIPTION="block type DropCapitalZone"/><OtherTag ID="BT11" LABEL="GraphicZone" DESCRIPTION="block type GraphicZone"/><OtherTag ID="BT12" LABEL="MainZone" DESCRIPTION="block type MainZone"/><OtherTag ID="BT13" LABEL="MarginTextZone" DESCRIPTION="block type MarginTextZone"/><OtherTag ID="BT14" LABEL="MusicZone" DESCRIPTION="block type MusicZone"/><OtherTag ID="BT15" LABEL="NumberingZone" DESCRIPTION="block type NumberingZone"/><OtherTag ID="BT17" LABEL="QuireMarksZone" DESCRIPTION="block type QuireMarksZone"/><OtherTag ID="BT18" LABEL="RunningTitleZone" DESCRIPTION="block type RunningTitleZone"/><OtherTag ID="BT19" LABEL="SealZone" DESCRIPTION="block type SealZone"/><OtherTag ID="BT20" LABEL="StampZone" DESCRIPTION="block type StampZone"/><OtherTag ID="BT21" LABEL="TableZone" DESCRIPTION="block type TableZone"/><OtherTag ID="BT22" LABEL="TitlePageZone" DESCRIPTION="block type TitlePageZone"/>
    <OtherTag ID="LT7" LABEL="CustomLine" DESCRIPTION="line type CustomLine"/><OtherTag ID="LT8" LABEL="DefaultLine" DESCRIPTION="line type DefaultLine"/><OtherTag ID="LT9" LABEL="DropCapitalLine" DESCRIPTION="line type DropCapitalLine"/><OtherTag ID="LT10" LABEL="HeadingLine" DESCRIPTION="line type HeadingLine"/><OtherTag ID="LT11" LABEL="InterlinearLine" DESCRIPTION="line type InterlinearLine"/><OtherTag ID="LT12" LABEL="MusicLine" DESCRIPTION="line type MusicLine"/><OtherTag ID="LT1007" LABEL="default" DESCRIPTION="line type default"/>
  </Tags>
  <Layout>
    <Page WIDTH="973"
          HEIGHT="1447"
          PHYSICAL_IMG_NR="48"
          ID="eSc_dummypage_">
      <PrintSpace HPOS="0"
                  VPOS="0"
                  WIDTH="973"
                  HEIGHT="1447">
        <TextBlock HPOS="38"
                   VPOS="55"
                   WIDTH="168"
                   HEIGHT="163"
                   ID="eSc_textblock_e78c6c3c"
                   TAGREFS="BT10">
          <Shape><Polygon POINTS="38 55 38 218 206 218 206 55"/></Shape>
          <TextLine ID="eSc_line_b053efbb"
                    TAGREFS="LT9"
                    BASELINE="62 199 181 198" 
                    HPOS="60"
                    VPOS="79"
                    WIDTH="135"
                    HEIGHT="144">
            <Shape><Polygon POINTS="61 218 178 223 179 197 195 79 93 82 60 171 61 198"/></Shape>
            <String CONTENT="P"
                    HPOS="60"
                    VPOS="79"
                    WIDTH="135"
                    HEIGHT="144"
                    WC="0.9005574882030487"></String>
          </TextLine>
        </TextBlock>
        <TextBlock HPOS="27"
                   VPOS="37"
                   WIDTH="696"
                   HEIGHT="1276"
                   ID="eSc_textblock_f473f423"
                   TAGREFS="BT12">
          <Shape><Polygon POINTS="27 37 37 1313 723 1310 715 37"/></Shape>
          <TextLine ID="eSc_line_0e9e4a0f"
                    TAGREFS="LT8"
                    BASELINE="204 96 699 88" 
                    HPOS="201"
                    VPOS="30"
                    WIDTH="497"
                    HEIGHT="84">
            <Shape><Polygon POINTS="202 107 310 107 340 114 341 114 342 114 344 114 374 107 391 113 392 113 393 113 469 112 470 112 491 103 555 110 556 110 596 109 597 109 598 109 598 108 606 102 667 108 668 108 669 108 698 98 698 86 695 39 526 40 503 30 502 30 500 30 499 30 447 43 394 42 383 32 382 32 381 32 380 32 288 33 239 43 228 34 226 34 225 34 224 34 223 34 222 34 212 40 201 36 202 95 202 107"/></Shape>
            <String CONTENT="Arolle fidele si aucun desi¬"
                    HPOS="201"
                    VPOS="30"
                    WIDTH="497"
                    HEIGHT="84"
                    WC="0.9901701020342963"></String>
          </TextLine>
          <TextLine ID="eSc_line_8e983d27"
                    TAGREFS="LT8"
                    BASELINE="208 151 704 147" 
                    HPOS="207"
                    VPOS="101"
                    WIDTH="497"
                    HEIGHT="68">
            <Shape><Polygon POINTS="208 151 208 160 330 169 331 169 332 169 365 159 398 159 416 168 417 168 418 168 418 168 443 161 463 167 463 167 464 167 465 167 466 167 479 159 488 163 488 163 489 163 490 163 496 159 509 168 509 168 510 168 511 168 540 163 558 168 558 168 559 168 560 168 561 168 571 159 593 162 594 162 595 162 595 162 600 158 619 163 620 163 621 163 622 163 638 158 647 166 647 167 648 167 648 167 649 168 672 168 672 167 673 167 673 167 689 158 703 158 704 147 702 101 672 101 671 101 670 101 669 101 669 102 661 110 640 101 639 101 619 101 619 101 618 101 590 108 577 102 576 102 575 102 574 102 560 107 531 102 530 102 529 102 512 111 484 111 473 103 472 103 472 103 471 103 399 111 386 103 385 103 385 103 384 103 383 103 382 103 373 112 357 112 337 103 336 103 303 103 303 103 302 103 284 112 267 104 266 104 266 104 265 104 240 113 207 113 208 151"/></Shape>
            <String CONTENT="re loffice de Euesq̃ il desi¬"
                    HPOS="207"
                    VPOS="101"
                    WIDTH="497"
                    HEIGHT="68"
                    WC="0.9926864175960936"></String>
          </TextLine>
          <TextLine ID="eSc_line_8d36c31c"
                    TAGREFS="LT8"
                    BASELINE="198 206 705 206" 
                    HPOS="198"
                    VPOS="160"
                    WIDTH="507"
                    HEIGHT="63">
            <Shape><Polygon POINTS="198 206 198 218 204 222 205 222 205 222 206 222 238 218 252 222 253 222 254 222 254 222 270 217 287 222 287 222 288 222 344 217 363 222 364 222 365 222 426 217 444 217 450 222 451 222 451 222 452 222 453 222 470 217 517 222 517 222 555 217 570 222 571 222 572 222 573 222 591 217 595 222 596 222 597 222 598 223 628 223 628 222 628 222 629 222 629 221 633 217 645 222 646 222 647 222 705 219 705 206 705 169 689 160 688 160 673 160 673 160 672 160 671 160 662 168 640 160 640 160 639 160 605 164 599 160 599 160 598 160 562 160 561 160 560 160 559 160 559 161 552 167 548 163 547 163 546 163 546 163 545 163 529 169 498 168 493 163 493 163 492 163 492 163 491 163 490 163 478 169 456 164 455 164 455 164 454 164 447 170 398 170 381 161 380 161 379 161 378 161 377 161 377 162 369 170 345 170 340 164 340 163 339 163 338 163 337 163 336 163 336 163 336 164 329 170 308 170 282 160 281 160 254 160 254 160 253 160 252 160 252 161 242 169 213 163 212 163 211 163 198 169 198 206"/></Shape>
            <String CONTENT="re bõne oeuure: car il fault"
                    HPOS="198"
                    VPOS="160"
                    WIDTH="507"
                    HEIGHT="63"
                    WC="0.9977147928599653"></String>
          </TextLine>
          <TextLine ID="eSc_line_7a0cb838"
                    TAGREFS="LT8"
                    BASELINE="41 265 705 262" 
                    HPOS="40"
                    VPOS="214"
                    WIDTH="665"
                    HEIGHT="64">
            <Shape><Polygon POINTS="41 265 41 278 704 276 705 262 703 225 648 219 648 219 647 219 646 219 639 225 603 225 589 216 588 216 587 216 587 216 559 219 552 214 551 214 550 214 496 214 495 214 494 214 493 214 478 226 391 226 365 218 364 218 363 218 362 218 361 218 352 225 324 215 323 215 322 215 321 215 310 221 297 215 296 215 295 215 261 219 260 219 259 219 254 224 224 216 223 216 222 216 184 217 183 217 154 226 125 223 116 216 115 216 114 216 114 216 40 221 41 265"/></Shape>
            <String CONTENT="q̃ Leuesque soit irreprehẽsible/ ma¬"
                    HPOS="40"
                    VPOS="214"
                    WIDTH="665"
                    HEIGHT="64"
                    WC="0.9926526111525458"></String>
          </TextLine>
          <TextLine ID="eSc_line_2950a7a6"
                    TAGREFS="LT8"
                    BASELINE="41 322 704 319" 
                    HPOS="40"
                    VPOS="273"
                    WIDTH="664"
                    HEIGHT="66">
            <Shape><Polygon POINTS="41 322 41 332 52 338 53 338 53 339 92 339 92 338 93 338 94 338 102 332 210 338 211 338 212 338 224 332 291 332 299 337 299 337 300 337 301 338 325 338 325 337 326 337 342 332 353 336 354 336 355 336 412 332 432 337 433 337 434 337 435 337 455 332 481 337 482 337 525 331 536 336 537 336 537 336 592 332 619 336 620 336 621 336 635 331 702 336 704 319 702 278 652 278 652 278 651 278 650 278 644 282 613 273 612 273 611 273 611 273 610 273 596 282 495 282 473 274 472 274 434 274 433 274 432 274 406 283 375 283 322 274 321 274 320 274 294 282 275 274 275 274 274 274 273 274 250 283 233 274 232 274 231 274 185 283 158 274 157 274 156 274 121 278 104 274 103 274 102 274 58 283 40 280 41 322"/></Shape>
            <String CONTENT="ry dune seule fẽme/ sobre/ prudent/"
                    HPOS="40"
                    VPOS="273"
                    WIDTH="664"
                    HEIGHT="66"
                    WC="0.9790660474035475"></String>
          </TextLine>
          <TextLine ID="eSc_line_36be1365"
                    TAGREFS="LT8"
                    BASELINE="41 378 705 376" 
                    HPOS="41"
                    VPOS="330"
                    WIDTH="664"
                    HEIGHT="67">
            <Shape><Polygon POINTS="41 378 41 389 75 389 88 396 89 396 90 396 90 396 91 396 114 389 136 396 137 396 138 397 173 397 173 396 174 396 185 390 196 396 197 396 197 397 238 397 238 396 238 396 266 388 291 388 308 395 309 395 310 396 330 396 330 395 331 395 332 395 344 388 361 395 361 395 362 395 397 388 467 388 477 395 478 395 479 395 480 395 507 389 517 394 518 394 519 395 561 395 561 394 562 394 584 387 611 393 612 394 652 394 652 393 652 393 674 387 704 390 705 376 703 339 653 330 652 330 619 331 619 331 618 331 603 340 578 333 578 333 577 333 560 336 550 330 549 330 548 330 506 334 500 330 500 330 499 330 498 330 497 330 480 334 445 331 444 331 443 331 443 331 427 341 410 341 390 331 390 331 389 331 348 336 329 331 328 331 328 331 327 331 306 338 262 331 262 331 261 331 241 338 213 332 212 332 211 332 189 341 171 337 170 337 169 337 168 337 162 341 86 338 85 338 41 342 41 378"/></Shape>
            <String CONTENT="aorne/ chaste/ faisant/ hospitalite/"
                    HPOS="41"
                    VPOS="330"
                    WIDTH="664"
                    HEIGHT="67"
                    WC="0.9929977787865533"></String>
          </TextLine>
          <TextLine ID="eSc_line_bf6d699d"
                    TAGREFS="LT8"
                    BASELINE="43 434 707 433" 
                    HPOS="42"
                    VPOS="389"
                    WIDTH="665"
                    HEIGHT="61">
            <Shape><Polygon POINTS="43 434 43 443 103 448 104 448 173 443 188 449 188 449 189 449 190 449 211 443 229 449 229 449 230 450 327 450 327 449 328 449 328 449 336 443 373 448 373 448 374 448 398 442 447 442 481 448 482 448 535 442 546 448 546 448 547 449 571 449 571 448 596 442 607 448 607 448 608 449 632 449 632 448 633 448 645 442 706 442 707 433 706 391 673 389 673 389 672 389 652 395 644 391 643 391 642 391 641 391 624 396 583 389 582 389 481 396 463 389 463 389 462 389 388 393 378 389 377 389 377 389 376 389 375 389 362 397 347 397 336 389 336 389 335 389 334 389 333 389 314 397 299 389 299 389 298 389 297 389 281 397 261 390 260 390 259 390 205 397 101 397 91 391 90 391 90 391 89 391 88 391 87 391 78 397 65 389 65 389 64 389 42 389 43 434"/></Shape>
            <String CONTENT="docteur/ nõ point adõne au uin/ ne"
                    HPOS="42"
                    VPOS="389"
                    WIDTH="665"
                    HEIGHT="61"
                    WC="0.9868219494819641"></String>
          </TextLine>
          <TextLine ID="eSc_line_b9a45563"
                    TAGREFS="LT8"
                    BASELINE="43 491 706 488" 
                    HPOS="42"
                    VPOS="442"
                    WIDTH="664"
                    HEIGHT="66">
            <Shape><Polygon POINTS="43 491 43 504 79 500 106 508 106 508 107 508 180 508 180 508 181 508 182 508 192 500 229 506 230 506 270 499 302 506 303 506 303 506 315 500 364 499 372 503 373 503 373 503 401 498 433 506 434 506 435 506 435 506 453 498 499 501 500 501 573 497 588 505 589 505 590 506 705 506 706 488 703 452 665 452 645 442 644 442 644 442 582 452 515 446 514 446 513 446 489 453 461 443 460 443 426 443 425 443 424 443 423 443 415 450 394 444 394 444 393 444 367 449 353 444 352 444 351 444 350 444 322 454 307 446 307 446 306 446 305 446 304 446 294 454 279 446 278 446 277 446 276 446 261 455 207 455 137 453 126 445 125 445 124 445 123 445 103 449 95 445 94 445 94 445 42 445 43 491"/></Shape>
            <String CONTENT="batteur: mais modeste/ nõ noyseux"
                    HPOS="42"
                    VPOS="442"
                    WIDTH="664"
                    HEIGHT="66"
                    WC="0.9882610001984764"></String>
          </TextLine>
          <TextLine ID="eSc_line_0c00f936"
                    TAGREFS="LT8"
                    BASELINE="44 551 307 547 708 547" 
                    HPOS="43"
                    VPOS="502"
                    WIDTH="665"
                    HEIGHT="63">
            <Shape><Polygon POINTS="44 551 44 565 76 558 106 558 113 563 114 563 114 563 115 563 167 558 196 565 197 565 197 565 198 565 206 558 235 557 271 564 272 564 405 557 539 563 540 563 541 563 541 563 550 557 570 561 571 561 572 561 573 561 594 556 619 556 636 562 636 562 637 562 680 558 706 562 708 547 707 510 666 502 665 502 665 502 664 502 656 507 646 503 645 503 644 503 612 509 587 505 586 505 519 510 506 502 505 502 504 502 449 502 448 502 447 502 431 511 419 511 409 503 408 503 407 503 406 503 383 508 331 503 330 503 329 503 311 512 262 512 238 503 238 503 237 503 236 503 226 508 186 504 185 504 184 504 166 512 124 512 82 504 81 504 80 504 65 512 43 512 44 551"/></Shape>
            <String CONTENT="nõ auaricieux/ mais biẽ pouruoyãt"
                    HPOS="43"
                    VPOS="502"
                    WIDTH="665"
                    HEIGHT="63"
                    WC="0.995682900150617"></String>
          </TextLine>
          <TextLine ID="eSc_line_582257da"
                    TAGREFS="LT8"
                    BASELINE="43 606 704 604" 
                    HPOS="42"
                    VPOS="557"
                    WIDTH="662"
                    HEIGHT="67">
            <Shape><Polygon POINTS="43 606 43 621 145 624 146 624 147 624 174 616 223 619 224 619 271 615 315 623 316 624 340 624 340 623 341 623 342 623 348 618 369 623 369 623 370 623 387 617 455 623 455 623 456 623 486 614 517 623 517 623 518 623 554 623 554 623 555 623 556 623 567 614 608 614 619 619 619 619 620 619 651 614 681 623 682 623 683 623 703 618 704 604 702 565 633 565 604 557 603 557 603 557 602 557 586 564 575 557 574 557 574 557 573 557 540 562 530 557 529 557 484 557 483 557 482 557 471 563 446 558 445 558 444 558 443 558 433 565 371 558 370 558 369 558 344 566 275 566 254 559 253 559 221 559 221 559 220 559 200 566 164 565 156 559 155 559 154 559 153 559 122 563 92 559 91 559 90 559 90 559 81 565 65 560 65 560 64 560 63 560 42 567 43 606"/></Shape>
            <String CONTENT="a sa famille/ ayãt enfantz subiectz"
                    HPOS="42"
                    VPOS="557"
                    WIDTH="662"
                    HEIGHT="67"
                    WC="0.9996878918674257"></String>
          </TextLine>
          <TextLine ID="eSc_line_6e449d53"
                    TAGREFS="LT8"
                    BASELINE="44 664 431 661" 
                    HPOS="43"
                    VPOS="617"
                    WIDTH="388"
                    HEIGHT="63">
            <Shape><Polygon POINTS="44 664 44 675 98 680 98 680 134 673 156 679 156 679 157 679 158 679 177 672 184 679 185 679 186 679 187 679 188 679 202 674 237 679 238 679 238 679 266 672 275 678 276 678 277 678 278 679 295 679 295 678 295 678 296 678 296 677 302 671 358 671 366 677 367 677 368 677 369 678 404 678 404 677 405 677 431 670 431 661 430 625 396 625 380 617 379 617 378 617 377 617 377 617 365 625 352 625 344 618 344 617 344 617 343 617 342 617 341 617 327 625 316 625 307 618 307 617 307 617 306 617 305 617 263 623 257 618 257 617 256 617 255 617 237 617 236 617 221 618 221 618 220 618 209 626 176 626 147 618 147 618 146 618 145 618 144 618 144 618 136 627 125 627 116 619 116 618 115 618 114 618 114 618 66 627 53 620 52 620 51 620 50 620 49 620 43 624 44 664"/></Shape>
            <String CONTENT="en toute chastete ⁊c."
                    HPOS="43"
                    VPOS="617"
                    WIDTH="388"
                    HEIGHT="63"
                    WC="0.999494751294454"></String>
          </TextLine>
          <TextLine ID="eSc_line_cb0c5923"
                    TAGREFS="LT8"
                    BASELINE="105 719 704 720" 
                    HPOS="104"
                    VPOS="669"
                    WIDTH="600"
                    HEIGHT="70">
            <Shape><Polygon POINTS="104 737 126 738 127 738 127 738 128 738 139 729 185 729 198 738 199 738 200 738 201 738 246 729 272 729 283 738 284 738 285 738 286 739 325 739 325 738 326 738 327 738 336 732 402 738 402 738 403 738 435 729 494 729 520 738 521 738 521 739 536 739 536 738 537 738 537 738 550 729 563 733 564 733 565 733 566 733 578 729 589 738 590 738 591 738 591 738 636 729 648 737 649 737 650 737 651 737 703 737 704 720 703 674 662 669 661 669 660 669 636 680 599 680 569 673 568 673 567 673 566 673 557 680 537 674 537 674 536 674 535 674 534 674 526 679 503 669 502 669 501 669 500 669 480 675 464 669 463 669 422 669 422 669 421 669 400 680 335 680 322 669 321 669 320 669 299 669 299 669 298 669 270 680 247 672 246 672 246 672 224 676 209 672 209 672 208 672 207 672 206 672 200 676 184 672 183 672 182 672 181 672 180 672 170 680 146 680 128 669 127 669 127 669 126 669 125 669 109 674 107 672 105 719 104 737"/></Shape>
            <String CONTENT="Ie tay laisse en Crete pour ceste"
                    HPOS="104"
                    VPOS="669"
                    WIDTH="600"
                    HEIGHT="70"
                    WC="0.9993574547045159"></String>
          </TextLine>
          <TextLine ID="eSc_line_c5433444"
                    TAGREFS="LT8"
                    BASELINE="47 777 705 774" 
                    HPOS="46"
                    VPOS="729"
                    WIDTH="659"
                    HEIGHT="67">
            <Shape><Polygon POINTS="47 777 47 791 65 788 79 795 80 795 81 796 132 796 132 795 133 795 134 795 143 788 194 788 206 795 207 795 208 795 209 796 233 796 233 795 234 795 234 795 245 789 258 795 259 795 260 795 330 795 330 795 331 795 353 787 398 791 398 791 441 787 468 795 469 795 470 795 471 795 483 789 552 787 560 792 561 792 562 792 562 792 563 792 578 789 612 794 613 794 614 794 615 794 625 787 637 793 638 793 664 794 665 794 704 786 705 774 704 739 667 729 666 729 627 729 626 729 625 729 591 739 548 739 516 729 515 729 514 729 513 729 500 737 470 739 454 729 453 729 452 729 451 729 451 729 418 740 356 740 345 733 344 733 344 733 343 733 342 733 341 733 333 737 302 732 301 732 273 738 257 730 256 730 222 730 221 730 221 730 203 740 175 734 174 734 173 734 161 739 148 730 147 730 147 730 146 730 145 730 111 739 97 730 96 730 95 730 65 730 64 730 63 730 46 737 47 777"/></Shape>
            <String CONTENT="chose/ affin q̃ tu corrige les choses"
                    HPOS="46"
                    VPOS="729"
                    WIDTH="659"
                    HEIGHT="67"
                    WC="0.9870345608608143"></String>
          </TextLine>
          <TextLine ID="eSc_line_89a1d80b"
                    TAGREFS="LT8"
                    BASELINE="48 835 706 832" 
                    HPOS="47"
                    VPOS="786"
                    WIDTH="659"
                    HEIGHT="66">
            <Shape><Polygon POINTS="48 835 48 845 57 844 71 852 72 852 73 852 73 852 74 852 84 844 106 850 106 850 107 850 108 850 109 850 119 844 140 844 151 852 152 852 153 852 154 852 195 852 195 852 196 852 213 844 299 844 375 851 376 851 398 850 398 850 399 850 412 843 480 843 500 850 500 850 501 850 502 850 515 845 553 848 554 848 579 842 589 849 590 849 591 849 591 850 638 850 638 849 639 849 656 844 676 849 677 849 677 849 678 849 706 841 706 832 705 794 673 786 673 786 672 786 658 793 478 787 477 787 476 787 476 787 465 795 428 795 390 787 390 787 389 787 366 795 356 791 355 791 354 791 353 791 353 791 347 795 283 795 238 787 238 787 237 787 216 793 184 788 183 788 182 788 164 795 114 788 114 788 113 788 98 796 47 796 48 835"/></Shape>
            <String CONTENT="qui deffaillent/ ⁊ q̃ tu cõstitue preb¬"
                    HPOS="47"
                    VPOS="786"
                    WIDTH="659"
                    HEIGHT="66"
                    WC="0.9770195424556732"></String>
          </TextLine>
          <TextLine ID="eSc_line_39417fa9"
                    TAGREFS="LT8"
                    BASELINE="52 893 705 887" 
                    HPOS="51"
                    VPOS="843"
                    WIDTH="654"
                    HEIGHT="67">
            <Shape><Polygon POINTS="52 893 52 910 108 901 143 909 144 909 168 908 169 908 189 900 225 903 225 903 287 899 299 903 299 903 300 903 324 899 351 906 352 906 353 906 385 905 386 905 406 898 451 905 451 905 479 900 506 904 507 904 508 904 509 904 514 900 573 901 574 901 574 901 592 897 642 904 643 904 704 899 705 887 702 852 576 852 560 843 559 843 558 843 558 843 537 847 517 843 517 843 459 844 459 844 447 849 414 844 414 844 413 844 402 850 364 849 363 849 362 849 346 854 332 844 332 844 331 844 330 844 317 845 316 845 316 845 303 856 281 856 238 845 237 845 236 845 215 856 159 848 158 848 157 848 141 856 116 847 115 847 114 847 114 847 102 851 51 848 52 893"/></Shape>
            <String CONTENT="stres par les citez ainsi cõme moy¬"
                    HPOS="51"
                    VPOS="843"
                    WIDTH="654"
                    HEIGHT="67"
                    WC="0.9972482555442386"></String>
          </TextLine>
          <TextLine ID="eSc_line_263f6ea2"
                    TAGREFS="LT8"
                    BASELINE="51 949 707 946" 
                    HPOS="50"
                    VPOS="899"
                    WIDTH="657"
                    HEIGHT="68">
            <Shape><Polygon POINTS="51 949 51 959 70 958 84 966 85 966 86 966 86 967 139 967 139 966 140 966 169 958 229 958 246 965 247 965 248 965 249 965 270 959 283 965 283 965 284 966 331 966 331 965 332 965 351 957 386 965 387 965 388 965 412 957 435 964 436 964 437 964 438 964 460 957 478 957 491 964 492 964 492 964 493 964 494 964 495 964 509 956 538 960 539 960 540 960 549 956 608 956 622 964 623 964 624 964 624 965 637 965 637 964 638 964 639 964 649 956 671 963 672 963 673 963 707 958 707 946 706 899 689 899 688 899 687 899 686 899 673 908 624 908 615 903 615 903 614 903 613 903 612 903 606 907 588 902 587 902 587 902 586 902 573 908 537 908 504 899 504 899 503 899 502 899 488 903 444 900 443 900 443 900 431 905 418 900 417 900 374 900 373 900 373 900 355 908 339 901 338 901 337 901 336 901 324 908 294 908 274 900 273 900 272 900 271 900 258 905 209 902 208 902 207 902 206 902 196 910 159 910 141 901 140 901 125 901 124 901 123 901 123 901 110 909 50 909 51 949"/></Shape>
            <String CONTENT="mesme ie tẽ ay dispose/ se aucun est"
                    HPOS="50"
                    VPOS="899"
                    WIDTH="657"
                    HEIGHT="68"
                    WC="0.9900809284803029"></String>
          </TextLine>
          <TextLine ID="eSc_line_85e6db58"
                    TAGREFS="LT8"
                    BASELINE="54 1007 706 1004" 
                    HPOS="53"
                    VPOS="959"
                    WIDTH="653"
                    HEIGHT="65">
            <Shape><Polygon POINTS="54 1007 54 1024 90 1020 115 1024 116 1024 117 1024 135 1016 170 1016 186 1023 187 1023 188 1023 188 1023 202 1016 282 1021 283 1021 283 1021 297 1015 311 1023 312 1023 312 1023 313 1023 314 1023 336 1015 357 1023 357 1023 358 1024 379 1024 379 1023 432 1014 507 1014 523 1022 524 1022 525 1023 541 1023 541 1022 607 1013 618 1021 619 1021 619 1021 620 1022 656 1022 656 1021 706 1012 706 1004 704 967 682 967 665 959 664 959 663 959 624 959 624 959 611 966 595 959 594 959 593 959 592 959 576 967 556 959 555 959 554 959 528 959 527 959 526 959 513 967 447 959 446 959 445 959 421 967 397 959 396 959 395 959 394 959 377 969 287 969 278 962 277 962 276 962 275 962 275 962 274 962 266 968 219 968 201 961 200 961 199 961 198 961 197 961 184 970 118 970 98 969 88 961 87 961 86 961 86 961 53 961 54 1007"/></Shape>
            <String CONTENT="sans crime/ mary de une seule fem"
                    HPOS="53"
                    VPOS="959"
                    WIDTH="653"
                    HEIGHT="65"
                    WC="0.9907920974673647"></String>
          </TextLine>
          <TextLine ID="eSc_line_3d95daea"
                    TAGREFS="LT8"
                    BASELINE="51 1065 220 1061 628 1062" 
                    HPOS="50"
                    VPOS="1018"
                    WIDTH="578"
                    HEIGHT="64">
            <Shape><Polygon POINTS="51 1065 52 1082 73 1073 137 1073 151 1081 152 1081 153 1081 185 1080 186 1080 187 1080 194 1075 201 1081 202 1081 203 1081 204 1081 205 1081 205 1081 213 1076 234 1078 234 1078 235 1078 236 1078 243 1073 291 1073 313 1081 314 1081 315 1081 332 1079 333 1079 334 1079 341 1073 373 1081 374 1081 375 1082 447 1082 447 1081 448 1081 468 1073 496 1078 497 1078 523 1073 587 1081 587 1081 627 1072 628 1062 627 1027 547 1027 525 1018 524 1018 432 1018 431 1018 431 1018 418 1024 410 1018 410 1018 409 1018 408 1018 365 1025 350 1018 349 1018 310 1018 309 1018 308 1018 307 1018 301 1023 278 1020 277 1020 276 1020 264 1025 248 1018 247 1018 246 1018 222 1020 221 1020 209 1027 136 1027 122 1020 121 1020 120 1020 119 1020 109 1026 78 1022 77 1022 50 1027 51 1065"/></Shape>
            <String CONTENT="me/ ayant enfantz fideles ⁊c."
                    HPOS="50"
                    VPOS="1018"
                    WIDTH="578"
                    HEIGHT="64"
                    WC="0.9953858831833149"></String>
          </TextLine>
          <TextLine ID="eSc_line_2098e7d5"
                    TAGREFS="LT8"
                    BASELINE="94 1125 303 1119 702 1119" 
                    HPOS="91"
                    VPOS="1067"
                    WIDTH="610"
                    HEIGHT="72">
            <Shape><Polygon POINTS="92 1123 92 1139 140 1131 235 1138 319 1129 363 1137 382 1129 461 1137 481 1128 544 1128 566 1137 645 1137 671 1128 698 1134 701 1117 700 1069 630 1067 620 1075 577 1076 535 1067 517 1076 497 1068 478 1078 366 1071 348 1078 329 1070 283 1078 275 1069 235 1069 197 1080 148 1080 135 1070 130 1070 91 1080 92 1123"/></Shape>
            <String CONTENT="Nourrissez le troupeau de Dieu"
                    HPOS="91"
                    VPOS="1067"
                    WIDTH="610"
                    HEIGHT="72"
                    WC="0.9986439307530721"></String>
          </TextLine>
          <TextLine ID="eSc_line_077868c4"
                    TAGREFS="LT8"
                    BASELINE="54 1178 706 1176" 
                    HPOS="53"
                    VPOS="1130"
                    WIDTH="653"
                    HEIGHT="66">
            <Shape><Polygon POINTS="54 1178 54 1194 95 1195 96 1195 97 1195 111 1188 126 1188 137 1195 138 1195 139 1195 139 1196 188 1196 188 1195 188 1195 204 1188 238 1188 246 1192 247 1192 248 1192 271 1187 344 1187 380 1194 381 1194 381 1194 396 1187 420 1192 421 1192 488 1186 509 1193 509 1193 510 1193 538 1188 550 1193 550 1193 551 1193 588 1188 595 1193 596 1193 597 1193 598 1194 617 1194 617 1193 618 1193 619 1193 627 1188 705 1192 706 1176 704 1139 614 1139 591 1130 591 1130 549 1130 548 1130 547 1130 525 1137 489 1132 488 1132 465 1137 457 1132 456 1132 455 1132 455 1132 383 1139 367 1131 366 1131 340 1131 340 1131 339 1131 338 1131 330 1136 320 1131 320 1131 290 1131 289 1131 271 1131 270 1131 270 1131 262 1138 217 1134 216 1134 215 1134 214 1134 203 1141 185 1141 172 1131 172 1131 171 1131 114 1131 114 1131 113 1131 112 1131 99 1141 53 1141 54 1178"/></Shape>
            <String CONTENT="qui est entre uoꝰ/ pouruoyantz non"
                    HPOS="53"
                    VPOS="1130"
                    WIDTH="653"
                    HEIGHT="66"
                    WC="0.9921662211418152"></String>
          </TextLine>
          <TextLine ID="eSc_line_1017f8ce"
                    TAGREFS="LT8"
                    BASELINE="54 1234 702 1233" 
                    HPOS="53"
                    VPOS="1189"
                    WIDTH="649"
                    HEIGHT="61">
            <Shape><Polygon POINTS="54 1234 54 1250 97 1242 123 1249 124 1249 125 1249 160 1243 167 1249 168 1249 168 1249 169 1250 245 1250 245 1249 246 1249 270 1242 348 1249 348 1249 389 1242 413 1246 414 1246 414 1246 415 1246 422 1242 505 1246 506 1246 525 1242 533 1247 533 1247 534 1247 535 1247 563 1242 571 1248 572 1248 573 1248 574 1248 574 1248 595 1243 686 1246 687 1246 688 1246 702 1241 702 1233 700 1198 649 1198 635 1189 634 1189 633 1189 632 1189 611 1192 515 1189 514 1189 513 1189 498 1196 472 1197 414 1189 414 1189 413 1189 399 1196 385 1192 384 1192 383 1192 382 1192 373 1196 361 1190 361 1190 360 1190 311 1196 270 1190 270 1190 269 1190 268 1190 256 1199 194 1199 185 1192 184 1192 184 1192 117 1190 116 1190 115 1190 114 1190 101 1199 53 1199 54 1234"/></Shape>
            <String CONTENT="point par cõtraincte: mais uolun¬"
                    HPOS="53"
                    VPOS="1189"
                    WIDTH="649"
                    HEIGHT="61"
                    WC="0.9714435619466445"></String>
          </TextLine>
          <TextLine ID="eSc_line_a527bde5"
                    TAGREFS="LT8"
                    BASELINE="53 1294 708 1291" 
                    HPOS="50"
                    VPOS="1240"
                    WIDTH="657"
                    HEIGHT="75">
            <Shape><Polygon POINTS="51 1293 51 1308 84 1307 98 1314 172 1307 184 1315 189 1315 216 1307 245 1315 270 1305 283 1315 335 1308 386 1315 406 1305 453 1313 481 1305 505 1315 591 1315 630 1304 639 1314 707 1310 703 1243 632 1248 591 1240 551 1248 508 1240 497 1249 424 1249 395 1242 371 1249 338 1242 288 1249 276 1242 257 1248 196 1243 184 1251 130 1251 109 1243 50 1250 51 1293"/></Shape>
            <String CONTENT="tairemẽt selon Dieu/ non point poͬ"
                    HPOS="50"
                    VPOS="1240"
                    WIDTH="657"
                    HEIGHT="75"
                    WC="0.981555449962616"></String>
          </TextLine>
        </TextBlock>
        <TextBlock HPOS="550"
                   VPOS="1306"
                   WIDTH="173"
                   HEIGHT="65"
                   ID="eSc_textblock_78e24b83"
                   TAGREFS="BT17">
          <Shape><Polygon POINTS="550 1306 550 1371 723 1371 723 1306"/></Shape>
          <TextLine ID="eSc_line_2dc1220f"
                    TAGREFS="LT8"
                    BASELINE="565 1349 709 1352" 
                    HPOS="564"
                    VPOS="1305"
                    WIDTH="146"
                    HEIGHT="68">
            <Shape><Polygon POINTS="565 1349 564 1363 573 1369 574 1369 574 1369 575 1369 576 1369 599 1363 633 1363 648 1371 649 1371 650 1371 682 1365 691 1372 692 1372 693 1372 693 1373 708 1373 709 1352 710 1312 699 1306 698 1306 697 1306 660 1305 659 1305 658 1305 657 1305 640 1316 617 1308 616 1308 615 1308 615 1308 604 1314 565 1314 565 1349"/></Shape>
            <String CONTENT="occasiõ"
                    HPOS="564"
                    VPOS="1305"
                    WIDTH="146"
                    HEIGHT="68"
                    WC="0.9981761798262596"></String>
          </TextLine>
        </TextBlock>
        <TextBlock HPOS="699"
                   VPOS="40"
                   WIDTH="165"
                   HEIGHT="116"
                   ID="eSc_textblock_513c80cd"
                   TAGREFS="BT13">
          <Shape><Polygon POINTS="699 40 699 156 864 156 864 40"/></Shape>
          <TextLine ID="eSc_line_4ed82ccf"
                    TAGREFS="LT8"
                    BASELINE="704 88 843 86" 
                    HPOS="702"
                    VPOS="43"
                    WIDTH="140"
                    HEIGHT="61">
            <Shape><Polygon POINTS="703 86 703 98 790 104 791 104 842 97 842 85 839 43 702 49 703 86"/></Shape>
            <String CONTENT="1.timo.3."
                    HPOS="702"
                    VPOS="43"
                    WIDTH="140"
                    HEIGHT="61"
                    WC="0.9996910426351759"></String>
          </TextLine>
          <TextLine ID="eSc_line_7432446a"
                    TAGREFS="LT8"
                    BASELINE="706 132 764 131" 
                    HPOS="703"
                    VPOS="96"
                    WIDTH="59"
                    HEIGHT="52">
            <Shape><Polygon POINTS="705 131 705 148 762 148 762 130 759 96 703 101 705 131"/></Shape>
            <String CONTENT="a.b."
                    HPOS="703"
                    VPOS="96"
                    WIDTH="59"
                    HEIGHT="52"
                    WC="0.9998591095209122"></String>
          </TextLine>
        </TextBlock>
        <TextBlock HPOS="701"
                   VPOS="657"
                   WIDTH="153"
                   HEIGHT="70"
                   ID="eSc_textblock_b6205b1b"
                   TAGREFS="BT13">
          <Shape><Polygon POINTS="701 657 701 727 854 727 854 657"/></Shape>
          <TextLine ID="eSc_line_3d7aecb4"
                    TAGREFS="LT8"
                    BASELINE="714 703 843 702" 
                    HPOS="713"
                    VPOS="649"
                    WIDTH="129"
                    HEIGHT="70">
            <Shape><Polygon POINTS="713 701 713 712 782 719 783 719 784 719 801 711 841 711 842 701 842 660 811 651 810 651 808 651 764 660 713 649 713 701"/></Shape>
            <String CONTENT="Tit.1.b."
                    HPOS="713"
                    VPOS="649"
                    WIDTH="129"
                    HEIGHT="70"
                    WC="0.998423159122467"></String>
          </TextLine>
        </TextBlock>
        <TextBlock HPOS="704"
                   VPOS="1082"
                   WIDTH="149"
                   HEIGHT="59"
                   ID="eSc_textblock_192dc875"
                   TAGREFS="BT13">
          <Shape><Polygon POINTS="704 1082 704 1141 853 1141 853 1082"/></Shape>
          <TextLine ID="eSc_line_10501926"
                    TAGREFS="LT8"
                    BASELINE="715 1126 842 1124" 
                    HPOS="713"
                    VPOS="1076"
                    WIDTH="128"
                    HEIGHT="70">
            <Shape><Polygon POINTS="714 1125 714 1146 841 1138 841 1123 839 1088 713 1076 714 1125"/></Shape>
            <String CONTENT="2.Pe.5.a"
                    HPOS="713"
                    VPOS="1076"
                    WIDTH="128"
                    HEIGHT="70"
                    WC="0.9882556423544884"></String>
          </TextLine>
        </TextBlock>
      </PrintSpace>
    </Page>
  </Layout>
</alto>
