975 1448
270 41 665 68 occasiõ de gain deshonneste: mais

269 100 670 60 uoluntairemẽt ⁊ non point comme

272 156 665 65 ayãtz seigneurie sur le clerge: mais

276 215 661 62 soyez de courage lexẽplaire du trou

273 272 664 63 peau. Et quãd le prĩce des pasteurs

274 327 663 67 apparoistra uoꝰ receurez la couron

275 384 501 63 ne incorruptible de gloire.

325 434 606 71 Il ne sera point ainsi entre uoꝰ

273 496 663 67 mais quicõque de uoꝰ: uouldra estre

277 553 654 64 grãd soit ure ministre: ⁊ qͥ entre uoꝰ

275 608 658 66 uouldra estre le premier sera uostre

278 666 650 70 seruiteur/ tout ainsi q̃ le filz de lhõ¬

274 724 647 70 me nest point uenu poͬ estre seruy/

275 782 380 65 mais pour seruir ⁊c.

330 838 591 67 Faictz q̃ nul ne mesprise tõ ado¬

269 892 656 73 lescence: mais soys lexẽple des fi¬

270 951 655 71 deles/ en parolle/ en cõuersation/ en

269 1007 656 71 charite/ en foy/ en chastete/ ce tẽps

269 1064 656 72 pẽdant q̃ ie uiẽdray/ soys attentif a

270 1121 626 70 lecon/ ⁊ admonition ⁊ doctrine ⁊c.

319 1174 602 77 Presche la parolle/ ꝑseuere opor

267 1238 652 70 tunemẽt/ importunement/ argue/

764 1295 152 77 supplie/

137 424 140 69 mat.20.d

136 823 138 54 1.tim̃.4.c

138 1172 133 81 3.tim̃.4a
