959 1448
220 45 677 59 ladicte intelligẽce: car (cõme on scait)

219 90 679 62 ilz tiẽnent plusieͬs benefices cõtre leͬs

230 133 662 64 cõsciences. A lencõtre desq̃lz S. Tho.

230 179 669 67 Daquin/ Albert le grand/ Gerson ⁊

236 232 666 58 la faculte de Paris iadis determine

231 275 670 61 rẽt q̃ nul ne les pouoit tenir in sana cõ

234 323 667 59 scientia: cest adire/ en bõne cõscience ⁊

234 369 667 62 sans peche. Mais reiectãt telle inter¬

235 414 666 63 pretatiõ/ ie me tiẽs a la uraye intelli¬

234 460 663 62 gẽce du texte en ensuyuãt S. Chris. S

236 508 664 62 Hierosme/ lesq̃lz linterpretent de une

240 553 658 63 seule fẽme. Et le reuerẽdissime Tho.

238 599 661 63 Caietanꝰ en ses Quodlibetz ou il dit

236 645 661 66 que le prebstre de leglise latine se peult

235 694 637 59 marier/ en se fondant sur ce passage.

235 739 658 63 Ceste matiere certes se deburoit bien

236 785 660 62 traicter en ung bon concil (leq̃l nous

236 833 659 59 doint Dieu) pour euiter tant de scan¬

236 878 658 61 dales/ las: q̃ font auiourdhuy les gẽs

238 925 592 61 deglise parmy toute la Chrestiẽte.

338 973 465 56 ¶ Du Roy. Chap̃.9.

291 1016 603 65 Ie cõfesse que les roys/ Princes/ ⁊

242 1063 654 64 gouuerneurs sont ordõnez ⁊ establis

241 1110 657 63 ministres de Dieu/ ausquelz on doibt

241 1159 657 55 obeyr: car ilz portent le glaiue pour la

239 1205 656 62 deffence des innocentz/ ⁊ punition des

242 1255 254 61 malfaicteurs.

772 1288 127 72 Toute

91 96 128 103 S. Tho

90 187 129 54 Albert.

100 227 101 64 Gerson.

102 584 111 56 Thom̃.

97 633 129 50 Caieta¬

96 676 80 58 nus.
