960 1447
202 41 682 65 loccasiõ dequoy S. Hierosme dit/ que

204 86 682 66 les armes ⁊ bastons des clercz sont

209 132 681 66 pleurs ⁊ oraisons. Ie mesmerueille cõ

205 179 684 64 ment les Princes ⁊ Seigneurs Chre

211 229 679 59 stiens ne ont aultre coeur de recouurer

209 272 679 67 leur iurisdictiõ/ ueu q̃ elle leur est don

209 319 574 64 nee de Dieu/ ⁊ ostee par tyrãnie.

315 366 473 60 ¶ De la foy ⁊ des bonnes

368 413 395 59 oeuures. Chap̃.10.

273 457 615 64 ¶ Ie cõfesse q̃ foy est don de Dieu/

220 505 674 62 par leq̃l noꝰ sentons ⁊ auõs experiẽce

220 550 673 61 uraye ⁊ certaine de la bõte ⁊ promesse

221 594 670 70 de Dieu: que S. Paul appelle fonde

219 644 675 65 mẽt des choses a esperer/ par laquelle

222 691 668 63 noꝰ sommes faictz enfantz de Dieu.

388 737 502 66 A Foy est fondement des

385 791 503 66 choses quõ doibt esperer/

385 844 510 82 ⁊ faisãt certitude des cho¬

229 913 396 64 ses non apparentes.

281 963 611 75 Certes uoꝰ estes sauuez de gra

227 1024 665 68 ce par la foy/ ⁊ ce nõ point de uous:

228 1080 667 66 car cest don de Dieu/ non point par

225 1137 668 73 oeuures/ affin q̃ nul ne se glorifie.

237 1197 657 69 Nous sommes certes son oeuure/

232 1249 662 77 creez en Iosus Christ/ poͬ faire bõ¬

241 765 134 155 L

808 1315 87 74 nes

84 587 131 71 Hebr.11,a

86 769 133 59 Hebr.11.a

92 967 139 80 Eph.2.b.
