959 1440
192 51 674 72 par la foy/ affin q̃ par grace la pro¬

194 100 677 79 messe soit ferme a toute semẽce: nõ

191 161 683 71 pas seulement a celuy qui est de la

198 216 676 74 loy/ mais aussi a celuy qui est de la

208 279 332 70 foy de Abraham.

260 332 619 71 Et nous sachãt que lhõme nest

206 389 674 71 pas iustifie par les oeuures de la

207 445 672 75 loy/ sinon par la foy de Iesꝰ Christ

208 504 668 72 nous aussi croyõs en Iesꝰ Christ/

208 563 672 72 affin que nous soyons iustifiez par

211 620 669 71 la foy de Christ/ ⁊ non point par

211 677 668 66 les oeuures de la loy. Pource nulle

210 732 667 73 chair ne sera iustifiee par les oeu¬

210 797 282 59 ures de la loy.

267 841 611 80 Pour leq̃l ayt tout estime a detri

219 908 660 69 ment ⁊ lay repute cõme fiens: affin

221 965 660 69 que ie gaigne Christ/ ⁊ affin que ie

226 1021 656 72 soye trouue en luy/ non ayãt ma iu¬

227 1078 658 68 stice qui est de la loy: mais celle qui

224 1132 660 75 est de la foy de Christ/ laq̃lle iusti¬

225 1192 657 69 ce est de Dieu: affin que par foy te

227 1248 657 79 congnoisse iceluy/ ⁊ la puissance de

776 1306 102 78 sa re¬

73 332 134 59 Gal.2.d

75 842 145 91 Phil.3d
