962 1447
82 57 658 58 ydiotz sommes insuffisantz a traicter

78 105 662 58 ⁊ descrire dignement ung tel don de

75 151 664 56 Dieu? Et poͬ ce/ ie uous rẽuoye a La

77 196 660 58 postre/ ⁊ a Lescripture/ ⁊ aux haultz

76 245 642 54 docteurs qͥ en ont tresamplemẽt ꝑle.

75 290 663 56 S. Augustĩ des parolles de Lapostre

74 335 662 58 au .27. sermõ. Itẽ au liure des .50. ho

75 383 665 56 mel. en la .27. homel. Itẽ au p̃mier li¬

75 429 664 56 ure de ses Retractatiõs .23. chap̃. Itẽ

82 474 657 58 sur S. Iehã au traicte .25. au .6. chap̃.

82 519 656 60 Itẽ ad Sixtum en Lepist.105.d. Et

78 566 660 59 Cyrille sur S. Ieh au .2. liu.16. chap̃.

86 614 654 59 Itẽ Orige. en Lepistre aux Rom̃. au

83 662 657 58 3. liure au .3. chap̃. Item S. Ambroise

83 709 657 57 sur Lepistre aux Rom.3. ⁊ .4. Item

82 754 659 57 S. Augu. de la lettre ⁊ de lesperit .12. ⁊

81 799 664 60 13. chap̃. Itẽ S. Chryso. en son oeuure

79 847 661 57 imparfaict sur S. Matthieu .7. c. Itẽ

82 893 659 58 S. Hieros. au Dialogue cõtre les Pe

80 938 661 58 lagiẽs. Itẽ ledict Hierosme. contre les

86 987 656 55 Pelagiẽs au p̃mier liure. Itẽ S. Ber

83 1032 658 56 nard au .5. sermõ de la Dedicace. Itẽ

89 1080 652 55 S. Cyprian cõtre Demetrian au pre¬

86 1127 657 55 mier traicte. Itẽ S. Gregoire au pre¬

87 1172 656 56 mier liure sur Ezechiel en la .7. home.

133 1218 610 54 Les textes de Lescripture saincte/

91 1263 651 65 ⁊ les docteurs icy dessus ꝓduictz mõ¬

640 1315 102 60 strent
