956 1447
217 48 673 59 strent que lhõme est iustifie par la seu

213 97 678 58 le foy en Iesꝰ Christ: ⁊ nõ par les oeu¬

213 144 677 54 ures de quelcõque loy/ soit Diuine ou

212 190 680 57 humaine: Car S. Paul ⁊ Lescripture

212 237 679 56 ne fait pas de differẽce des loix: quãd

211 282 677 58 il dit que lhõme est iustifie par la seu¬

212 328 678 58 le foy: mais dit simplemẽt que par la

212 375 677 56 loy on nest point iustifie. Et que ainsi

219 419 668 59 soit S. Augu. au liure de la lettre ⁊ de

214 467 672 55 Lesperit .12. ⁊ .13. chap̃. assez clairemẽt

209 515 677 55 lexpliq̃ ainsi cõcluant. Parquoy donc

209 561 675 56 cõsiderãt ces choses icy/ ⁊ les traictãt

211 607 670 57 selon les puissances q̃ le Seigñr nous

208 655 672 56 a dõne/ nous trouuõs que lhõme nest

208 701 670 55 pas iustifie par les cõmandementz de

207 746 669 57 bonne uie: sinon par la foy de Iesus

209 794 665 58 Christ: cest adire/ non point par la loy

208 842 661 56 des oeuures/ mais ꝑ la loy de la foy:

208 887 667 57 non point par la lettre: mais par Le¬

209 935 665 54 sperit: non point par les merites des

210 984 664 53 sainctz: mais par grace/ donnee pour

206 1025 667 59 neant ⁊c. Et qui plus est Origene sur

215 1074 655 55 Lepi. aux Rom̃. au .3. liure au .3. chap̃.

208 1119 662 57 dit en ceste forme. Maintenant Lapo

210 1165 664 57 stre: cõme en dõnant la cõclusiõ de tou

210 1212 657 58 tes ses cõfirmations/ dit en ce lieu icy.

218 1257 648 70 Ou est donc ta gloriatiõ? ⁊c. Et dit q̃

816 1307 56 57 la

67 422 143 61 Augustĩ.

70 1051 132 65 Origen.

67 1242 118 71 Ro.3.d.
