<?xml version="1.0" encoding="UTF-8"?>
<alto xmlns:xsi="http://www.w3.org/2001/XMLSchema-instance"
      xmlns="http://www.loc.gov/standards/alto/ns-v4#"
      xsi:schemaLocation="http://www.loc.gov/standards/alto/ns-v4# http://www.loc.gov/standards/alto/v4/alto-4-2.xsd">
  <Description>
    <MeasurementUnit>pixel</MeasurementUnit>
    <sourceImageInformation>
      <fileName>64_dd15c_default.jpg</fileName>
      <fileIdentifier>https://iiif.onb.ac.at/images/ABO/Z179604507/00000065/full/full/0/default.jpg</fileIdentifier>
    </sourceImageInformation>
  </Description>
  <Tags>
    <OtherTag ID="BT7" LABEL="CustomZone" DESCRIPTION="block type CustomZone"/><OtherTag ID="BT8" LABEL="DamageZone" DESCRIPTION="block type DamageZone"/><OtherTag ID="BT9" LABEL="DigitizationArtefactZone" DESCRIPTION="block type DigitizationArtefactZone"/><OtherTag ID="BT10" LABEL="DropCapitalZone" DESCRIPTION="block type DropCapitalZone"/><OtherTag ID="BT11" LABEL="GraphicZone" DESCRIPTION="block type GraphicZone"/><OtherTag ID="BT12" LABEL="MainZone" DESCRIPTION="block type MainZone"/><OtherTag ID="BT13" LABEL="MarginTextZone" DESCRIPTION="block type MarginTextZone"/><OtherTag ID="BT14" LABEL="MusicZone" DESCRIPTION="block type MusicZone"/><OtherTag ID="BT15" LABEL="NumberingZone" DESCRIPTION="block type NumberingZone"/><OtherTag ID="BT17" LABEL="QuireMarksZone" DESCRIPTION="block type QuireMarksZone"/><OtherTag ID="BT18" LABEL="RunningTitleZone" DESCRIPTION="block type RunningTitleZone"/><OtherTag ID="BT19" LABEL="SealZone" DESCRIPTION="block type SealZone"/><OtherTag ID="BT20" LABEL="StampZone" DESCRIPTION="block type StampZone"/><OtherTag ID="BT21" LABEL="TableZone" DESCRIPTION="block type TableZone"/><OtherTag ID="BT22" LABEL="TitlePageZone" DESCRIPTION="block type TitlePageZone"/>
    <OtherTag ID="LT7" LABEL="CustomLine" DESCRIPTION="line type CustomLine"/><OtherTag ID="LT8" LABEL="DefaultLine" DESCRIPTION="line type DefaultLine"/><OtherTag ID="LT9" LABEL="DropCapitalLine" DESCRIPTION="line type DropCapitalLine"/><OtherTag ID="LT10" LABEL="HeadingLine" DESCRIPTION="line type HeadingLine"/><OtherTag ID="LT11" LABEL="InterlinearLine" DESCRIPTION="line type InterlinearLine"/><OtherTag ID="LT12" LABEL="MusicLine" DESCRIPTION="line type MusicLine"/><OtherTag ID="LT1007" LABEL="default" DESCRIPTION="line type default"/>
  </Tags>
  <Layout>
    <Page WIDTH="972"
          HEIGHT="1446"
          PHYSICAL_IMG_NR="64"
          ID="eSc_dummypage_">
      <PrintSpace HPOS="0"
                  VPOS="0"
                  WIDTH="972"
                  HEIGHT="1446">
        <TextBlock HPOS="66"
                   VPOS="46"
                   WIDTH="700"
                   HEIGHT="1263"
                   ID="eSc_textblock_bee7b805"
                   TAGREFS="BT12">
          <Shape><Polygon POINTS="67 46 66 1309 752 1309 766 48"/></Shape>
          <TextLine ID="eSc_line_b6fb1f70"
                    TAGREFS="LT8"
                    BASELINE="86 85 751 91" 
                    HPOS="85"
                    VPOS="44"
                    WIDTH="666"
                    HEIGHT="63">
            <Shape><Polygon POINTS="745 55 737 53 729 52 721 51 713 50 705 50 697 50 689 50 688 50 680 50 672 50 664 50 656 50 648 49 643 50 632 49 632 49 624 49 616 49 608 49 600 49 592 49 584 49 576 49 568 49 560 49 554 49 550 49 544 49 536 49 528 49 520 49 512 49 508 48 502 49 499 48 496 48 488 48 479 48 471 48 463 48 455 48 447 48 444 47 442 48 437 47 431 47 423 47 415 47 407 47 399 47 391 47 388 47 385 48 383 47 383 47 375 47 367 46 359 46 351 46 343 46 335 46 327 46 319 46 311 46 303 45 295 45 287 45 278 45 270 45 262 45 254 45 246 45 238 45 230 44 222 44 221 44 169 46 155 44 150 44 142 44 134 44 126 44 118 44 110 44 96 44 94 46 88 53 86 85 85 93 146 101 147 101 147 101 156 97 187 102 188 102 188 102 189 102 199 95 207 99 208 99 209 99 237 95 250 102 251 102 252 102 253 102 268 97 280 103 281 103 282 103 282 103 299 99 336 104 336 104 337 104 352 98 366 103 367 103 368 103 396 98 418 105 419 105 420 106 454 106 454 105 455 105 468 98 483 104 483 104 484 104 520 98 553 103 554 103 584 98 701 107 701 107 702 107 703 107 715 100 737 106 738 106 738 106 739 106 750 99 751 91 750 55 745 55"/></Shape>
            <String CONTENT="la seule iustification de Dieu suffit/"
                    HPOS="85"
                    VPOS="44"
                    WIDTH="666"
                    HEIGHT="63"
                    WC="0.997571189152567"></String>
          </TextLine>
          <TextLine ID="eSc_line_7406ba5c"
                    TAGREFS="LT8"
                    BASELINE="82 131 756 137" 
                    HPOS="82"
                    VPOS="93"
                    WIDTH="674"
                    HEIGHT="58">
            <Shape><Polygon POINTS="82 131 82 139 118 146 119 146 178 141 211 145 212 145 245 142 253 147 254 147 254 147 274 148 275 148 307 142 330 148 331 148 332 148 482 145 491 149 492 149 492 149 519 144 526 150 527 150 528 150 529 150 551 146 619 151 619 151 620 151 640 145 660 151 660 151 661 151 708 147 754 151 756 137 754 98 738 105 656 105 639 97 639 97 638 97 495 103 467 95 467 95 466 95 465 95 451 102 362 94 361 94 330 102 259 102 232 93 231 93 230 93 204 98 195 93 194 93 193 93 192 93 179 99 162 93 161 93 110 93 109 93 108 93 82 99 82 131"/></Shape>
            <String CONTENT="tellemẽt que celuy qui croyt seulement"
                    HPOS="82"
                    VPOS="93"
                    WIDTH="674"
                    HEIGHT="58"
                    WC="0.999274166730734"></String>
          </TextLine>
          <TextLine ID="eSc_line_b756875f"
                    TAGREFS="LT8"
                    BASELINE="82 177 754 183" 
                    HPOS="81"
                    VPOS="138"
                    WIDTH="673"
                    HEIGHT="61">
            <Shape><Polygon POINTS="82 177 81 187 97 194 98 194 98 194 149 188 178 195 179 195 209 190 220 195 221 195 221 195 222 195 241 190 258 195 259 195 260 195 282 190 341 190 377 196 377 197 407 197 407 196 408 196 421 191 435 196 436 196 505 197 506 197 507 197 518 192 546 197 547 197 548 197 562 191 621 196 622 196 623 196 637 192 659 199 660 199 660 199 705 193 753 199 754 183 754 152 697 147 696 147 671 151 652 142 651 142 628 142 627 142 627 142 609 151 581 151 561 141 561 141 560 141 559 141 532 151 502 151 493 143 492 143 492 143 491 143 490 143 481 147 467 140 466 140 465 140 402 150 371 150 363 143 362 143 361 143 327 139 291 139 290 139 289 139 288 139 274 148 259 148 246 138 245 138 244 138 174 138 173 138 172 138 161 142 126 138 125 138 124 138 102 147 82 147 82 177"/></Shape>
            <String CONTENT="est iustifie: uoire aussi quãd nulle oeu"
                    HPOS="81"
                    VPOS="138"
                    WIDTH="673"
                    HEIGHT="61"
                    WC="0.995094433063414"></String>
          </TextLine>
          <TextLine ID="eSc_line_a519be30"
                    TAGREFS="LT8"
                    BASELINE="79 223 750 228" 
                    HPOS="78"
                    VPOS="187"
                    WIDTH="672"
                    HEIGHT="60">
            <Shape><Polygon POINTS="79 223 78 233 95 241 96 241 97 241 98 241 116 235 172 235 180 239 180 239 181 239 182 239 183 239 184 239 188 235 203 243 204 243 205 243 205 243 230 236 272 236 312 243 313 243 314 243 333 236 357 241 358 241 359 241 369 238 377 244 377 244 378 244 379 245 418 245 418 244 418 244 438 237 448 245 449 245 450 245 451 245 504 237 538 237 556 245 557 245 557 245 583 241 600 245 601 245 602 245 602 245 617 240 623 245 624 245 625 245 626 245 651 241 668 246 668 246 669 247 737 247 737 246 738 246 738 246 750 238 750 228 750 194 680 190 679 190 678 190 668 196 657 190 656 190 635 190 634 190 633 190 632 190 624 196 548 196 508 188 508 188 507 188 506 188 496 195 477 191 476 191 442 195 410 187 410 187 409 187 385 194 367 187 366 187 303 187 286 187 285 187 284 187 283 187 274 194 231 194 218 187 217 187 217 187 185 193 135 193 129 188 128 188 127 188 127 188 79 191 79 223"/></Shape>
            <String CONTENT="ure ne sera faicte ꝑ luy. Car par la foy"
                    HPOS="78"
                    VPOS="187"
                    WIDTH="672"
                    HEIGHT="60"
                    WC="0.9908591628074646"></String>
          </TextLine>
          <TextLine ID="eSc_line_10ef2e4d"
                    TAGREFS="LT8"
                    BASELINE="77 269 750 275" 
                    HPOS="77"
                    VPOS="232"
                    WIDTH="673"
                    HEIGHT="58">
            <Shape><Polygon POINTS="77 269 77 281 366 288 367 288 437 284 462 289 463 289 489 285 594 290 595 290 616 285 641 290 642 290 643 290 651 285 691 285 697 290 697 290 698 290 699 290 750 286 750 275 750 241 648 244 610 236 609 236 608 236 586 245 567 245 519 235 518 235 517 235 487 243 426 234 425 234 385 242 366 233 365 233 365 233 311 236 233 232 232 232 231 232 210 241 193 232 192 232 173 232 147 232 147 232 146 232 125 240 77 240 77 269"/></Shape>
            <String CONTENT="a este iustifie le larron/ sans les oeu¬"
                    HPOS="77"
                    VPOS="232"
                    WIDTH="673"
                    HEIGHT="58"
                    WC="0.9994594797492027"></String>
          </TextLine>
          <TextLine ID="eSc_line_4cabe49c"
                    TAGREFS="LT8"
                    BASELINE="76 315 750 321" 
                    HPOS="75"
                    VPOS="278"
                    WIDTH="675"
                    HEIGHT="61">
            <Shape><Polygon POINTS="76 315 75 326 99 334 100 334 101 334 197 330 213 334 214 334 215 334 216 334 229 329 241 334 242 334 243 334 244 334 262 329 287 335 287 335 288 335 328 330 393 336 394 336 432 330 440 335 441 335 442 335 487 337 488 337 540 331 571 338 572 338 647 332 731 339 732 339 733 339 750 332 750 321 750 291 652 281 624 281 623 281 623 281 603 290 576 290 558 281 557 281 557 281 507 281 506 281 493 286 479 283 479 283 478 283 477 283 476 283 468 288 446 280 445 280 411 280 410 280 410 280 409 280 398 287 344 282 344 282 295 286 283 279 282 279 282 279 281 279 280 279 260 284 250 278 249 278 248 278 220 283 204 278 203 278 202 278 139 285 76 284 76 315"/></Shape>
            <String CONTENT="ures de la loy: car sur ceste foy le Sei¬"
                    HPOS="75"
                    VPOS="278"
                    WIDTH="675"
                    HEIGHT="61"
                    WC="0.992063589212371"></String>
          </TextLine>
          <TextLine ID="eSc_line_ebfdcd6e"
                    TAGREFS="LT8"
                    BASELINE="78 363 747 367" 
                    HPOS="78"
                    VPOS="325"
                    WIDTH="669"
                    HEIGHT="58">
            <Shape><Polygon POINTS="78 363 78 379 198 373 216 378 217 378 217 378 277 374 304 379 305 379 345 374 374 381 375 381 376 382 415 382 415 381 416 381 429 375 466 379 467 379 467 379 479 375 499 382 500 382 500 382 541 379 664 383 664 383 665 383 691 376 721 381 722 381 746 375 747 367 747 332 742 328 741 328 740 328 739 328 702 334 691 328 690 328 668 328 667 328 666 328 657 333 649 328 648 328 648 328 647 328 616 334 604 328 603 328 602 328 564 333 520 327 520 327 492 333 460 326 459 326 390 332 380 326 379 326 334 326 333 326 299 331 249 326 248 326 247 326 246 326 237 332 213 332 205 325 204 325 203 325 202 325 78 329 78 363"/></Shape>
            <String CONTENT="gneur ne demãde point q̃lle chose il a¬"
                    HPOS="78"
                    VPOS="325"
                    WIDTH="669"
                    HEIGHT="58"
                    WC="0.9972498640418053"></String>
          </TextLine>
          <TextLine ID="eSc_line_1177cdf7"
                    TAGREFS="LT8"
                    BASELINE="76 408 748 415" 
                    HPOS="75"
                    VPOS="370"
                    WIDTH="673"
                    HEIGHT="61">
            <Shape><Polygon POINTS="76 408 75 418 95 425 96 425 97 425 121 422 159 426 160 426 188 425 188 425 189 425 196 420 243 420 259 427 260 427 261 427 299 421 318 427 319 427 319 427 320 427 337 422 358 422 366 428 367 428 368 428 369 428 412 422 496 429 497 430 553 430 553 429 553 429 554 429 561 424 580 430 581 430 582 430 582 430 583 430 591 424 652 424 672 431 672 431 673 431 747 424 748 415 748 380 731 375 730 375 676 375 675 375 674 375 654 380 634 375 633 375 632 375 631 375 608 380 566 376 565 376 496 379 471 379 463 373 462 373 461 373 460 373 352 378 328 371 327 371 326 371 291 375 278 371 277 371 276 371 250 377 242 371 241 371 241 371 240 371 239 371 232 374 159 370 158 370 76 375 76 408"/></Shape>
            <String CONTENT="uoit faict parauant: ⁊ ne attendit pas"
                    HPOS="75"
                    VPOS="370"
                    WIDTH="673"
                    HEIGHT="61"
                    WC="0.985874459931725"></String>
          </TextLine>
          <TextLine ID="eSc_line_821e25c4"
                    TAGREFS="LT8"
                    BASELINE="77 455 748 460" 
                    HPOS="76"
                    VPOS="417"
                    WIDTH="672"
                    HEIGHT="57">
            <Shape><Polygon POINTS="77 455 76 469 118 470 119 470 120 470 143 464 173 469 174 469 175 469 188 465 204 471 205 471 205 471 386 465 414 473 414 473 415 473 416 473 428 467 467 471 467 471 468 471 469 471 476 466 509 466 523 473 524 473 524 473 557 469 572 473 573 473 574 473 606 467 649 474 650 474 651 474 660 469 685 473 686 473 687 473 700 468 718 473 719 473 720 473 747 468 748 460 747 428 701 421 700 421 699 421 677 427 670 421 669 421 668 421 668 421 667 421 660 424 635 420 634 420 594 426 467 426 455 420 455 420 412 418 411 418 324 424 301 417 300 417 299 417 266 422 253 417 252 417 201 417 200 417 200 417 199 417 188 424 126 419 125 419 77 422 77 455"/></Shape>
            <String CONTENT="apres qͥl eust creu q̃lle oeuure il feroit:"
                    HPOS="76"
                    VPOS="417"
                    WIDTH="672"
                    HEIGHT="57"
                    WC="0.9810295770334643"></String>
          </TextLine>
          <TextLine ID="eSc_line_419e7040"
                    TAGREFS="LT8"
                    BASELINE="76 501 749 507" 
                    HPOS="75"
                    VPOS="461"
                    WIDTH="674"
                    HEIGHT="59">
            <Shape><Polygon POINTS="76 501 75 511 82 516 83 516 84 516 85 516 86 516 105 511 125 515 126 515 158 511 196 517 196 517 242 512 319 518 319 518 379 514 401 518 402 518 475 514 496 520 496 520 497 520 748 518 749 507 749 466 707 466 706 466 705 466 690 473 676 468 676 468 675 468 639 474 635 470 634 470 633 470 632 470 576 473 561 465 561 465 560 465 559 465 521 469 500 465 500 465 499 465 479 473 464 465 463 465 463 465 462 465 461 465 452 472 427 468 426 468 426 468 417 473 405 465 404 465 403 465 402 465 401 465 390 469 383 463 382 463 381 463 381 463 380 463 368 466 329 462 328 462 280 471 236 471 225 463 225 463 224 463 223 463 222 463 209 466 196 461 196 461 195 461 194 461 165 469 159 465 158 465 157 465 156 465 155 465 155 465 147 469 76 469 76 501"/></Shape>
            <String CONTENT="mais le receut cõme iustifie par seule"
                    HPOS="75"
                    VPOS="461"
                    WIDTH="674"
                    HEIGHT="59"
                    WC="0.9861961832413306"></String>
          </TextLine>
          <TextLine ID="eSc_line_93326549"
                    TAGREFS="LT8"
                    BASELINE="80 547 746 551" 
                    HPOS="78"
                    VPOS="507"
                    WIDTH="667"
                    HEIGHT="62">
            <Shape><Polygon POINTS="79 545 78 563 350 560 356 567 401 561 418 568 423 568 430 562 578 569 601 563 641 569 713 563 742 569 745 518 721 510 498 515 476 509 452 515 397 508 336 514 312 508 290 514 260 508 247 514 139 507 79 512 79 545"/></Shape>
            <String CONTENT="foy pour entrer auec luy en paradis."
                    HPOS="78"
                    VPOS="507"
                    WIDTH="667"
                    HEIGHT="62"
                    WC="0.9995531621906493"></String>
          </TextLine>
          <TextLine ID="eSc_line_d0af8951"
                    TAGREFS="LT8"
                    BASELINE="78 594 749 599" 
                    HPOS="77"
                    VPOS="555"
                    WIDTH="672"
                    HEIGHT="60">
            <Shape><Polygon POINTS="78 594 77 606 135 610 135 610 136 610 137 610 146 604 230 604 252 611 253 611 254 611 283 606 290 611 291 611 291 611 292 611 320 605 328 612 329 612 330 612 331 612 356 606 401 612 401 612 427 606 478 611 479 611 479 611 499 606 524 613 524 613 525 613 553 609 604 613 605 613 606 613 627 607 642 614 643 614 643 615 693 615 693 614 694 614 718 608 747 613 749 599 749 567 683 560 682 560 637 565 623 559 622 559 621 559 592 564 467 564 444 558 443 558 442 558 422 562 414 557 414 557 413 557 412 557 361 562 354 557 353 557 352 557 352 557 323 560 260 556 259 556 233 562 216 557 215 557 214 557 213 557 194 562 190 559 190 558 189 558 188 558 188 558 138 561 106 555 106 555 78 561 78 594"/></Shape>
            <String CONTENT="Mais aussi ceste femme qui est recitee"
                    HPOS="77"
                    VPOS="555"
                    WIDTH="672"
                    HEIGHT="60"
                    WC="0.9867820410352004"></String>
          </TextLine>
          <TextLine ID="eSc_line_8763ecc0"
                    TAGREFS="LT8"
                    BASELINE="77 642 369 641 738 647" 
                    HPOS="77"
                    VPOS="599"
                    WIDTH="661"
                    HEIGHT="62">
            <Shape><Polygon POINTS="77 642 77 654 121 657 122 657 176 650 217 656 218 656 270 651 315 657 315 657 316 657 331 652 363 652 386 659 387 659 388 659 389 659 397 655 416 658 417 658 418 658 418 658 427 653 467 660 468 660 488 659 489 659 490 659 498 653 551 661 552 661 579 657 615 661 616 661 617 661 631 655 688 661 689 661 737 659 738 647 737 609 702 604 701 604 701 604 686 612 650 612 631 603 630 603 629 603 578 610 565 603 565 603 564 603 563 603 562 603 549 610 502 610 493 604 492 604 492 604 491 604 459 607 448 601 447 601 424 601 423 601 382 608 365 600 364 600 363 600 362 600 338 607 314 600 313 600 312 600 253 607 234 600 233 600 233 600 205 600 204 600 188 607 168 599 167 599 166 599 165 599 137 606 77 606 77 642"/></Shape>
            <String CONTENT="en Leuãgile selon S. Luc/ laq̃lle ouyt"
                    HPOS="77"
                    VPOS="599"
                    WIDTH="661"
                    HEIGHT="62"
                    WC="0.9881606224255685"></String>
          </TextLine>
          <TextLine ID="eSc_line_86a40218"
                    TAGREFS="LT8"
                    BASELINE="77 687 749 691" 
                    HPOS="77"
                    VPOS="649"
                    WIDTH="672"
                    HEIGHT="57">
            <Shape><Polygon POINTS="77 687 77 695 106 702 107 702 108 702 116 698 122 703 123 703 123 703 124 704 152 704 152 703 153 703 154 703 161 698 194 703 195 703 196 703 211 697 233 697 241 704 242 704 243 704 244 704 288 698 356 705 356 705 421 698 456 705 457 705 458 705 480 698 511 704 512 704 544 699 554 706 555 706 556 706 557 706 592 702 615 706 615 706 642 701 664 706 664 706 665 706 666 706 693 700 747 700 749 691 748 658 693 658 684 651 683 651 682 651 644 651 643 651 643 651 627 657 592 657 581 650 580 650 579 650 578 650 578 650 556 657 480 657 463 649 462 649 377 649 377 649 376 649 361 654 346 649 345 649 344 649 77 653 77 687"/></Shape>
            <String CONTENT="aux piedz de Iesꝰ. Tes pechez te sont"
                    HPOS="77"
                    VPOS="649"
                    WIDTH="672"
                    HEIGHT="57"
                    WC="0.9968049606761417"></String>
          </TextLine>
          <TextLine ID="eSc_line_761a46bb"
                    TAGREFS="LT8"
                    BASELINE="82 735 290 733 749 738" 
                    HPOS="82"
                    VPOS="694"
                    WIDTH="667"
                    HEIGHT="61">
            <Shape><Polygon POINTS="82 735 82 750 197 743 241 751 242 752 274 752 274 751 274 751 275 751 283 747 296 751 297 751 298 751 299 751 299 751 309 744 319 748 319 748 320 748 348 745 369 751 370 751 371 751 401 745 420 752 421 752 422 752 422 752 445 746 467 753 467 753 468 753 469 753 495 746 532 752 533 752 557 747 572 754 573 754 574 754 574 754 594 747 616 754 617 754 618 754 619 754 640 747 672 755 672 755 706 755 706 755 707 755 708 755 717 748 747 751 749 738 746 698 733 705 704 698 703 698 702 698 701 698 677 705 664 700 664 700 663 700 606 704 595 697 594 697 594 697 593 697 561 704 533 696 532 696 469 696 468 696 467 696 467 696 459 702 431 697 430 697 430 697 411 702 396 696 395 696 394 696 393 696 393 696 383 702 334 702 328 698 327 698 326 698 325 698 324 698 315 702 286 697 285 697 228 702 208 694 207 694 206 694 186 698 159 694 158 694 157 694 156 694 146 701 82 701 82 735"/></Shape>
            <String CONTENT="pardonnez: ⁊ de rechief. Ta foy ta sau"
                    HPOS="82"
                    VPOS="694"
                    WIDTH="667"
                    HEIGHT="61"
                    WC="0.9881955338151831"></String>
          </TextLine>
          <TextLine ID="eSc_line_b97f8018"
                    TAGREFS="LT8"
                    BASELINE="77 780 745 784" 
                    HPOS="77"
                    VPOS="741"
                    WIDTH="668"
                    HEIGHT="59">
            <Shape><Polygon POINTS="77 780 77 796 120 796 121 796 122 796 140 790 203 790 216 796 217 796 217 796 218 796 237 791 247 797 248 797 249 797 250 797 306 791 324 791 332 797 333 797 334 797 335 797 336 797 352 792 375 798 376 798 377 798 377 798 395 792 459 797 459 797 460 797 473 793 479 798 479 799 479 799 480 799 481 800 500 800 500 799 500 799 501 799 512 792 551 799 552 799 744 795 745 784 743 747 668 751 650 744 649 744 648 744 648 744 647 744 637 752 623 752 610 744 609 744 608 744 607 744 606 744 593 751 564 751 553 746 553 746 552 746 551 746 538 751 519 743 518 743 492 743 492 743 491 743 477 751 444 743 443 743 442 743 427 750 412 743 411 743 410 743 350 747 333 743 332 743 332 743 292 749 254 743 253 743 252 743 227 749 205 742 205 742 164 741 163 741 162 741 161 741 155 745 131 742 131 742 77 747 77 780"/></Shape>
            <String CONTENT="uee/ ua en paix. Et aussi en plusieurs"
                    HPOS="77"
                    VPOS="741"
                    WIDTH="668"
                    HEIGHT="59"
                    WC="0.999102666189796"></String>
          </TextLine>
          <TextLine ID="eSc_line_776c0f82"
                    TAGREFS="LT8"
                    BASELINE="85 827 278 825 746 831" 
                    HPOS="85"
                    VPOS="787"
                    WIDTH="661"
                    HEIGHT="59">
            <Shape><Polygon POINTS="85 827 86 841 114 833 134 841 135 841 135 842 168 842 168 841 169 841 170 841 176 837 196 841 197 841 198 841 212 834 217 838 218 838 219 838 220 838 291 835 300 841 301 841 302 841 303 841 411 837 426 844 426 844 427 844 465 837 504 837 516 845 516 845 517 845 518 845 594 841 615 845 616 845 617 845 655 841 697 846 697 846 729 841 743 846 746 831 746 797 724 792 723 792 722 792 660 798 623 798 615 792 615 792 614 792 613 792 570 797 545 790 544 790 543 790 524 794 507 790 506 790 505 790 504 790 504 790 493 796 477 789 476 789 475 789 381 796 340 796 330 788 329 788 328 788 303 788 302 788 261 789 260 789 259 789 251 794 189 794 171 787 170 787 136 787 135 787 135 787 118 792 85 791 85 827"/></Shape>
            <String CONTENT="passages de Leuangile lisons que Ie"
                    HPOS="85"
                    VPOS="787"
                    WIDTH="661"
                    HEIGHT="59"
                    WC="0.9996722289494105"></String>
          </TextLine>
          <TextLine ID="eSc_line_db9ceadd"
                    TAGREFS="LT8"
                    BASELINE="85 873 746 876" 
                    HPOS="84"
                    VPOS="833"
                    WIDTH="662"
                    HEIGHT="57">
            <Shape><Polygon POINTS="85 873 84 887 159 888 159 888 181 883 189 888 190 888 191 888 262 889 263 889 293 884 344 889 344 889 379 884 385 889 386 889 387 889 425 890 426 890 426 890 436 885 459 889 460 889 529 885 542 890 543 890 544 890 594 886 666 890 667 890 718 886 745 890 746 876 746 843 724 837 723 837 722 837 721 837 707 843 674 843 656 836 655 836 654 836 653 836 630 842 555 838 554 838 509 841 500 835 500 835 499 835 498 835 462 841 447 836 447 836 446 836 420 841 390 834 389 834 389 834 365 839 359 834 358 834 357 834 313 834 312 834 311 834 311 834 300 841 244 833 243 833 223 837 218 833 217 833 217 833 172 833 172 833 171 833 170 833 159 841 144 841 131 833 131 833 102 833 102 833 101 833 85 838 85 873"/></Shape>
            <String CONTENT="sus Christ a use de telles parolles la"
                    HPOS="84"
                    VPOS="833"
                    WIDTH="662"
                    HEIGHT="57"
                    WC="0.9999874720447942"></String>
          </TextLine>
          <TextLine ID="eSc_line_80b2d52c"
                    TAGREFS="LT8"
                    BASELINE="80 918 722 922 742 919" 
                    HPOS="79"
                    VPOS="878"
                    WIDTH="663"
                    HEIGHT="60">
            <Shape><Polygon POINTS="80 918 79 930 127 934 127 934 128 934 140 928 185 928 214 933 215 933 216 933 227 929 254 935 255 935 295 929 311 935 311 935 350 935 351 935 376 930 404 935 405 935 427 931 438 935 439 935 440 935 474 931 488 935 488 935 489 935 490 935 500 931 550 936 551 936 606 931 670 937 671 938 693 938 693 937 694 937 695 937 703 931 717 937 718 937 719 937 742 932 742 919 742 889 725 882 724 882 654 882 653 882 652 882 635 888 596 888 587 881 586 881 586 881 585 881 584 881 561 887 479 880 434 880 433 880 432 880 431 880 422 886 381 882 381 882 380 882 366 886 352 880 351 880 350 880 319 884 305 879 304 879 286 879 285 879 284 879 283 879 274 886 213 880 212 880 187 885 176 878 176 878 175 878 174 878 124 885 80 884 80 918"/></Shape>
            <String CONTENT="ou il dit la cause du salut/ estre la foy"
                    HPOS="79"
                    VPOS="878"
                    WIDTH="663"
                    HEIGHT="60"
                    WC="0.9924306302535825"></String>
          </TextLine>
          <TextLine ID="eSc_line_be998070"
                    TAGREFS="LT8"
                    BASELINE="80 964 744 970" 
                    HPOS="79"
                    VPOS="926"
                    WIDTH="665"
                    HEIGHT="60">
            <Shape><Polygon POINTS="80 964 79 977 87 980 88 980 89 980 90 980 111 975 122 980 123 980 123 980 124 980 147 975 172 981 172 981 216 982 217 982 217 982 218 982 227 976 235 982 236 982 237 982 237 982 266 978 299 982 299 982 328 976 365 984 365 984 397 979 412 982 413 982 414 982 414 982 424 977 437 984 438 984 459 984 460 984 498 978 537 983 537 983 538 983 539 983 545 978 565 985 565 985 566 985 567 985 579 979 612 983 613 983 648 979 689 986 690 986 743 979 744 970 744 932 697 930 696 930 695 930 680 937 669 930 668 930 668 930 575 929 574 929 574 929 555 936 551 932 550 932 549 932 549 932 508 935 497 928 496 928 496 928 424 927 423 927 422 927 408 935 389 935 373 927 373 927 372 927 371 927 355 935 302 935 282 928 282 928 281 928 280 928 270 933 197 933 183 926 182 926 181 926 180 926 167 932 111 928 110 928 80 931 80 964"/></Shape>
            <String CONTENT="de celuy qui croyt. Lhõme est dõc iusti"
                    HPOS="79"
                    VPOS="926"
                    WIDTH="665"
                    HEIGHT="60"
                    WC="0.9870350666162444"></String>
          </TextLine>
          <TextLine ID="eSc_line_53e06db8"
                    TAGREFS="LT8"
                    BASELINE="84 1013 738 1012" 
                    HPOS="83"
                    VPOS="974"
                    WIDTH="655"
                    HEIGHT="56">
            <Shape><Polygon POINTS="84 1013 85 1030 101 1023 147 1029 147 1029 148 1029 165 1023 203 1023 212 1029 213 1029 213 1029 229 1030 230 1030 276 1023 309 1023 338 1030 339 1030 340 1030 373 1028 373 1028 374 1028 381 1023 424 1029 425 1029 455 1025 483 1029 483 1029 484 1029 501 1022 524 1022 533 1028 533 1028 534 1028 535 1028 536 1028 537 1028 542 1024 578 1027 578 1027 579 1027 590 1022 632 1029 633 1029 738 1025 738 1012 736 975 710 980 668 975 667 975 635 979 623 976 623 976 622 976 621 976 620 976 613 981 541 981 530 974 529 974 529 974 528 974 500 979 475 974 475 974 474 974 473 974 464 980 393 975 393 975 359 982 314 982 287 975 287 975 286 975 285 975 261 981 235 975 234 975 233 975 169 980 155 975 155 975 154 975 153 975 135 980 117 975 116 975 115 975 83 976 84 1013"/></Shape>
            <String CONTENT="fie par foy: auquel ne seruent rien poͬ"
                    HPOS="83"
                    VPOS="974"
                    WIDTH="655"
                    HEIGHT="56"
                    WC="0.9948749099022303"></String>
          </TextLine>
          <TextLine ID="eSc_line_551abfa6"
                    TAGREFS="LT8"
                    BASELINE="78 1058 663 1061" 
                    HPOS="77"
                    VPOS="1020"
                    WIDTH="586"
                    HEIGHT="56">
            <Shape><Polygon POINTS="78 1058 77 1070 91 1074 92 1074 93 1074 115 1068 131 1074 132 1074 133 1074 157 1069 173 1074 174 1074 175 1074 176 1074 176 1074 187 1067 238 1067 307 1074 307 1074 308 1074 309 1074 319 1068 352 1068 360 1074 361 1074 362 1074 363 1074 395 1068 416 1074 417 1074 418 1074 418 1074 419 1074 429 1068 448 1068 467 1075 468 1075 469 1075 512 1069 553 1075 553 1075 595 1071 602 1075 602 1075 603 1075 604 1076 652 1076 652 1075 653 1075 654 1075 662 1069 663 1061 662 1029 628 1023 627 1023 596 1028 556 1021 495 1021 494 1021 493 1021 476 1028 459 1022 459 1022 458 1022 457 1022 456 1022 449 1027 431 1027 418 1021 417 1021 388 1021 387 1021 386 1021 385 1021 377 1028 344 1028 336 1021 335 1021 334 1021 333 1021 294 1027 274 1020 273 1020 272 1020 236 1026 200 1020 176 1020 176 1020 175 1020 174 1020 164 1026 136 1021 135 1021 78 1023 78 1058"/></Shape>
            <String CONTENT="la iustice les oeuures de la loy ⁊c."
                    HPOS="77"
                    VPOS="1020"
                    WIDTH="586"
                    HEIGHT="56"
                    WC="0.9850813233190112"></String>
          </TextLine>
          <TextLine ID="eSc_line_925ed350"
                    TAGREFS="LT8"
                    BASELINE="82 1106 438 1105 742 1109" 
                    HPOS="82"
                    VPOS="1065"
                    WIDTH="660"
                    HEIGHT="58">
            <Shape><Polygon POINTS="82 1106 82 1118 127 1115 135 1120 136 1120 137 1120 138 1120 139 1120 147 1117 176 1121 176 1121 177 1121 192 1115 225 1119 225 1119 226 1119 235 1115 242 1121 243 1121 244 1121 245 1122 291 1122 291 1121 291 1121 302 1115 395 1120 396 1120 479 1116 499 1122 500 1122 500 1122 558 1118 567 1122 568 1122 569 1122 607 1117 621 1123 622 1123 623 1123 662 1119 672 1123 672 1123 673 1123 742 1123 742 1109 742 1074 721 1067 721 1067 695 1067 694 1067 693 1067 693 1067 684 1074 608 1074 596 1067 595 1067 594 1067 594 1067 582 1074 554 1074 520 1066 475 1066 475 1066 474 1066 451 1072 376 1067 375 1067 374 1067 365 1072 347 1066 346 1066 345 1066 344 1066 329 1071 313 1066 312 1066 311 1066 287 1072 261 1072 250 1066 250 1066 249 1066 248 1066 237 1072 191 1072 183 1066 182 1066 181 1066 180 1066 112 1070 82 1065 82 1106"/></Shape>
            <String CONTENT="¶ Mais poͬ aduertir le simple peuple"
                    HPOS="82"
                    VPOS="1065"
                    WIDTH="660"
                    HEIGHT="58"
                    WC="0.9929341806305779"></String>
          </TextLine>
          <TextLine ID="eSc_line_bad334ab"
                    TAGREFS="LT8"
                    BASELINE="80 1151 741 1154" 
                    HPOS="79"
                    VPOS="1111"
                    WIDTH="662"
                    HEIGHT="59">
            <Shape><Polygon POINTS="80 1151 79 1167 180 1168 181 1168 182 1168 193 1163 228 1163 245 1168 246 1168 246 1168 277 1164 313 1168 314 1168 340 1164 383 1168 384 1168 408 1164 415 1169 416 1169 417 1169 418 1169 536 1164 547 1169 548 1169 549 1169 572 1164 578 1170 579 1170 580 1170 581 1170 626 1165 668 1165 674 1169 675 1169 676 1169 676 1169 677 1169 678 1169 684 1165 717 1169 717 1169 740 1165 741 1154 740 1116 699 1115 698 1115 697 1115 697 1115 690 1120 647 1121 619 1114 618 1114 575 1113 574 1113 537 1120 516 1116 515 1116 479 1120 467 1113 466 1113 465 1113 401 1112 400 1112 399 1112 398 1112 389 1119 370 1115 369 1115 369 1115 368 1115 360 1119 339 1112 338 1112 313 1112 312 1112 311 1112 293 1119 235 1119 225 1111 225 1111 224 1111 223 1111 222 1111 211 1116 182 1111 181 1111 180 1111 162 1119 80 1115 80 1151"/></Shape>
            <String CONTENT="quand ie parle de la foy iustifiante/ ie"
                    HPOS="79"
                    VPOS="1111"
                    WIDTH="662"
                    HEIGHT="59"
                    WC="0.9969731390476226"></String>
          </TextLine>
          <TextLine ID="eSc_line_907acbc4"
                    TAGREFS="LT8"
                    BASELINE="79 1196 739 1200" 
                    HPOS="78"
                    VPOS="1159"
                    WIDTH="661"
                    HEIGHT="58">
            <Shape><Polygon POINTS="79 1196 78 1205 104 1213 105 1213 106 1213 153 1207 186 1213 187 1213 220 1210 225 1214 226 1214 227 1214 228 1214 337 1208 354 1213 355 1213 356 1213 381 1209 388 1213 389 1213 389 1213 390 1213 449 1209 475 1216 475 1216 476 1216 591 1209 606 1217 606 1217 607 1217 652 1211 660 1217 661 1217 662 1217 663 1217 688 1212 738 1217 739 1200 738 1168 701 1162 700 1162 672 1168 646 1162 645 1162 644 1162 623 1168 556 1167 545 1161 544 1161 543 1161 490 1166 475 1160 475 1160 474 1160 473 1160 450 1166 389 1160 388 1160 362 1166 344 1160 343 1160 342 1160 315 1164 300 1160 299 1160 299 1160 298 1160 281 1165 275 1160 274 1160 274 1160 273 1160 232 1165 206 1159 205 1159 205 1159 169 1164 129 1160 128 1160 79 1164 79 1196"/></Shape>
            <String CONTENT="nẽtendz point de une froide/ oysiue/ ⁊"
                    HPOS="78"
                    VPOS="1159"
                    WIDTH="661"
                    HEIGHT="58"
                    WC="0.9870292544364929"></String>
          </TextLine>
          <TextLine ID="eSc_line_4947bcb1"
                    TAGREFS="LT8"
                    BASELINE="78 1243 739 1246" 
                    HPOS="77"
                    VPOS="1208"
                    WIDTH="662"
                    HEIGHT="53">
            <Shape><Polygon POINTS="78 1243 77 1252 102 1258 102 1258 103 1258 124 1253 213 1258 214 1258 215 1258 229 1253 242 1258 243 1258 244 1259 272 1259 272 1258 273 1258 274 1258 279 1254 291 1258 292 1258 293 1258 356 1254 367 1258 368 1258 369 1258 402 1254 414 1259 414 1259 415 1259 442 1254 495 1259 496 1259 496 1259 497 1259 504 1254 519 1259 520 1259 520 1259 668 1255 676 1260 676 1260 677 1260 678 1261 716 1261 716 1260 738 1254 739 1246 738 1211 78 1208 78 1243"/></Shape>
            <String CONTENT="morte foy: cõme croyãt seulement que"
                    HPOS="77"
                    VPOS="1208"
                    WIDTH="662"
                    HEIGHT="53"
                    WC="0.9973963263787722"></String>
          </TextLine>
          <TextLine ID="eSc_line_70c9fa05"
                    TAGREFS="LT8"
                    BASELINE="81 1294 187 1291 734 1292" 
                    HPOS="81"
                    VPOS="1250"
                    WIDTH="653"
                    HEIGHT="68">
            <Shape><Polygon POINTS="81 1294 81 1307 186 1307 204 1317 205 1317 205 1317 206 1317 255 1311 270 1317 271 1317 272 1317 316 1315 317 1315 340 1307 399 1315 400 1315 433 1307 450 1313 451 1313 451 1313 467 1311 475 1317 476 1317 477 1317 478 1318 581 1318 581 1317 582 1317 602 1307 630 1317 631 1317 631 1318 661 1318 661 1317 662 1317 663 1317 681 1307 699 1307 714 1315 715 1315 716 1315 717 1315 717 1315 733 1310 734 1292 734 1256 722 1252 721 1252 721 1252 720 1252 709 1258 606 1258 595 1250 594 1250 594 1250 593 1250 565 1256 552 1250 551 1250 550 1250 549 1250 532 1258 518 1254 517 1254 516 1254 516 1254 499 1258 483 1250 483 1250 402 1250 401 1250 401 1250 384 1258 363 1258 342 1250 341 1250 340 1250 340 1250 339 1250 328 1258 300 1258 289 1251 288 1251 287 1251 287 1251 286 1251 271 1258 249 1258 229 1250 228 1250 227 1250 171 1258 155 1250 155 1250 91 1250 90 1250 90 1250 89 1250 81 1255 81 1294"/></Shape>
            <String CONTENT="Dieu est/ ⁊ que ce qͥl a dit est uray: ce q̃"
                    HPOS="81"
                    VPOS="1250"
                    WIDTH="653"
                    HEIGHT="68"
                    WC="0.9839006567543204"></String>
          </TextLine>
        </TextBlock>
        <TextBlock HPOS="655"
                   VPOS="1300"
                   WIDTH="97"
                   HEIGHT="56"
                   ID="eSc_textblock_4270fe96"
                   TAGREFS="BT17">
          <Shape><Polygon POINTS="655 1300 655 1356 752 1356 752 1300"/></Shape>
          <TextLine ID="eSc_line_28de57dd"
                    TAGREFS="LT8"
                    BASELINE="669 1340 738 1340" 
                    HPOS="669"
                    VPOS="1301"
                    WIDTH="69"
                    HEIGHT="59">
            <Shape><Polygon POINTS="669 1340 670 1357 687 1352 693 1358 693 1359 694 1359 695 1359 696 1360 713 1360 713 1359 738 1352 738 1340 737 1307 717 1310 703 1301 702 1301 701 1301 688 1301 687 1301 686 1301 669 1309 669 1340"/></Shape>
            <String CONTENT="les"
                    HPOS="669"
                    VPOS="1301"
                    WIDTH="69"
                    HEIGHT="59"
                    WC="0.9999860127766927"></String>
          </TextLine>
        </TextBlock>
        <TextBlock HPOS="742"
                   VPOS="616"
                   WIDTH="155"
                   HEIGHT="58"
                   ID="eSc_textblock_3374652f"
                   TAGREFS="BT13">
          <Shape><Polygon POINTS="742 616 742 674 897 674 897 616"/></Shape>
          <TextLine ID="eSc_line_5d3187de"
                    TAGREFS="LT8"
                    BASELINE="749 652 878 659" 
                    HPOS="747"
                    VPOS="614"
                    WIDTH="131"
                    HEIGHT="68">
            <Shape><Polygon POINTS="870 628 862 627 854 627 846 626 838 625 830 625 822 624 815 624 807 624 799 623 791 622 790 621 788 622 774 615 773 615 750 614 749 652 747 675 766 673 787 678 787 678 788 678 819 673 848 682 848 682 849 682 877 678 878 659 877 633 870 628"/></Shape>
            <String CONTENT="Luc.7.g."
                    HPOS="747"
                    VPOS="614"
                    WIDTH="131"
                    HEIGHT="68"
                    WC="0.9934814348816872"></String>
          </TextLine>
        </TextBlock>
      </PrintSpace>
    </Page>
  </Layout>
</alto>
