954 1447
222 38 666 64 les diables aussi cõfessẽt: ains de une

223 88 664 61 uraye/ uiue/ parfaicte/ ⁊ cõme dit S.

224 136 667 58 Paul oeuurãt par charite. Car aultre

225 181 662 60 ment elle ne seroit point foy: a cause q̃

223 228 669 56 le bon arbre produict bõ fruict. Or ia

226 274 665 61 soit q̃ la loy ne iustifie point lhõe/ tou¬

227 320 664 59 tesfoys si la doibt il garder: pourtant

228 366 667 60 q̃ Dieu le cõmande/ duq̃l le cõmande

230 414 661 59 mẽt est sainct ⁊ iuste. Et aussi poͬ soy

235 458 657 62 manifester enfant de Dieu. Dõt S.

230 508 662 59 Pierre dit. Pour laq̃lle cause mes fre¬

230 553 663 61 res prenez peine q̃ par bõnes oeuures

234 599 660 59 uoꝰ faiciez certaine uostre uocatiõ ⁊

236 647 659 57 electiõ: car en ce faisant uoꝰ ne peche¬

241 692 650 59 rez iamais. Itẽ S. Pierre dit. Ayantz

240 739 654 56 ur̃e cõuersatiõ bõne entre les Gẽtilz:

238 787 658 57 affin que en lieu de ce qͥlz detraictẽt de

240 832 656 56 uous/ cõme de malfaicteurs/ ilz glori

242 878 654 56 fiẽt Dieu au iour de la uisitation en

247 925 650 55 uoꝰ cõsiderãt par bõnes oeuures. Itẽ

250 971 646 57 S. Matth. Ainsi luyse uostre lumiere

241 1016 657 57 deuãt les hões/ affin qͥlz uoyent uoz

242 1063 659 58 bõnes oeuures/ ⁊ qͥlz glorifiẽt uostre

245 1111 652 57 Pere qͥ est es cieulx. Et pour autant q̃

245 1159 656 54 aucũs remis/ froidz ⁊ negligẽtz a tou

246 1205 652 54 tes bõnes oeuures se excusent sur ce q̃

246 1250 658 66 la loy est imposfible a la chair (toutes¬

805 1292 89 83 foys

90 118 107 74 Gal.5.

91 432 133 91 2.Pe.1.b.

96 681 132 62 1.Pe.2.c.

102 946 128 66 mat.5.b
