961 1448
95 54 657 61 foys se glorifiantz de la foy) saichẽt q̃

90 98 661 63 se ilz ont uraye foy qͥlz aurõt pareille

83 148 666 58 mẽt ⁊ produyrõt les fruictz ⁊ oeuures

84 195 666 58 dicelle: ce que ne peuẽt faire les infide

79 234 668 67 les. Car cõme dit S. Paul des fideles

83 285 660 61 (ap̃s auoir parle de la foy) Noꝰ som¬

78 334 667 57 mes certes son oeuure/ crees en Iesus

78 381 667 58 Christ/ pour faire bõnes oeuures/ les¬

77 426 665 59 quelles Dieu a prepare: affin que noꝰ

77 472 666 58 cheminions en icelles. Parquoy telle

76 518 667 60 maniere de gens se seduyt ⁊ deceoit/ ⁊

77 564 668 58 est inexcusable. Desquelz aussi parle

73 606 665 66 ledict Apostre a Tite. Ilz confessent

77 655 655 62 (dit il) qͥlz cõgnoissẽt Dieu: mais ilz

74 704 662 59 le nyẽt par oeuures/ ueu qͥlz sõt abho

74 752 663 57 minables ⁊ incredules ⁊ reprouuez a

75 797 660 58 toute bõne oeuure. Contre lesq̃lz aussi

74 838 658 58 S. Iacques dit. Que la foy sans oeu

73 890 661 58 ures est morte: non pas q̃lle uiuc (cõ¬

73 937 662 58 me aucuns ont mal glose) par les oeu

72 984 661 55 ures: mais que icelles oeuures demon

75 1028 659 58 strẽt la foy estre uiue en nous. Daul¬

72 1077 663 56 tres en y a tout a lopposite: qui (cõme

73 1122 661 55 aneãtissantz la foy ⁊ grace de Dieu)

73 1167 663 57 attribuẽt la iustificatiõ ⁊ salut a leurs

74 1215 656 58 oeuures ⁊ merites: maintenãtz aussi q̃

74 1262 653 68 necessaires sont premieremẽt les oeu¬

637 1312 92 57 ures

752 238 128 78 Eph.2b

742 610 146 63 Tite.1.d

734 838 149 68 Iaco.2.d
