951 1444
198 54 671 63 ures que la foy: ⁊ que ap̃s icelles oeu¬

199 101 677 62 ures faictes sans ⁊ deuant la foy/ que

202 146 673 66 Dieu par congruite est tenu ⁊ oblige

202 195 675 61 de la donner/ ⁊ par ainsi de iustifier ce

200 239 677 65 luy qui a faict telles oeuures/ en laq̃lle

201 285 676 63 opinion miserablemẽt est tombee. S.

207 333 668 63 Thomas Daquin en la premiere par

202 378 675 64 tie de la secõde/ ⁊ generalemẽt toꝰ les

203 424 673 65 thomistes. Et cest par faulte que les

209 470 665 65 ungz ne les aultres ne ont point bien

213 516 663 64 entendu la doctrine de S. Paul/ ⁊ de

212 563 665 66 S. Iacq̃s laq̃lle semble estre contraire

211 608 664 65 (ce qͥ nest rien moins) quand lung dit

206 653 667 69 q̃ lhõme est iustifie par la foy sans les

207 702 665 63 oeuures/ ⁊ lautre dit q̃ cest par les oeu

207 747 662 64 ures. Car certes S. Paul cõstamment

207 795 662 62 dit q̃ nul par quelcõques oeuures nest

207 840 663 62 iustifie deuãt Dieu: mais par la seule

213 883 657 68 foy. Et quãd S. Iacques dit q̃ lhõme

207 933 659 64 est iustifie par les oeuures il entend q̃

205 978 662 64 par les oeuures exterieures/ est mani

204 1022 661 68 festee ⁊ declairee la foy qͥ est interieure.

207 1073 661 62 Car la foy est ung dõ de Dieu/ incon¬

210 1119 660 63 gneu aux hões/ laquelle ne se peult a

208 1166 662 60 nul manifester q̃ par les oeuures. Cõe

209 1210 660 63 Abrahã duq̃l parle S. Iaques demõ¬

215 1257 652 73 stra par oeuures sa foy/ en uoulãt poͬ

830 1335 41 29 le

67 516 150 55 Ro.4.a.

68 557 143 67 Iaco.2.d.
