968 1446
82 51 665 51 le cõmandemẽt de Dieu immoler son

81 91 666 64 filz Isaac. Ainsi lexpose S. Augu. en

79 146 671 53 la premiere quinquages. au prologue

80 189 670 55 du .31. psal. Par ainsi ne pouons esti¬

77 235 671 55 mer nul estre fidele ⁊ bon Chrestiẽ (cõ¬

77 281 663 54 biẽ qͥl se uãte faulsemẽt auoir la foy)

80 330 666 54 sil ne la mõstre par oeuures/ en aymãt

78 374 664 58 Dieu sur toutes choses/ ⁊ son ꝓchain

75 420 669 53 comme soymesme. Car comme escript

74 461 669 61 S. Iehan: Qui dit q̃ il cõgnoit Dieu

77 514 665 54 ⁊ ne garde point ses commandemẽtz

74 558 668 57 il est mẽteur ⁊ uerite nest poĩt en luy: ⁊

80 604 666 57 qͥ garde sa parolle la charite de Dieu

76 653 670 53 est urayement parfaicte en ce. Nous

78 703 664 50 scauons par ce que nous sommes en

76 743 670 57 luy. Qui dit quil demeure en Christ: il

77 790 668 57 doibt aussi cheminer cõme iceluy a che

75 837 667 57 mine. Uoyez dõc ⁊ iugez combien son

74 885 671 52 loing ces deux manieres de gẽs de la

77 928 662 57 uraye intelligence des Apostres/ non

76 977 666 57 entẽdantz q̃ cest de foy ⁊ des oeuures.

172 1025 471 61 Du baptesme. Chap̃.11.

134 1075 604 59 ¶ Ie confesse que le Baptesme de

77 1123 660 56 leaue est ung signe uisible ⁊ exterieͬ/

78 1172 664 53 lequel doibt representer (selon la natu

79 1218 663 54 re des signes) ce qui est dedens nous.

80 1263 662 62 cest assauoir renouatiõ desprit/ et mor

574 1306 166 62 E tifi¬

747 456 124 86 1.Io.2.a.
