951 1444
229 298 136 159 A

202 35 676 66 tificatiõ de noz mẽbres en Iesꝰ Christ.

209 86 671 61 Par leq̃l aussi noꝰ sommes receuz en

207 131 677 60 la saincte congregation du peuple de

211 174 671 64 Dieu/ en protestant ⁊ declairãt deuãt

214 222 643 62 icelle nostre foy ⁊ changemẽt de uie.

374 271 509 66 Llez donc/ ⁊ enseignez tou

378 327 505 65 tes gens/ ⁊ les baptisez au

381 379 502 73 nom du Pere/ ⁊ du Filz/ ⁊

215 442 666 70 du S. Esperit. Et les enseignez a

219 496 658 71 garder toutes choses/ lesquelles ie

218 559 404 62 uous ay commande.

261 602 628 79 Allez par tout le mõde/ ⁊ preschez

215 668 663 65 Leuangile a toute creature. Qui

216 723 661 74 croyra ⁊ sera baptise/ il sera sauue:

219 782 658 72 mais qui ne croyra point/ il sera cõ¬

224 848 160 56 demne.

268 893 608 71 Et quand ilz alloyent ꝑ la uoye/

223 955 654 71 ilz uindrent a q̃lque eaue: ⁊ le Eu¬

224 1011 655 70 nucque dit/ Uoicy de leaue/ qui me

224 1066 654 72 empesche de estre baptise? Et Phi¬

226 1127 651 65 lippe dit: Se tu croys de tout ton

225 1176 657 70 coeur il est licite. Et il respõd/ ⁊ dit:

226 1234 655 90 Ie croy que Iesus Christ est filz de

744 1296 128 70 Dieu.

78 290 138 55 Matth.

81 336 122 54 derni.d.

82 617 145 62 mat.16.d

89 907 120 54 Act.8.e.
