<?xml version="1.0" encoding="UTF-8"?>
<alto xmlns:xsi="http://www.w3.org/2001/XMLSchema-instance"
      xmlns="http://www.loc.gov/standards/alto/ns-v4#"
      xsi:schemaLocation="http://www.loc.gov/standards/alto/ns-v4# http://www.loc.gov/standards/alto/v4/alto-4-2.xsd">
  <Description>
    <MeasurementUnit>pixel</MeasurementUnit>
    <sourceImageInformation>
      <fileName>70_622ea_default.jpg</fileName>
      <fileIdentifier>https://iiif.onb.ac.at/images/ABO/Z179604507/00000071/full/full/0/default.jpg</fileIdentifier>
    </sourceImageInformation>
  </Description>
  <Tags>
    <OtherTag ID="BT7" LABEL="CustomZone" DESCRIPTION="block type CustomZone"/><OtherTag ID="BT8" LABEL="DamageZone" DESCRIPTION="block type DamageZone"/><OtherTag ID="BT9" LABEL="DigitizationArtefactZone" DESCRIPTION="block type DigitizationArtefactZone"/><OtherTag ID="BT10" LABEL="DropCapitalZone" DESCRIPTION="block type DropCapitalZone"/><OtherTag ID="BT11" LABEL="GraphicZone" DESCRIPTION="block type GraphicZone"/><OtherTag ID="BT12" LABEL="MainZone" DESCRIPTION="block type MainZone"/><OtherTag ID="BT13" LABEL="MarginTextZone" DESCRIPTION="block type MarginTextZone"/><OtherTag ID="BT14" LABEL="MusicZone" DESCRIPTION="block type MusicZone"/><OtherTag ID="BT15" LABEL="NumberingZone" DESCRIPTION="block type NumberingZone"/><OtherTag ID="BT17" LABEL="QuireMarksZone" DESCRIPTION="block type QuireMarksZone"/><OtherTag ID="BT18" LABEL="RunningTitleZone" DESCRIPTION="block type RunningTitleZone"/><OtherTag ID="BT19" LABEL="SealZone" DESCRIPTION="block type SealZone"/><OtherTag ID="BT20" LABEL="StampZone" DESCRIPTION="block type StampZone"/><OtherTag ID="BT21" LABEL="TableZone" DESCRIPTION="block type TableZone"/><OtherTag ID="BT22" LABEL="TitlePageZone" DESCRIPTION="block type TitlePageZone"/>
    <OtherTag ID="LT7" LABEL="CustomLine" DESCRIPTION="line type CustomLine"/><OtherTag ID="LT8" LABEL="DefaultLine" DESCRIPTION="line type DefaultLine"/><OtherTag ID="LT9" LABEL="DropCapitalLine" DESCRIPTION="line type DropCapitalLine"/><OtherTag ID="LT10" LABEL="HeadingLine" DESCRIPTION="line type HeadingLine"/><OtherTag ID="LT11" LABEL="InterlinearLine" DESCRIPTION="line type InterlinearLine"/><OtherTag ID="LT12" LABEL="MusicLine" DESCRIPTION="line type MusicLine"/><OtherTag ID="LT1007" LABEL="default" DESCRIPTION="line type default"/>
  </Tags>
  <Layout>
    <Page WIDTH="960"
          HEIGHT="1446"
          PHYSICAL_IMG_NR="70"
          ID="eSc_dummypage_">
      <PrintSpace HPOS="0"
                  VPOS="0"
                  WIDTH="960"
                  HEIGHT="1446">
        <TextBlock HPOS="31"
                   VPOS="25"
                   WIDTH="706"
                   HEIGHT="1299"
                   ID="eSc_textblock_c3766977"
                   TAGREFS="BT12">
          <Shape><Polygon POINTS="31 25 34 1324 731 1318 737 28"/></Shape>
          <TextLine ID="eSc_line_4868044a"
                    TAGREFS="LT8"
                    BASELINE="60 101 723 93" 
                    HPOS="59"
                    VPOS="48"
                    WIDTH="664"
                    HEIGHT="66">
            <Shape><Polygon POINTS="718 56 710 55 702 54 694 53 686 53 678 53 669 52 669 51 667 53 636 53 629 49 621 49 613 48 604 48 602 48 592 54 570 54 552 49 549 49 542 49 531 55 463 55 454 49 453 50 445 50 437 50 428 50 420 50 412 50 404 51 396 51 388 51 384 51 372 57 343 52 340 52 334 52 314 58 277 58 264 53 260 53 252 53 244 53 236 53 232 53 182 60 151 60 136 55 131 55 123 55 117 55 114 57 101 55 99 56 91 56 83 56 75 56 67 56 61 56 59 57 60 101 60 110 73 114 73 114 74 114 75 114 86 108 128 107 157 111 158 111 192 106 287 110 288 110 326 105 357 110 358 110 391 104 412 108 412 108 447 106 453 110 453 110 454 110 455 110 503 110 503 110 504 110 526 102 535 106 536 106 537 106 578 102 599 108 600 108 600 108 722 104 723 93 720 56 718 56"/></Shape>
            <String CONTENT="Dieu. Et commãda que le chariot"
                    HPOS="59"
                    VPOS="48"
                    WIDTH="664"
                    HEIGHT="66"
                    WC="0.998933544382453"></String>
          </TextLine>
          <TextLine ID="eSc_line_bbd687f5"
                    TAGREFS="LT8"
                    BASELINE="60 156 399 151 722 152" 
                    HPOS="59"
                    VPOS="106"
                    WIDTH="663"
                    HEIGHT="66">
            <Shape><Polygon POINTS="60 156 60 172 114 163 139 164 149 171 150 171 151 171 151 172 183 172 183 171 183 171 184 171 184 171 191 166 223 171 224 171 224 171 249 163 276 171 277 171 277 171 278 171 279 171 294 162 326 162 342 167 343 167 343 167 403 163 427 168 428 168 428 168 440 163 449 169 450 169 451 169 452 170 472 170 472 169 473 169 473 169 486 161 498 161 514 169 514 169 515 169 516 169 534 163 559 169 559 169 560 169 561 169 572 160 609 168 610 168 611 168 612 168 621 161 653 160 662 166 663 166 664 166 665 166 721 159 722 152 721 107 626 106 625 106 591 112 575 106 574 106 573 106 550 107 549 107 548 107 536 115 506 107 506 107 505 107 504 107 503 107 493 115 468 111 467 111 466 111 465 111 460 116 414 116 400 109 399 109 398 109 397 109 383 116 285 113 285 113 255 117 238 109 237 109 205 109 204 109 204 109 175 118 130 118 115 111 114 111 84 110 83 110 59 115 60 156"/></Shape>
            <String CONTENT="fut arreste: ⁊ tous deux descendirẽt"
                    HPOS="59"
                    VPOS="106"
                    WIDTH="663"
                    HEIGHT="66"
                    WC="0.9848608729001638"></String>
          </TextLine>
          <TextLine ID="eSc_line_ed97903b"
                    TAGREFS="LT8"
                    BASELINE="54 212 717 208" 
                    HPOS="53"
                    VPOS="165"
                    WIDTH="664"
                    HEIGHT="67">
            <Shape><Polygon POINTS="54 212 54 221 79 231 80 231 81 232 136 232 136 231 137 231 138 231 150 221 224 221 266 230 267 231 306 231 306 230 306 230 307 230 315 224 379 230 380 230 381 230 382 230 390 223 411 220 432 229 433 229 433 229 434 229 435 229 448 221 489 220 498 224 499 224 500 224 530 220 547 224 548 224 549 224 550 224 551 224 559 220 676 228 677 228 678 228 697 219 717 218 717 208 714 167 696 175 680 171 679 171 678 171 646 175 641 171 640 171 639 171 638 171 566 175 545 165 544 165 518 165 518 165 517 165 492 175 472 165 471 165 451 165 450 165 449 165 449 165 430 176 389 176 355 166 354 166 285 166 285 166 284 166 283 166 275 171 241 167 241 167 240 167 239 167 226 177 155 177 140 167 139 167 138 167 118 167 118 167 117 167 82 177 53 176 54 212"/></Shape>
            <String CONTENT="en leaue Philippe ⁊ le Eunucque/"
                    HPOS="53"
                    VPOS="165"
                    WIDTH="664"
                    HEIGHT="67"
                    WC="0.9981607720255852"></String>
          </TextLine>
          <TextLine ID="eSc_line_cc76b67b"
                    TAGREFS="LT8"
                    BASELINE="55 272 149 268 294 268" 
                    HPOS="53"
                    VPOS="221"
                    WIDTH="241"
                    HEIGHT="69">
            <Shape><Polygon POINTS="55 272 56 290 76 285 95 289 96 289 97 289 119 278 171 280 187 289 188 289 189 290 231 290 231 289 232 289 232 289 232 288 237 284 259 286 260 286 261 286 261 286 275 277 294 277 294 268 293 233 273 233 261 222 261 221 261 221 260 221 247 221 246 221 245 221 245 221 238 226 212 224 212 224 211 224 179 234 165 233 154 223 153 223 152 223 151 223 151 223 128 231 114 224 114 224 113 224 112 224 89 231 75 225 74 225 73 225 73 225 53 234 55 272"/></Shape>
            <String CONTENT="⁊ le baptisa."
                    HPOS="53"
                    VPOS="221"
                    WIDTH="241"
                    HEIGHT="69"
                    WC="0.9952722787857056"></String>
          </TextLine>
          <TextLine ID="eSc_line_590e9d36"
                    TAGREFS="LT8"
                    BASELINE="101 327 716 320" 
                    HPOS="100"
                    VPOS="273"
                    WIDTH="616"
                    HEIGHT="68">
            <Shape><Polygon POINTS="101 327 101 334 128 340 129 340 130 340 130 340 135 336 143 340 144 340 145 340 182 335 195 340 196 340 196 340 197 340 216 334 275 341 276 341 277 341 277 341 288 333 322 333 334 339 334 339 335 339 403 333 441 339 441 339 482 331 522 334 523 334 524 334 525 334 530 330 557 338 558 338 559 338 559 338 579 330 588 337 588 337 589 337 590 337 645 331 715 335 716 320 714 276 682 273 681 273 680 273 644 285 620 285 612 278 612 278 611 278 610 278 558 281 546 275 545 275 522 275 521 275 520 275 519 275 504 286 463 286 444 276 443 276 442 276 372 288 326 288 306 278 306 278 305 278 277 283 265 278 264 278 263 278 262 278 234 290 188 290 174 279 173 279 172 279 171 279 122 280 121 280 100 288 101 327"/></Shape>
            <String CONTENT="Adonc Pierre respondit: Peult"
                    HPOS="100"
                    VPOS="273"
                    WIDTH="616"
                    HEIGHT="68"
                    WC="0.9987843797124666"></String>
          </TextLine>
          <TextLine ID="eSc_line_804f406e"
                    TAGREFS="LT8"
                    BASELINE="52 383 718 379" 
                    HPOS="51"
                    VPOS="334"
                    WIDTH="667"
                    HEIGHT="68">
            <Shape><Polygon POINTS="52 383 52 394 97 394 116 400 117 400 118 400 148 394 159 402 160 402 161 402 162 402 163 402 181 393 199 393 212 400 212 400 213 400 240 396 270 401 271 401 272 401 287 396 300 400 301 400 302 400 302 400 303 400 315 393 332 400 333 400 334 400 384 395 423 400 424 400 424 400 425 400 439 391 500 391 539 399 539 399 540 399 558 391 600 399 600 399 641 390 653 398 654 398 655 398 656 399 717 399 718 379 715 334 684 339 661 334 660 334 659 334 650 339 617 334 616 334 616 334 589 345 538 345 520 335 519 335 518 335 518 335 494 346 464 346 447 337 446 337 445 337 445 337 431 344 414 336 413 336 412 336 412 336 411 336 398 345 382 346 366 337 365 337 305 337 304 337 303 337 283 346 275 342 274 342 273 342 273 342 272 342 267 347 222 347 186 340 185 340 184 340 183 340 176 346 163 343 162 343 161 343 131 347 72 339 71 339 70 339 51 347 52 383"/></Shape>
            <String CONTENT="aucun empescher q̃ iceulx ne soyẽt"
                    HPOS="51"
                    VPOS="334"
                    WIDTH="667"
                    HEIGHT="68"
                    WC="0.9989312989371163"></String>
          </TextLine>
          <TextLine ID="eSc_line_c779fe23"
                    TAGREFS="LT8"
                    BASELINE="53 441 718 432" 
                    HPOS="52"
                    VPOS="392"
                    WIDTH="666"
                    HEIGHT="65">
            <Shape><Polygon POINTS="53 441 53 449 118 457 118 457 247 456 248 456 249 456 264 447 376 447 405 452 406 452 407 452 408 452 416 445 449 445 462 453 463 453 464 453 499 453 499 453 500 453 501 453 511 445 528 444 547 444 561 452 562 452 563 452 563 452 564 452 598 443 636 451 637 451 637 451 638 451 651 442 666 449 667 449 668 449 669 449 669 449 677 445 718 445 718 432 717 396 703 392 702 392 702 392 701 392 686 399 593 399 571 392 571 392 547 392 547 392 546 392 545 392 534 400 517 400 487 392 486 392 459 392 458 392 410 400 385 394 384 394 384 394 383 394 362 402 236 397 235 397 206 403 196 396 196 396 195 396 194 396 160 396 159 396 159 396 152 401 136 399 135 399 134 399 122 404 89 397 88 397 52 400 53 441"/></Shape>
            <String CONTENT="baptisez par eaue/ lesquelz ont re¬"
                    HPOS="52"
                    VPOS="392"
                    WIDTH="666"
                    HEIGHT="65"
                    WC="0.997058960369655"></String>
          </TextLine>
          <TextLine ID="eSc_line_e4cfa8a5"
                    TAGREFS="LT8"
                    BASELINE="48 498 718 491" 
                    HPOS="47"
                    VPOS="448"
                    WIDTH="671"
                    HEIGHT="64">
            <Shape><Polygon POINTS="48 498 48 507 126 506 142 510 143 510 144 510 145 510 163 505 169 509 170 509 171 509 213 510 214 510 215 510 227 506 234 511 235 511 236 511 236 512 298 512 298 511 344 508 345 508 346 508 354 503 374 509 375 509 375 509 405 505 445 510 446 510 447 510 467 502 511 502 522 509 522 509 523 509 524 510 547 510 547 509 547 509 570 502 616 507 616 507 617 507 637 500 682 505 682 505 718 499 718 491 716 454 687 455 667 449 666 449 665 449 665 449 652 456 580 456 568 448 567 448 567 448 550 448 549 448 481 457 459 449 458 449 457 449 418 455 404 449 403 449 402 449 401 449 400 449 388 458 360 458 345 450 344 450 343 450 343 450 321 457 299 450 298 450 298 450 232 459 185 452 184 452 183 452 164 460 151 452 151 452 150 452 136 452 135 452 134 452 110 459 106 455 105 455 104 455 103 455 102 455 87 460 80 455 79 455 78 455 77 455 47 461 48 498"/></Shape>
            <String CONTENT="ceu le S. Esprit ainsi aussi comme"
                    HPOS="47"
                    VPOS="448"
                    WIDTH="671"
                    HEIGHT="64"
                    WC="0.9947109765866223"></String>
          </TextLine>
          <TextLine ID="eSc_line_95307b66"
                    TAGREFS="LT8"
                    BASELINE="50 555 322 551 716 549" 
                    HPOS="49"
                    VPOS="505"
                    WIDTH="667"
                    HEIGHT="64">
            <Shape><Polygon POINTS="50 555 50 562 118 562 138 569 138 569 139 569 174 561 208 565 209 565 210 565 211 565 217 560 297 560 304 564 305 564 306 564 306 564 330 560 408 567 408 567 409 567 437 559 473 559 483 566 484 566 485 566 486 566 486 566 512 559 550 565 551 566 619 566 619 565 672 563 673 563 694 557 699 561 700 561 701 561 702 561 702 561 716 555 716 549 712 505 698 514 677 514 661 505 661 505 660 505 618 505 617 505 576 511 563 506 563 506 534 506 533 506 532 506 515 514 467 515 431 506 430 506 429 506 428 506 428 506 411 517 349 517 343 511 342 511 341 511 340 511 339 511 318 517 298 512 298 512 297 512 245 514 233 509 232 509 208 509 208 509 207 509 206 509 196 516 179 510 179 510 178 510 177 510 176 510 167 518 150 514 149 514 148 514 104 518 90 511 89 511 89 511 88 511 72 519 49 519 50 555"/></Shape>
            <String CONTENT="nous? Et commanda quilz fussent"
                    HPOS="49"
                    VPOS="505"
                    WIDTH="667"
                    HEIGHT="64"
                    WC="0.993198239034222"></String>
          </TextLine>
          <TextLine ID="eSc_line_cd5c15f8"
                    TAGREFS="LT8"
                    BASELINE="50 611 715 608" 
                    HPOS="49"
                    VPOS="562"
                    WIDTH="666"
                    HEIGHT="65">
            <Shape><Polygon POINTS="50 611 50 620 85 620 99 626 100 626 101 627 173 627 173 626 174 626 175 626 185 620 207 626 208 626 208 626 209 626 210 626 223 619 289 619 298 623 298 623 299 623 329 620 340 625 341 625 342 626 374 626 374 625 375 625 375 625 384 619 420 624 420 624 421 624 422 624 432 618 449 624 449 624 450 624 451 624 461 618 481 624 482 624 482 624 549 617 621 624 622 624 715 620 715 608 712 562 701 566 657 562 657 562 610 566 588 562 587 562 586 562 585 562 571 572 547 573 535 573 520 563 519 563 518 563 494 563 494 563 493 563 473 572 451 568 450 568 409 572 395 563 394 563 393 563 392 563 392 563 368 574 325 574 309 568 308 568 307 568 306 568 296 573 267 569 266 569 265 569 254 573 234 569 233 569 206 572 191 564 190 564 156 564 155 564 155 564 132 573 80 564 79 564 78 564 49 574 50 611"/></Shape>
            <String CONTENT="baptisez au nom de nostre Seigñr"
                    HPOS="49"
                    VPOS="562"
                    WIDTH="666"
                    HEIGHT="65"
                    WC="0.9978941137140448"></String>
          </TextLine>
          <TextLine ID="eSc_line_bedd3754"
                    TAGREFS="LT8"
                    BASELINE="59 670 341 666" 
                    HPOS="56"
                    VPOS="614"
                    WIDTH="284"
                    HEIGHT="80">
            <Shape><Polygon POINTS="57 669 57 694 112 694 112 692 113 692 114 692 132 682 196 691 197 691 267 688 268 688 270 688 270 686 271 686 277 679 323 688 324 688 325 688 340 679 340 665 337 624 261 614 260 614 259 614 241 624 218 614 217 614 215 614 214 614 213 614 195 625 127 615 126 615 125 615 124 615 109 625 86 616 85 616 84 616 83 616 56 625 57 669"/></Shape>
            <String CONTENT="Iesus Christ."
                    HPOS="56"
                    VPOS="614"
                    WIDTH="284"
                    HEIGHT="80"
                    WC="0.9990410758898809"></String>
          </TextLine>
          <TextLine ID="eSc_line_264147be"
                    TAGREFS="LT8"
                    BASELINE="101 726 626 722 700 719 712 717" 
                    HPOS="98"
                    VPOS="671"
                    WIDTH="613"
                    HEIGHT="68">
            <Shape><Polygon POINTS="100 725 100 739 425 733 564 739 565 739 566 739 582 732 700 738 701 738 703 738 704 738 711 731 711 716 707 671 658 679 539 672 537 672 536 672 514 680 448 672 447 672 446 672 418 679 412 674 411 674 410 674 408 674 407 674 406 674 406 676 405 676 400 682 254 673 253 673 252 673 250 673 237 683 130 674 129 674 127 674 98 684 100 725"/></Shape>
            <String CONTENT="Quand ilz attendoyent la patiẽ"
                    HPOS="98"
                    VPOS="671"
                    WIDTH="613"
                    HEIGHT="68"
                    WC="0.995732190147523"></String>
          </TextLine>
          <TextLine ID="eSc_line_bfcf6f54"
                    TAGREFS="LT8"
                    BASELINE="50 782 715 777" 
                    HPOS="49"
                    VPOS="734"
                    WIDTH="666"
                    HEIGHT="63">
            <Shape><Polygon POINTS="50 782 50 790 82 797 83 797 84 797 85 797 95 790 121 795 122 795 122 795 123 795 130 791 191 795 192 795 192 795 193 795 201 788 298 788 306 792 307 792 308 792 340 788 347 793 348 793 349 793 350 793 371 788 395 796 396 796 396 796 397 796 426 788 457 788 478 796 479 796 480 796 645 794 645 794 669 787 690 792 690 792 691 792 714 790 715 777 713 734 679 740 666 738 665 738 665 738 664 738 656 743 592 743 583 739 582 739 581 739 555 743 514 735 513 735 512 735 491 745 464 745 441 736 441 736 440 736 439 736 438 736 424 745 388 745 375 739 375 739 374 739 373 739 355 745 334 737 334 737 333 737 332 737 331 737 320 745 273 742 273 742 254 746 221 738 220 738 159 738 159 738 158 738 136 745 123 739 122 739 73 739 73 739 72 739 49 745 50 782"/></Shape>
            <String CONTENT="ce de Dieu es iours de Noe/ quand"
                    HPOS="49"
                    VPOS="734"
                    WIDTH="666"
                    HEIGHT="63"
                    WC="0.9986960002870271"></String>
          </TextLine>
          <TextLine ID="eSc_line_32391d2c"
                    TAGREFS="LT8"
                    BASELINE="50 840 716 835" 
                    HPOS="49"
                    VPOS="790"
                    WIDTH="667"
                    HEIGHT="67">
            <Shape><Polygon POINTS="50 840 50 847 89 848 97 853 98 853 98 853 99 853 100 853 110 849 147 857 148 857 149 857 150 857 163 848 200 855 200 855 201 855 231 847 244 857 245 857 245 857 246 857 271 857 271 857 272 857 273 857 283 848 305 855 306 855 306 855 307 855 326 846 343 850 343 850 344 850 397 845 416 855 417 855 418 855 461 849 492 855 493 855 587 845 602 854 603 854 604 854 604 854 648 853 649 853 649 853 659 846 684 850 685 850 715 843 716 835 714 793 598 800 575 790 574 790 573 790 572 790 550 800 486 801 460 791 459 791 458 791 457 791 437 802 368 802 352 792 351 792 351 792 289 792 288 792 287 792 286 792 280 796 261 792 260 792 259 792 241 799 206 792 205 792 204 792 182 803 162 792 161 792 160 792 159 792 118 804 85 793 84 793 83 793 49 793 50 840"/></Shape>
            <String CONTENT="larche se faisoit: en laquelle petit"
                    HPOS="49"
                    VPOS="790"
                    WIDTH="667"
                    HEIGHT="67"
                    WC="0.991627550787396"></String>
          </TextLine>
          <TextLine ID="eSc_line_c5b05f15"
                    TAGREFS="LT8"
                    BASELINE="50 898 714 893" 
                    HPOS="49"
                    VPOS="848"
                    WIDTH="665"
                    HEIGHT="66">
            <Shape><Polygon POINTS="50 898 50 909 55 912 56 912 57 912 57 912 123 908 142 914 143 914 144 914 145 914 160 907 191 914 192 914 192 914 208 908 223 913 224 913 224 913 225 913 241 906 267 906 281 913 281 913 282 913 336 906 357 906 366 912 367 912 367 912 368 912 446 911 447 911 465 905 482 911 482 911 483 911 522 907 560 910 561 910 562 910 585 904 609 910 610 910 611 910 612 910 627 906 714 906 714 893 711 853 617 858 584 848 583 848 562 848 561 848 560 848 542 858 490 858 473 853 472 853 471 853 470 853 469 853 458 860 424 860 402 849 401 849 376 849 375 849 375 849 350 860 313 850 312 850 278 850 277 850 277 850 260 857 240 850 239 850 238 850 237 850 208 861 180 854 179 854 151 859 134 852 133 852 86 852 85 852 85 852 84 852 70 862 49 863 50 898"/></Shape>
            <String CONTENT="nõbre (cest adire huyct personnes)"
                    HPOS="49"
                    VPOS="848"
                    WIDTH="665"
                    HEIGHT="66"
                    WC="0.9799251982143947"></String>
          </TextLine>
          <TextLine ID="eSc_line_6718b368"
                    TAGREFS="LT8"
                    BASELINE="54 955 714 948" 
                    HPOS="53"
                    VPOS="904"
                    WIDTH="661"
                    HEIGHT="67">
            <Shape><Polygon POINTS="54 955 54 971 91 964 292 968 293 968 370 967 371 967 383 962 389 966 390 966 391 966 392 966 392 966 393 966 400 961 464 967 465 967 465 967 489 960 547 966 548 966 549 966 563 961 576 965 576 965 577 965 644 964 645 964 664 959 693 964 694 964 694 964 714 957 714 948 713 914 690 914 676 904 675 904 674 904 641 904 640 904 639 904 619 915 576 915 558 905 557 905 556 905 555 905 526 916 437 916 423 906 422 906 421 906 420 906 395 911 389 906 388 906 388 906 387 906 386 906 367 917 341 913 340 913 314 917 306 913 305 913 304 913 291 915 282 908 281 908 281 908 280 908 279 908 262 915 219 908 218 908 123 919 108 910 107 910 106 910 106 910 53 910 54 955"/></Shape>
            <String CONTENT="furent sauuez par leaue. Sembla¬"
                    HPOS="53"
                    VPOS="904"
                    WIDTH="661"
                    HEIGHT="67"
                    WC="0.9983707126230001"></String>
          </TextLine>
          <TextLine ID="eSc_line_3e0c1378"
                    TAGREFS="LT8"
                    BASELINE="49 1010 714 1004" 
                    HPOS="49"
                    VPOS="963"
                    WIDTH="665"
                    HEIGHT="62">
            <Shape><Polygon POINTS="49 1010 49 1019 189 1018 205 1023 206 1023 207 1023 235 1018 260 1024 261 1025 309 1025 309 1024 310 1024 334 1017 355 1023 355 1023 356 1023 461 1017 511 1022 512 1022 513 1022 537 1015 553 1021 554 1021 555 1021 555 1021 576 1015 604 1021 604 1021 605 1021 622 1016 636 1021 637 1021 637 1021 689 1021 689 1021 690 1021 690 1021 699 1014 713 1014 714 1004 713 970 692 964 691 964 690 964 690 964 689 964 681 971 666 971 655 963 654 963 653 963 626 963 625 963 625 963 624 963 617 968 559 964 559 964 558 964 557 964 548 972 514 972 449 966 449 966 448 966 428 972 403 965 402 965 401 965 400 965 384 971 374 967 373 967 372 967 371 967 371 967 362 972 289 966 288 966 231 975 116 975 104 968 103 968 102 968 65 968 65 968 64 968 49 973 49 1010"/></Shape>
            <String CONTENT="blement aussi maintenant le bap¬"
                    HPOS="49"
                    VPOS="963"
                    WIDTH="665"
                    HEIGHT="62"
                    WC="0.9999958239495754"></String>
          </TextLine>
          <TextLine ID="eSc_line_ac226c95"
                    TAGREFS="LT8"
                    BASELINE="49 1069 709 1061" 
                    HPOS="48"
                    VPOS="1017"
                    WIDTH="661"
                    HEIGHT="68">
            <Shape><Polygon POINTS="49 1069 49 1079 57 1083 57 1083 58 1083 85 1078 93 1085 93 1085 94 1085 95 1085 96 1085 116 1078 245 1083 245 1083 246 1083 261 1076 306 1076 325 1082 326 1082 326 1082 327 1082 345 1075 373 1082 374 1082 375 1082 385 1076 429 1080 430 1080 478 1074 510 1080 510 1080 538 1075 553 1079 554 1079 555 1079 555 1079 573 1075 633 1078 633 1078 634 1078 635 1078 643 1073 667 1078 668 1078 669 1078 683 1071 708 1071 709 1061 706 1017 681 1025 664 1017 663 1017 644 1017 643 1017 642 1017 641 1017 631 1026 551 1026 539 1017 538 1017 537 1017 536 1017 535 1017 517 1023 509 1017 508 1017 507 1017 506 1017 467 1017 466 1017 465 1017 451 1027 430 1018 429 1018 428 1018 374 1029 341 1019 340 1019 339 1019 339 1019 306 1030 285 1030 269 1020 268 1020 267 1020 266 1020 239 1021 238 1021 237 1021 221 1031 208 1031 194 1021 193 1021 192 1021 192 1021 191 1021 170 1032 140 1032 126 1021 125 1021 124 1021 123 1021 80 1029 48 1027 49 1069"/></Shape>
            <String CONTENT="tesme: qͥ est de semblable forme uoꝰ"
                    HPOS="48"
                    VPOS="1017"
                    WIDTH="661"
                    HEIGHT="68"
                    WC="0.9941549400488535"></String>
          </TextLine>
          <TextLine ID="eSc_line_7fdd3296"
                    TAGREFS="LT8"
                    BASELINE="52 1127 712 1120" 
                    HPOS="51"
                    VPOS="1076"
                    WIDTH="661"
                    HEIGHT="67">
            <Shape><Polygon POINTS="52 1127 53 1143 89 1132 155 1132 169 1138 170 1138 171 1138 217 1132 230 1141 231 1141 232 1141 232 1142 276 1142 276 1141 277 1141 277 1141 290 1131 305 1131 318 1135 319 1135 320 1135 321 1135 322 1135 328 1131 376 1131 403 1135 404 1135 433 1130 465 1139 465 1139 466 1139 496 1139 496 1139 497 1139 498 1139 504 1134 541 1139 542 1139 543 1139 567 1131 628 1138 629 1138 629 1138 652 1130 667 1137 668 1137 669 1138 681 1138 681 1137 682 1137 682 1137 695 1128 710 1129 712 1120 710 1085 665 1084 640 1076 639 1076 638 1076 637 1076 637 1076 628 1083 622 1078 621 1078 620 1078 620 1078 619 1078 607 1083 596 1076 595 1076 594 1076 547 1076 546 1076 545 1076 510 1086 464 1086 451 1078 450 1078 449 1078 388 1078 388 1078 387 1078 363 1085 305 1078 304 1078 303 1078 302 1078 290 1088 277 1082 277 1082 276 1082 275 1082 257 1087 238 1083 237 1083 202 1089 183 1083 182 1083 181 1083 180 1083 179 1083 172 1089 126 1086 126 1086 125 1086 124 1086 118 1090 96 1088 87 1081 86 1081 85 1081 85 1081 51 1082 52 1127"/></Shape>
            <String CONTENT="sauue/ non point la deposition des"
                    HPOS="51"
                    VPOS="1076"
                    WIDTH="661"
                    HEIGHT="67"
                    WC="0.9919173419475555"></String>
          </TextLine>
          <TextLine ID="eSc_line_0c2c9fc3"
                    TAGREFS="LT8"
                    BASELINE="49 1181 711 1177" 
                    HPOS="49"
                    VPOS="1134"
                    WIDTH="662"
                    HEIGHT="62">
            <Shape><Polygon POINTS="49 1181 49 1190 86 1196 87 1196 130 1192 154 1196 155 1196 155 1196 184 1189 219 1189 236 1196 236 1196 237 1196 268 1189 307 1196 308 1196 385 1188 423 1194 424 1194 474 1188 508 1192 509 1192 528 1188 536 1194 537 1194 538 1194 539 1194 608 1193 643 1187 678 1188 685 1193 686 1193 686 1193 687 1193 710 1189 711 1177 709 1140 678 1143 664 1134 663 1134 662 1134 637 1134 637 1134 636 1134 608 1144 512 1144 489 1135 488 1135 487 1135 486 1135 486 1135 478 1140 469 1137 468 1137 467 1137 466 1137 451 1145 415 1145 401 1135 400 1135 400 1135 326 1135 325 1135 324 1135 303 1146 267 1136 266 1136 265 1136 265 1136 264 1136 250 1146 237 1136 236 1136 236 1136 212 1136 212 1136 211 1136 210 1136 193 1147 145 1147 100 1137 99 1137 98 1137 98 1137 85 1147 49 1147 49 1181"/></Shape>
            <String CONTENT="ordures de la chair: mais examina"
                    HPOS="49"
                    VPOS="1134"
                    WIDTH="662"
                    HEIGHT="62"
                    WC="0.9925847360582063"></String>
          </TextLine>
          <TextLine ID="eSc_line_1c3df819"
                    TAGREFS="LT8"
                    BASELINE="50 1238 711 1234" 
                    HPOS="49"
                    VPOS="1192"
                    WIDTH="662"
                    HEIGHT="62">
            <Shape><Polygon POINTS="50 1238 50 1246 105 1254 106 1254 183 1245 268 1252 269 1252 269 1252 281 1246 311 1252 312 1252 343 1245 371 1253 371 1253 372 1254 441 1254 441 1253 442 1253 443 1253 450 1247 463 1249 464 1249 465 1249 482 1244 526 1244 540 1251 541 1251 571 1252 571 1252 572 1252 573 1252 581 1246 617 1249 618 1249 642 1245 650 1249 651 1249 652 1249 653 1249 653 1249 662 1244 675 1250 676 1250 677 1250 710 1242 711 1234 709 1192 665 1200 647 1192 646 1192 579 1192 578 1192 577 1192 576 1192 562 1201 550 1197 549 1197 548 1197 547 1197 539 1202 473 1202 447 1193 446 1193 399 1193 398 1193 397 1193 379 1203 313 1203 241 1203 228 1194 228 1194 227 1194 206 1194 205 1194 204 1194 181 1204 165 1195 164 1195 163 1195 111 1203 100 1195 99 1195 98 1195 69 1195 69 1195 68 1195 49 1204 50 1238"/></Shape>
            <String CONTENT="tion de bonne conscience en Dieu/"
                    HPOS="49"
                    VPOS="1192"
                    WIDTH="662"
                    HEIGHT="62"
                    WC="0.9980819153063225"></String>
          </TextLine>
          <TextLine ID="eSc_line_ac3c70f8"
                    TAGREFS="LT8"
                    BASELINE="51 1300 712 1292" 
                    HPOS="50"
                    VPOS="1243"
                    WIDTH="662"
                    HEIGHT="76">
            <Shape><Polygon POINTS="51 1300 51 1319 70 1319 70 1319 71 1319 89 1310 136 1310 146 1314 147 1314 147 1314 185 1309 212 1316 212 1316 213 1316 249 1308 302 1308 308 1312 309 1312 310 1312 310 1312 311 1312 326 1307 347 1307 364 1315 365 1315 366 1315 367 1315 390 1310 446 1315 447 1315 448 1315 467 1309 502 1311 503 1311 504 1311 515 1305 552 1305 570 1313 571 1313 571 1313 645 1312 645 1312 646 1312 652 1308 691 1311 692 1311 693 1311 712 1302 712 1292 710 1244 675 1243 674 1243 674 1243 652 1250 637 1244 637 1244 636 1244 635 1244 612 1249 584 1244 584 1244 583 1244 582 1244 563 1256 518 1256 498 1245 498 1245 497 1245 496 1245 478 1249 446 1247 445 1247 445 1247 444 1247 429 1257 414 1257 388 1249 388 1249 353 1247 352 1247 351 1247 313 1259 254 1259 241 1250 240 1250 239 1250 213 1249 212 1249 212 1249 179 1260 145 1249 144 1249 143 1249 142 1249 123 1256 92 1250 91 1250 90 1250 89 1250 78 1259 50 1262 51 1300"/></Shape>
            <String CONTENT="par la resurrectiõ de Iesus Christ:"
                    HPOS="50"
                    VPOS="1243"
                    WIDTH="662"
                    HEIGHT="76"
                    WC="0.9966564840740628"></String>
          </TextLine>
        </TextBlock>
        <TextBlock HPOS="464"
                   VPOS="1310"
                   WIDTH="263"
                   HEIGHT="60"
                   ID="eSc_textblock_dc11630f"
                   TAGREFS="BT17">
          <Shape><Polygon POINTS="464 1310 464 1370 727 1370 727 1310"/></Shape>
          <TextLine ID="eSc_line_14cf86e1"
                    TAGREFS="LT8"
                    BASELINE="481 1356 712 1350" 
                    HPOS="479"
                    VPOS="1304"
                    WIDTH="233"
                    HEIGHT="70">
            <Shape><Polygon POINTS="481 1356 482 1369 490 1365 537 1369 538 1369 539 1369 550 1364 563 1368 563 1368 564 1368 592 1363 610 1364 624 1374 625 1374 625 1374 626 1374 698 1372 698 1372 699 1372 712 1363 712 1350 709 1304 678 1307 677 1307 676 1307 676 1308 675 1308 672 1313 655 1310 654 1310 653 1310 653 1310 634 1326 597 1326 580 1311 580 1311 579 1311 578 1311 577 1311 576 1311 576 1312 560 1327 548 1327 524 1308 523 1308 522 1308 522 1308 479 1315 481 1356"/></Shape>
            <String CONTENT="E 2 qui"
                    HPOS="479"
                    VPOS="1304"
                    WIDTH="233"
                    HEIGHT="70"
                    WC="0.9995805706296649"></String>
          </TextLine>
        </TextBlock>
        <TextBlock HPOS="713"
                   VPOS="268"
                   WIDTH="158"
                   HEIGHT="62"
                   ID="eSc_textblock_40463c67"
                   TAGREFS="BT13">
          <Shape><Polygon POINTS="713 268 713 330 871 330 871 268"/></Shape>
          <TextLine ID="eSc_line_54c0ac0a"
                    TAGREFS="LT8"
                    BASELINE="726 314 751 309 851 309" 
                    HPOS="725"
                    VPOS="269"
                    WIDTH="126"
                    HEIGHT="73">
            <Shape><Polygon POINTS="726 314 726 336 763 342 764 342 851 339 851 309 850 280 828 275 827 275 826 275 825 275 825 276 821 280 794 280 775 271 774 271 773 271 772 271 772 271 763 277 755 270 755 269 755 269 754 269 753 269 725 270 726 314"/></Shape>
            <String CONTENT="Act.10.g."
                    HPOS="725"
                    VPOS="269"
                    WIDTH="126"
                    HEIGHT="73"
                    WC="0.9872766335805258"></String>
          </TextLine>
        </TextBlock>
        <TextBlock HPOS="705"
                   VPOS="668"
                   WIDTH="157"
                   HEIGHT="62"
                   ID="eSc_textblock_9e1786c2"
                   TAGREFS="BT13">
          <Shape><Polygon POINTS="705 668 705 730 862 730 862 668"/></Shape>
          <TextLine ID="eSc_line_592cb970"
                    TAGREFS="LT8"
                    BASELINE="715 717 753 710 849 709" 
                    HPOS="711"
                    VPOS="651"
                    WIDTH="136"
                    HEIGHT="94">
            <Shape><Polygon POINTS="713 716 713 735 769 745 770 745 771 745 795 736 821 744 822 744 823 744 847 739 847 708 843 651 806 660 802 655 800 655 799 655 798 655 797 655 795 655 785 663 711 661 713 716"/></Shape>
            <String CONTENT="1.Pe.3.d."
                    HPOS="711"
                    VPOS="651"
                    WIDTH="136"
                    HEIGHT="94"
                    WC="0.9561271270116171"></String>
          </TextLine>
        </TextBlock>
      </PrintSpace>
    </Page>
  </Layout>
</alto>
