956 1442
221 48 677 75 circoncision/ non point faicte de la

226 104 668 79 main par despouillement du corps

225 160 671 75 de la chair: mais en circoncision de

232 213 664 79 Christ/ ensepuelis auec luy au ba¬

229 273 665 78 ptesme/ auquel aussi estes resuscitez

230 330 665 78 par foy de loperation de Dieu qui

229 393 424 70 la resuscite des mortz.

234 475 661 65 ¶ De ces deux manieres de Baptes¬

230 523 664 65 me: regardez. S. Hieros. en lexpositiõ

233 568 662 65 de Esaye.4.a. Item aux Galati. Et

236 616 659 64 S. Ambro. sur S. Luc. au .3. chap̃. Itẽ

234 665 659 59 ad Demetriadẽ en la derniere Epist.

236 710 633 63 Et S. Hilaire sur le .118. Pseaulme.

238 759 658 59 ¶ Par ces textes de Lescripture sain

237 806 658 60 cte ⁊ docteurs/ il appert quil y a deux

237 852 662 56 manieres de Baptesmes. Le premier

239 895 659 64 est exterieur duq̃l Iesus Christ a uou

239 943 658 61 lu estre baptise (comme il est dit en S.

239 990 660 61 Matth. duquel aussi estoit aux Apo¬

244 1038 657 58 stres ⁊ disciples commande de bapti¬

240 1081 660 62 ser. Non point q̃ ce lauement exterieur

240 1129 661 60 qui se faict deaue materielle aye q̃lque

245 1178 657 58 propriete/ uertu/ ⁊ efficace/ nous ren¬

239 1222 664 58 dant pires ou meilleurs/ ou quil soit

239 1270 664 71 commande comme necessaire a salut:

787 1309 123 78 (Car

97 961 134 60 mat.3.d.
