969 1446
91 51 659 57 Car cõe dit Lapostre ne la circoncision

89 93 660 62 ne le prepuce nest rien: ains la foy en

103 140 653 61 Iesus Christ) mais par charite ⁊ edi¬

94 189 661 60 fication du prochain: affin que en rece

91 235 664 58 uant ce signe uisible ⁊ exterieur demõ

93 279 663 63 strions estre de une mesme foy/ allian

92 328 664 57 ce/ ⁊ cõmunaulte auec les enfantz de

90 373 666 59 Dieu. Que le seul baptesme exterieur

93 416 661 62 soit de nulle ualleur il est assez mani¬

96 461 656 66 feste aux Actes/ par Symon le Magi

92 510 661 61 cien/ ⁊ en S. Matthieu par plusieurs

98 558 659 59 Pharisiẽs ⁊ Saduciens lesquelz tres¬

93 604 665 59 aigrement S. Iehan Baptiste redar

94 652 665 57 gue/ a cause quilz uenoyẽt receuoir le

94 698 663 56 baptesme sans uouloir nullement a¬

94 743 662 57 mender leur uie. Le secõd Baptesme/

94 789 665 58 est interieur ⁊ inuisible duquel Iesus

95 836 665 62 Christ par son S. Esprit baptise/ pur

95 883 665 59 geant/ nettoyant/ ⁊ sanctifiant les a¬

94 927 666 57 mes: auquel dune uieille creature est

98 972 660 63 faicte une nouuelle/ ⁊ les uaisseaux

97 1019 664 62 de ire sont transferez en uaisseaux de

95 1067 658 59 misericorde/ ⁊ la chair de peche est toͬ¬

96 1117 664 56 nee au corps de christ/ ⁊ des mauuais

100 1159 660 62 sont faictz iustes/ des prisõniers frãcz

100 1205 664 60 ⁊ des filz des hommes sont faictz en¬

105 1250 657 72 fantz de Dieu. Ce nest pas donc (com

518 1290 241 86 E 4 me

758 455 116 47 Act.8.c.

759 496 135 57 Matt.3.
