946 1439
202 35 669 61 me le simple peuple estime) par lope¬

199 85 676 55 ration/ administration/ parolles ou ce

199 129 676 58 remonies du ministre baptisant: mais

203 173 676 64 par la uertu de Dieu iuuisible ainsi

200 228 214 54 oeuurante.

307 274 511 62 ¶ De la table du Seigneur.

432 325 234 56 Chap̃. 12.

257 370 621 58 ¶ Ie confesse que la Cene de nostre

206 416 672 60 Seigneur est une saincte memoire et

203 463 671 59 action de graces de la mort ⁊ passion

204 510 674 59 de Iesus Christ: que nous faisons en¬

206 557 670 57 semble en foy ⁊ charite/ de laquelle on

204 602 670 58 doibt reiecter toꝰ indignes ⁊ infideles.

377 657 500 72 T cõme il souppoit Iesus

369 722 509 63 print du pain: ⁊ le beneit/ ⁊

368 781 510 58 le rompit/ ⁊ le donna a ses

203 836 672 67 disciples/ ⁊ dit: Prenez ⁊ mangez/

203 890 675 70 ce est mon corps. Et en prenãt le ca¬

204 948 675 68 lice rendit graces ⁊ leur donna/ di¬

201 1006 677 68 sant. Beuuez tous de ce/ car ce est

205 1066 673 66 mon sang du nouueau testament:

205 1120 673 71 lequel est espãdu pour plusieurs en

204 1179 674 66 la remission des pechez. Et ie uous

207 1239 671 70 dis/ ie ne beuuray doresnauant de

214 685 143 160 E

734 1303 141 61 ce ger¬

55 675 141 64 mat.26.c

58 1013 147 54 mar.14.c
