979 1448
107 45 660 66 ce germe de uigne: iusq̃s a iceluy

104 102 665 65 iour quand ie beuuray iceluy nou¬

104 162 664 64 ueau auec uoꝰ au royaume de mon

110 215 124 68 Pere.

149 267 612 75 Et il print le calice ⁊ rendit gra¬

102 329 668 68 ces/ ⁊ dit: Prenez ⁊ le distribuez en¬

103 389 663 60 tre uous: car ie uous dis que ie ne

103 443 665 67 beuuray de la generation de la ui¬

103 501 663 66 gne iusques ad ce que le Royaume

103 557 664 66 de Dieu uiengne. Et print le pain

107 614 660 66 ⁊ rendit graces/ ⁊ le rõpit/ ⁊ leur dõ¬

103 669 665 69 na/ disant: Ce est mõ corps/ lequel

102 730 666 64 est dõne pour uous: faictes/ ce en me

102 787 665 66 moire de moy. Semblablemẽt ⁊ le

102 843 663 66 calice/ apres qͥl eust souppe disant:

101 899 663 67 Ce calice est le nouueau testamẽt

102 958 652 71 en mon sang/ qui sera respandu poͬ

102 1018 131 61 uous.

148 1070 611 68 Car moy iay receu de nr̃e Sei¬

106 1130 658 62 gneur/ ce que ie uous ay baille: que

103 1188 662 65 nostre Seigneur Iesus en la nuyct

107 1244 657 72 en laquelle il fut liure/ prĩt le pain

504 1300 252 73 E 5 ⁊ en

766 265 141 76 Luc.22.b

771 1072 135 46 1.cor.11.◊.
