966 1443
223 44 669 68 ⁊ en rẽdant graces le rompit/ ⁊ dit:

224 103 667 66 Prenez ⁊ mangez: ce est mon corps

225 161 666 65 qui sera liure pour uoꝰ. Faictes ce

225 218 667 63 en memoire de moy. Sẽblablemẽt

224 273 666 66 aussi le calice apres qͥl eust souppe/

227 331 665 64 disant: Ce calice est le nouueau te¬

230 387 662 65 stament en mon sang. Faictes ce/

227 448 665 61 toutes les foys que le beuurez en

227 503 665 62 memoire de moy. Car toutes les

229 556 662 70 foys que uous mangerez ce pain ⁊

230 619 662 59 beuurez ce calice uous annoncerez

228 672 665 66 la mort de nostre Seigñr iusques

228 730 668 66 ad ce quil uienne. Parquoy quicõ¬

229 788 668 63 ques mangera le pain ⁊ beuura le

229 842 667 64 calice de nostre Seigneur indigne¬

228 900 667 64 mẽt: il sera coulpable du corps ⁊ du

231 955 666 71 sang de nostre Seigñr. Mais lhõ¬

231 1014 667 66 me se esprouue soymesme: ⁊ ainsi

231 1073 665 64 mange de ce pain ⁊ boiue de ce cali¬

232 1130 665 65 ce. Car qui mange ⁊ boit indigne¬

231 1188 667 62 ment: il mange ⁊ boit son iugemẽt:

234 1244 663 70 ne discernant point le corps de no¬

823 1302 75 66 stre
