971 1446
115 51 293 60 stre Seigneur.

149 93 603 74 Le calice de benediction q̃ nous

105 159 657 68 beneissons/ nest ce pas la cõmuni¬

105 216 658 70 cation du sang de Christ? ⁊ le pain

104 279 658 62 que nous rompons/ nest ce pas la

103 331 655 68 participation du corps du Seigñr?

102 388 660 68 Car entre nous qui sommes plu¬

105 449 658 69 sieurs nous sommes ung pain/ et

102 505 664 66 ung corps: assauoir nous tous qui

102 563 660 65 participons de ung pain/ ⁊ de ung

104 620 184 65 calice ⁊c.

153 667 606 86 Uous estes le corps de Christ: ⁊

106 739 426 60 membres de membre.

110 788 658 61 ¶ De ceste matiere S. Chryso. au pre

107 839 658 55 mier tome. sur le .8. chap̃. de S. Matt.

106 885 660 57 en la .16. home. parle disant. Pourtãt

107 932 658 55 aussi ces reuerẽdz ⁊ salutaires myste¬

106 978 660 55 res/ que nous celebrons en toute la cõ

108 1024 658 57 gregatiõ de leglise/ sont appellez Eu

108 1074 657 53 charistie: cest adire/ action de graces.

108 1117 660 56 Car ce sõt la memoire de plusieurs be

108 1164 661 54 nefices: ⁊ monstrent le mesme chef de

106 1211 663 55 la diuine charite enuers nous/ ⁊ nous

116 1254 651 65 font tousiours rẽdre les graces deues

622 1304 146 64 a Dieu

757 93 139 74 1.cor.10.d

761 667 137 69 1.cor.12.d

758 772 137 66 6 Chry.
