963 1440
219 31 663 72 a Dieu. Et S. August. cõtre Adamã

218 91 664 58 tium au .12. chap̃. en declairant troys

216 138 666 54 manieres de parler en Lescripture dit:

218 183 665 58 Ces troys choses: Le sang est ame:

220 228 662 59 Uoicy mon corps: Et la pierre estoit

219 272 665 65 Christ. Il enseigne ces choses estre dit

218 323 664 58 tes/ ainsi cõme il parle/ par figure/ en

224 368 660 60 signe/ ⁊ significatiuemẽt. Itẽ ce mes¬

220 413 667 61 me: Ie puis aussi interpreter ce cõmã

221 460 665 60 dement estre en signe: car le Seigneur

218 504 668 64 na point doubte de dire: Uoicy mon

219 550 668 76 corps/ quand il dõnoit le signe de son

222 608 124 52 corps.

267 626 620 78 S. Ambroi. sur la premiere Epistre

224 692 660 61 aux Corĩ. chap̃.11. Pourtant que noꝰ

225 738 662 61 sommes deliurez par la mort du Sei¬

222 784 667 60 gneur/ ayant recordation de ce en mã¬

224 832 666 59 geant ⁊ beuuant/ nous signifions la

226 877 660 66 chair ⁊ le sang/ lesquelz ont este offers

232 933 209 49 pour nous.

257 970 634 58 De ceste manducation charnelle du

227 1015 663 63 corps de Iesus Christ: i adis feut ⁊ est

227 1065 664 57 maintenant une moult grande dispu

228 1113 662 57 tation entre les sainctz docteurs a cau

238 1156 652 60 se des parolles de S. Aug. fort urgen

231 1204 659 56 tes ⁊ noꝰ pressantes au .30. traicte sur

236 1246 655 71 S. Iehã: Le corps de Christ (dit il) est

733 1296 158 64 resuscite

81 43 133 72 6.Augu.

82 651 149 77 9.Ambr.

96 1140 135 73 6.Augu.
