1002 1437
232 35 665 70 (entre plusieͬs belles uertus quil

229 89 668 72 auoit) est loue de la grande miseri¬

229 149 669 69 corde ⁊ clemence quil demonstroit

232 205 667 69 enuers ses ennemis. Que diray ie

231 261 670 68 de la profonde mer/ ⁊ inscrutable

232 320 670 67 abysme de la grãde clemẽce qui est

233 375 670 70 en nostre Dieu? Lequel (cõe ainsi

236 433 667 70 soit que lhõme fut son ennemy ca¬

237 492 667 68 pital) a dõne son Filz unique pour

238 550 664 64 le sauuer sans auoir esgard a noz

238 604 665 67 demerites. A ceste clemence Iesus

240 661 665 68 Christ nous admõneste en sainct

248 716 655 75 Matthieu/ disant: Aymez uoz en¬

243 778 659 66 nemys affin que soyez les enfantz

242 832 657 68 de uostre Pere celeste/ qui faict re¬

243 891 661 66 luyre son soleil sur les bons ⁊ mau¬

243 946 662 67 uais. En ceste noble uertu uostre

248 1003 653 68 sacree maieste oultrepasse Cesar/

245 1061 662 69 ⁊ est plus q̃ Dauitique/ par ce elle

245 1119 661 65 est bien loing de degenerer de son

245 1178 661 62 bon Pere celeste: car enuers toꝰ elle

246 1231 660 76 est doulce/ misericordieuse/ ⁊ clemẽ¬

756 1290 148 68 te ainsi

124 714 119 88 Mat.5.
