982 1447
108 57 658 58 resuscite des mortz/ ⁊ fault quil soit en

109 104 662 57 ung lieu. Et en ung aultre passage a

107 149 661 57 Adamãtium dit: qͥl fault que le corps

108 191 666 64 de Christ soit en certain lieu au ciel poͬ

106 239 662 60 la proportion du corps. Itẽ Fulgence

108 287 660 59 ad Thrasimũdum dit: que quãd Ie¬

110 336 659 59 sus Christ estoit en terre que son corps

106 377 662 63 nestoit point au ciel/ ⁊ apres qͥl est mõ

108 424 660 57 te au ciel en portãt son corps auec luy

108 470 659 64 quil nest plus en terre. Itẽ qͥ plus est/

109 516 658 62 aux Actes, 1.b. (⁊ est ung article de la

112 563 662 66 foy.) S. Luc dit: Que Iesꝰ est monte

109 613 659 56 au ciel/ ⁊ qͥl reuiẽdra cõme il est mõte.

117 660 661 53 Toutes ces choses nous delaissõs au

112 706 664 56 iugemẽt de Lescripture naysuemẽt/ ⁊

114 753 659 57 sans aucune glose humaine produicte

112 799 662 56 ⁊ alleguee a ce propos: a cause q̃ on ne

115 844 661 58 pourroit en si petit traicte cõprendre si

113 890 659 56 grãde matiere, Nous dõc delaissantz

112 936 662 58 ceste manducatiõ charnelle laq̃lle (cõe

112 980 658 58 dit S. Iehan) ne prouffite a riẽ: nous

115 1031 661 58 parlerõs de la mãducation spirituelle

115 1077 660 58 qui se faict par foy. Nostre Seigͬ dõc

115 1124 660 56 au .6. de S. Iehã parlant de ceste mã

116 1172 337 53 ducation: dit ainsi.

168 1215 605 60 En uerite/ en uerite/ ie uous dis qͥ

116 1262 536 73 croyt en moy/ il a uie eternelle.

697 1301 82 65 Se

778 235 124 66 Fulgẽce

778 466 112 65 Act.1.b.

780 979 122 74 Ioã.6.g

776 1207 117 85 Ibidẽ.e.
