948 1439
246 27 606 77 Se uous ne mãgez la chair du filz

201 91 653 61 de lhõme/ ⁊ se uoꝰ ne beuuez son sang

204 136 594 59 uous ne aurez point uie en uous.

247 179 613 63 Augustin au .3. liure de la doctrine

201 228 659 66 Chrestiẽne exposant ce dernier passa¬

202 275 661 67 ge dit: Il semble qͥl cõmande chose illi

203 323 658 63 cite ⁊ digne de reprehension. Cest donc

205 370 657 62 figure cõmandant quil fault cõmuni

204 414 659 68 quer a la passion du Seigñr/ ⁊ doulce

204 463 660 60 ment ⁊ utilement mettre en memoire

204 509 658 65 q̃ la chair diceluy a este blessee ⁊ cruci¬

212 564 274 57 fiee pour nous.

256 598 608 67 Itẽ S. Iehã en ce mesme sur la let

206 647 658 67 tre .g. Ie suis le pain de uie/ qui uiẽt a

204 697 660 63 moy il ne aura poĩt faim: ⁊ qͥ croyt en

205 741 657 60 moy il ne aura pas foif eternellemẽt.

246 786 616 64 Sur quoy. S. Aug. en .1. quĩquage¬

203 833 661 68 ne en la prefatiõ du .3. Psal. Pareille¬

205 877 659 66 ment dit Tertulian au .1.3. liure. cõtre

195 929 668 62 Marcion: ⁊ Gratiã au Decret. de pe¬

204 972 660 64 ni. dist.2. Donc qͥ ne uit eternellemẽt

203 1020 657 64 ne a point mange le pain uif eternel/

204 1068 662 61 mais celuy qui ne la point mange na

206 1113 658 62 point creu en luy: car cela est mange le

210 1160 450 61 pain uif/ croyre en Christ.

265 1203 595 64 Itẽ. S. Hierosme sur Lecclesiaste:

208 1250 656 73 La chair du Seigneur est uraye uiã¬

775 1295 87 64 de: ◊

64 47 146 65 Ioã.6.e.

64 188 129 104 August.

64 884 129 65 Tertu¬

68 942 100 51 lian.

77 1211 117 64 Hieros.
