969 1448
74 38 664 65 de: ⁊ son sang uray breuuage. En ce

72 91 666 57 mõde present nous ne auons q̃ ce seul

72 137 663 59 bien/ si nous mãgeons sa chair ⁊ beu¬

72 183 666 57 uons son sang: non pas seullemẽt au

71 228 665 60 mystere: mais aussi a la lecon des escri

72 276 663 60 ptures. Certes le uray mãger ⁊ boyre

70 320 663 66 est la science des escriptures qͥ se prent

74 366 438 60 de la parolle de Dieu ⁊c.

114 413 617 66 Semblables choses dit Orige. sur

66 460 450 57 le Leuitique en lhome.13.

111 507 617 60 Itẽ S. Augustin au Decret.1.qõ.1.

68 556 660 54 c. Interrogo. dit q̃ on ne doibt moins

67 599 661 59 de reuerẽce a la parolle de Christ/ que

65 648 663 59 au corps de Christ: car la parolle de

67 691 500 61 Christ: est le corps de Christ.

130 738 596 61 Itẽ il dit (en parlant de la mãdu¬

66 787 658 60 cation qͥ se faict par la foy) a quoy pre

68 836 654 56 pare tu ton uentre ou tes dentz? croys

68 881 278 51 ⁊ tu as mange.

120 925 603 58 Itẽ sur S. Iehan des parolles du

65 972 656 57 Seigͬ au sermõ .53. dit S. Augustin:

65 1017 658 61 Que toꝰ les croyãtz en la saĩcte Egli

67 1065 440 57 se sont le corps de Christ.

114 1112 607 59 Itẽ ledict au sermon des sacremẽtz

61 1157 660 60 des fideles en la .2. ferie de Pasques:

63 1204 660 59 Les fideles cõgnoissent biẽ le corps de

61 1251 658 85 Christ/ silz ne mettẽt pas en non cha¬

637 1299 80 56 loir
