957 1446
81 51 661 58 a ce que uoꝰ estes: ⁊ en respõdant uoꝰ

79 96 666 60 mettez uostre signe. Tu oys dõc dire

77 140 665 64 le corps de Christ: ⁊ respondz Amen.

81 187 659 64 Soys le mẽbre du corps de Christ/ af¬

78 230 504 66 fin q̃ ton Amẽ soit ueritable.

139 279 597 62 Itẽ S. Augustin au preallegue ser

73 327 665 56 mon des sacremẽtz dit: Ce dõc est mã¬

74 375 664 57 ger ceste uiãde ⁊ boire ce breuuage/ de

71 422 666 57 mourer en Christ/ ⁊ auoir cestuy de¬

71 467 669 58 mourãt en soy. Et par ainsi/ qͥ ne de¬

69 514 667 58 moure pas en Christ/ ⁊ auq̃l Christ ne

69 560 661 56 demoure pas/ sans doubte il ne man¬

72 605 660 58 ge pas la chair ⁊ ne boit pas le sang:

69 651 665 59 cõbien qͥl boyue ⁊ mãge le sacremẽt de

78 698 536 57 si grande chose/ a son iugemẽt.

115 741 615 56 Item au .21. liure de la cite de Dieu

68 789 661 59 chap̃.25. Noꝰ plusieurs (dit il) sõmes

66 838 663 56 ung pain ⁊ ung corps. Celuy dõc qui

66 885 659 58 est en lunite de son corps: cest adire/ en

65 931 665 56 la cõiunction des membres des Chre¬

69 976 661 57 stiens: duq̃l corps/ les fideles cõmuni

66 1022 663 57 cans ont acoustume de prẽdre le sacre

66 1066 661 58 mẽt de lautel: cestuy urayemẽt doibt

65 1114 661 61 estre dit mãge le corps de Christ/ ⁊ boy

66 1160 359 56 re le sang de Christ.

112 1207 611 58 Itẽ peu apres audict chap̃. il mon¬

71 1253 653 71 stre q̃ cest de mãger le corps de Christ/

579 1307 139 58 F non

737 290 112 82 6.Aug.

737 743 136 76 August.

736 1160 121 62 Ioã.6.f.
