951 1444
219 44 661 62 nõ seulemẽt par sacremẽt/ mais en ue

220 94 663 58 rite: ⁊ pareillemẽt de boire son sãg: car

221 137 657 64 ce est demourer en Christ/ affin aussi q̃

222 186 663 59 Christ demoure en luy. Car il a ainsi

223 230 664 62 dit: cõe sil disoit: Celuy qͥ ne demoure

229 278 655 60 pas en moy/ ⁊ auq̃l ie ne demoure pas

224 327 661 56 qͥl ne die/ ou qͥl ne estime pas manger

223 369 660 62 mon corps ne boire mon sang. Par¬

225 417 660 61 quoy ceulx ne demourẽt pas en Christ

224 464 520 59 qui ne sont pas ses membres.

279 507 608 62 Itẽ ce mesme en la .2. quinquagene

234 553 648 64 Psal.98. Quãd le Seigñr a cõman¬

228 600 660 63 de cecy: il auoit ꝑle de sa chair/ ⁊ auoit

226 648 663 61 dit: Celuy qͥ ne mãgera ma chair ne au

226 693 660 60 ra pas en soy uie eternelle/ ⁊ dit: Les

228 739 659 61 parolles lesq̃lles ie uoꝰ ay dittes sont

227 784 661 63 Esprit ⁊ uie. Entẽdez spirituellemẽt

227 833 659 61 ce q̃ ie uous ay dit. Uous ne mãgerez

228 878 662 63 point ce corps q̃ uous uoyez ⁊ ne beu¬

228 925 659 64 urez point le sang lequel sera respãdu

231 972 533 59 par iceulx qui me crucifieront.

279 1016 612 61 Tous ces passages/ tãt de la sain¬

230 1062 660 62 cte Escripture q̃ des sainctz docteurs

230 1109 663 63 ensemble cõferez/ ⁊ diligẽtemẽt cõside

231 1157 661 59 rez/ arrestons nous a la seule ⁊ uraye

231 1202 662 59 mãducation spirituelle qͥ est (cõme dit

241 1243 648 79 Iesꝰ Christ en S. Iehã) Esprit ⁊ uie:

722 1293 169 71 Laquelle

96 560 127 70 Ioã.6.e.

98 1245 130 71 Ioã.6.f.
