946 1439
231 55 655 68 Dieu iugera les fornicateurs ⁊ a¬

235 115 196 58 dulteres.

277 161 613 72 Pour euiter fornicatiõ/ ung cha¬

236 223 658 71 seun ayt sa femme/ ⁊ une chascune

233 285 663 65 aye son mary. Le mary rẽde ce qui

234 339 660 66 est deu a la femme: ⁊ aussi sembla¬

234 397 661 64 blemẽt la femme au mary. La fem

234 450 659 66 me na poĩt la puissãce de son corps/

235 509 663 66 mais le mary: ⁊ aussi semblablemẽt

237 569 657 68 le mary na point la puissãce de son

239 629 434 64 corps/ mais la femme.

279 681 617 65 Item/ se il ne garde continence/

242 737 652 66 quil se marie. Car il uault mieulx

248 793 412 67 se marier que brusler.

285 852 612 67 Se tu as prins femme tu ne pe¬

241 912 661 63 che point/ ⁊ si la uierge a prins ma

239 967 662 66 ry elle na point peche: toutesfoys

238 1025 664 67 telles gẽtz auront tribulation de la

240 1082 138 62 chair.

291 1134 606 73 Et se aucun cuyde estre a deshõ¬

245 1197 657 66 neur q̃ sa uierge ait passe le temps

244 1251 659 75 de marier/ ⁊ il faille que ainsi soit

782 1308 114 71 faict/

93 170 145 65 1.cor.7.a.

104 696 127 55 Ibidẽ.e.

108 858 132 66 Ibidẽ.e.

110 1144 144 62 Ibidẽ g.
