1018 1445
122 51 659 64 te ainsi que ont experimente plu¬

123 105 662 68 sieurs. Parquoy il plaira a icelle

116 163 667 65 uostre sacree maieste nauoir regard

116 223 666 61 ne memoire sur et des choses des¬

114 276 663 69 quelles iay este accuse. Car si iay

113 333 668 65 cõtredit a la parolle de Dieu ce na

115 391 665 68 poĩt este faict par malice: mais par

111 449 666 67 ignorãce ⁊ grãd zele q̃ iauoys aux

109 504 667 65 traditiõs de mes peres: comme S.

115 558 657 70 Paul persecutoit leglise de Dieu.

113 616 664 67 Partãt iespoire du Seigñr Dieu

109 674 667 67 misericorde/ cõe le S. Apostre/ non

109 734 665 65 pour mõ ignorãce mais poͬce q̃ ie

109 788 664 67 croy fermemẽt estre de ses esleuz/ et

107 845 666 66 attẽdz aussi de uostre sacree maieste

107 902 666 67 remission ⁊ recõciliatiõ. Laq̃lle cho

114 960 656 66 se se fera (cõme iespoire) quãd uoꝰ

108 1017 664 65 aurez cõgneu mõ esprit ma uolunte

114 1074 655 66 ⁊ prõptitude de obeyr. Car ie suis

114 1132 652 67 prest de faire ce qͥl sera possible poͬ

109 1190 661 64 le aduãcement ⁊ ꝓmotion de la pa

109 1245 659 75 rolle de Dieu: ⁊ aussi poͬ satisfaire

526 1304 234 74 A 3 en¬

779 547 123 86 Act.8.a.
