966 1445
76 41 659 59 ment/ soy liãt par quelcõques uoeutz

73 89 665 53 ou estimãt par ce meriter certaines au

74 134 663 57 reoles/ courõnes/ ⁊ degrez plus q̃ les

74 181 663 54 aultres: en quoy aucuns nõ entẽdãtz

73 226 663 56 leur uocatiõ iusques au iourdhuy ont

73 271 660 58 uillainemẽt erre. Desquelz plusieurs

76 323 655 52 pẽsantz euiter la charge ⁊ soĩg de ma¬

71 366 665 55 riage: sont tombez en si grandz ⁊ enor

71 411 664 57 mes pechez/ que ce seroit horreur a les

71 458 663 53 ouyr seulemẽt reciter. Ce q̃ deburoyent

69 502 664 57 bien cõsiderer ceulx qͥ par leurs loix ⁊

71 550 664 53 traditions/ ie ne dis pas humaines:

70 594 663 58 mais plus q̃ inhumaines/ cõtraignẽt

71 641 664 57 leurs subiectz a uiure en tel desordre

70 687 662 57 miserable ⁊ dãnable: leur dõnãt faul¬

73 734 661 54 semẽt a entendre ⁊ cõtre la parolle de

72 781 659 54 Dieu de ne se pouoir marier sans pe¬

71 824 662 62 che. Laq̃lle inuentiõ S. Paul appelle

74 874 658 57 hypocrisie ⁊ doctrine des dyables: pro

73 919 660 57 phetizant telles erreurs a aduenir par

68 963 663 61 la persuasiõ des faulx ꝓphetes: ainsi

69 1010 623 60 escripuant a son disciple Timothee.

110 1054 618 63 Certes Lesprit dit manifestemẽt q̃

67 1106 662 54 aux derniers tẽps: aucuns delaisserõt

68 1151 663 57 la foy p̃stãtz laureille aux esꝑitz der

69 1199 661 55 reur: ⁊ aux doctrines des diables/ par

69 1243 660 70 lhypocrisie de ceulx qui parlent men¬

433 1288 290 71 F 4 songes

727 1067 137 89 1.tim̃.4a
