954 1445
218 48 662 55 songes/ ⁊ ont leur consciẽce cauterisee:

216 93 667 56 defendãtz soy marier/ cõmandantz de

220 140 664 55 se abstenir des uiãdes/ lesq̃lles Dieu

222 183 657 60 a cree ⁊c. Et Origene sur S. Matth.

218 232 666 56 en la .25. homel. cõformemẽt dit: Il re

219 278 663 56 prent dõc telle maniere de p̃dicateurs:

217 324 665 57 lesq̃lz nõ seulemẽt ne font pas ce quilz

217 373 665 53 diẽt: mais aussi cruellemẽt ⁊ sans mi¬

217 419 663 55 sericorde/ ⁊ non pas selon lestimation

217 464 664 55 des forces dũg chascũ escoutãt: mais

219 511 664 54 plus qͥlz ne ont de puissances leur en¬

216 557 666 55 ioingnẽt: cõe ceulx qͥ defendẽt de ma¬

217 603 662 54 rier/ ⁊ cõtraignẽt les gẽs a une ordu¬

220 645 658 60 re immoderee/ par ce qͥlz defendẽt ce qͥ

217 694 663 58 est expediẽt. Ceulx aussi qui enseignẽt

217 740 664 57 de soy abstenir des uiandes ⁊ aultres

216 787 664 55 telles manieres de choses: ausquelles

216 832 660 59 choses ne doibuẽt nullement les fide¬

217 881 373 53 les estre contrainctz.

275 918 601 65 Itẽ S. Aug. parlant de telz faulx

221 974 659 54 prophetes au liure cõtre Adamãtium

221 1021 659 56 Manicheen au .14. chap̃. dit: Et les a

220 1066 657 57 signifie manifestement en q̃lque lieu/

221 1111 654 55 disant: Que es derniers iours uien¬

219 1159 661 55 droyent aucuns/ qui defendroyẽt ma¬

216 1204 664 61 rier/ ⁊ se abstiẽdroyent des uiãdes que

218 1252 248 61 Dieu a crees.

765 1294 104 71 Item

78 173 143 67 Origeñ.

73 641 137 65 ◊.tim̃.4a

77 925 135 56 6.Augu.

77 1104 133 60 ◊.tim̃.4a
