977 1447
161 32 602 81 Itẽ S. Hierosme. sur Malachie au

108 95 662 66 2. chap̃. Decliner a la dextre/ cest de

110 142 657 65 soy abstenir des uiãdes q̃ Dieu a cree

107 191 657 59 pour en user/ cõdemner les nopces/ ⁊

102 239 663 58 encourir ce qͥ est dit en ung aultre lieu:

101 283 663 63 Ne soys pas fort iuste. Soy destour¬

100 332 659 57 ner a la senestre/ cest: quãd aucũ se dõ¬

98 377 667 59 ne a luxure ⁊ paillardise ⁊ scandalise

103 423 662 58 plusieurs en la loy: auquel uauldroit

98 468 665 60 mieulx q̃ la moulle dung moulin fut

102 514 660 61 pendue a son col ⁊c. ¶ Au surplus

106 560 650 59 puis q̃ mariage est tant sainct/ digne/

102 607 655 61 ⁊ hõnorable/ que mesme Iesus Christ

98 654 659 59 la uoulu honnorer de sa personne en

98 700 662 62 assistant aux nopces: il fault bien que

98 750 659 55 les personnes qui le cõtractẽt ensem¬

97 791 662 63 ble soyent diligẽtz de ne laisser riẽ qui

101 839 655 58 soit necessaire a la perfectiõ diceluy/ ⁊

98 885 661 57 de soy dõner garde de ne le faire cõtre

98 930 661 62 les degretz ꝓhibez ⁊ defendus par la

95 973 658 66 loy de Dieu au Leuitiq̃.18. Ou il nest

104 1025 651 57 faict mẽtion de tẽps/ comperages/ ny

97 1070 658 61 ordre quelcõque dõt le mariage puisse

97 1118 658 56 estre empesche. Uouloir dõc par telles

96 1161 659 61 cõstitutions superstitieuses (cõme est

94 1209 661 60 note en la glos. du premier chap̃. de la

96 1258 657 61 cause .27.) empescher le sainct maria¬

489 1303 254 68 F 5 ge/ est

771 59 109 66 Hieros.

769 266 119 69 Eccle.e.

758 965 120 86 Leui.18.
