934 1445
189 38 659 63 ge/ est par trop grande presumption/

186 85 666 60 entreprenãt sur lauctorite ⁊ sapiẽce de

188 129 661 62 Dieu/ ce q̃ nont point faict les Iuri¬

194 177 658 62 stes cõsultes/ ia soit qͥlz fussẽt Payẽs.

193 223 663 60 De ce sainct estat nul ne se peult sepa

191 268 663 60 rer/ ne bailler libelle de refuz sinon (cõ

197 311 655 68 me dit Iesus Christ en S. Matthi.)

197 362 659 61 pour la cause de fornicatiõ: laq̃lle sepa

191 407 661 61 ratiõ se entend/ tant du lien marital qͥ

192 454 659 61 est la foy ꝓmise/ q̃ du lict ⁊ copulation

194 503 658 57 en reprenãt aultre ꝑtie se bon leur sem

194 549 658 55 ble/ aultremẽt ce ne seroit pas diuorce.

195 593 660 58 Mais deuant ce faire il appartiẽdroit

195 640 657 60 biẽ aux ministres de leglise admõne¬

199 687 656 57 ster les parties a recõciliatiõ/ leur pro

200 732 656 63 posant lexẽple de Iesus Christ nostre

198 781 659 59 espoux lequel par grande misericorde

198 829 661 54 nous recoit de iour en iour/ souillez ⁊

199 875 657 59 maculez par pechez. Touchãt du cas/

203 919 656 59 que met au iourdhuy en auãt le tresre

209 966 647 57 uerẽd Cardinal Thomas Caietanus

209 1006 645 66 en ses quodlibetz dernieremẽt impri¬

207 1059 652 56 mez a Paris: Cest assauoir q̃ si les par

203 1104 652 58 ties sont si difficilles/ quelles ne peu¬

202 1147 656 61 uẽt cohabiter ensemble sans grãd dã¬

204 1197 658 55 ger de leurs personnes: que icelles lici

205 1241 656 70 temẽt peuuẽt bailler le libelle de repu¬

740 1284 120 74 diatiõ

51 322 132 58 mat.5.e.

62 962 136 60 Caieta¬

62 1011 136 47 nꝰ Car¬

65 1052 129 55 dinalis.
