1001 1441
225 30 673 90 enuers ur̃e dignite royalle/ affin q̃

228 102 668 72 ie puisse retourner en la bõne grace

227 152 670 78 dicelle: ⁊ cõtenter plusieurs gens qͥ

230 212 671 73 me ont estime impugnateur de la

234 265 664 80 foy/ de Leuãgile ⁊ aduersaire de la

233 326 667 73 noble ⁊ illustre courõne de Frãce.

231 379 668 81 Or poͬ ⁊ affin q̃ chascun cõgnoisse

234 441 670 75 quelle est ma foy. Iay uoulu faire

233 497 670 74 ung petit extraict des principal¬

236 554 667 72 les sentẽces de lescripture saincte/

236 611 668 74 auq̃l ie cõfesse ⁊ recoy les ꝓpositiõs

236 670 667 72 (pource q̃lles sont chrestiẽnes) cõte¬

236 729 668 68 nues audict extraict: en admone¬

239 782 665 76 stãs toꝰ urays chrestiẽs de les croy

235 842 671 68 re/ nõ point a cause de moy/ ou pour

235 896 669 71 mõ autorite/ ains pource q̃lles sõt

236 954 668 71 de la seulle uraye parolle de Dieu.

239 1008 668 78 Pour lesq̃lles aussi deffẽdre/ souste¬

238 1074 670 60 nir/ ⁊ maintenir/ ie me offre enuers

241 1125 666 71 toꝰ ⁊ ꝯtre tous a disputatiõ publicq̃

244 1183 664 68 O a la mienne uolunte q̃ noꝰ eus¬

251 1237 657 82 siõs ung bon cõcil general par leq̃l

799 1302 109 65 toute
