902 1224
144 130 404 44 ¶ Tant sõt grãdes les louẽges ⁊ myste¬

142 161 408 40 res de la foy que saĩct Paul organe pre¬

140 188 410 40 cieux/ de dieu esleu/ dit aux Hebrieux .11.

140 216 411 43 que le tẽps ne luy suffiroit point a des¬

139 245 415 44 crire la foy des sainctz patriarches et

140 276 415 40 prophetes/ combien donc nous paoures

143 303 414 41 ydiotz sommes insuffisantz a traicter et

141 335 412 37 descrire dignemẽt ung tel don de dieu?

142 363 415 40 Et pour ce/ ie uous rẽuoye a lapostre/ et

142 395 416 39 a lescripture/ ⁊ aux haultz docteurs qui

140 420 417 41 en ont tresamplement parle. Sainct

142 451 414 39 August. des parolles de lapostre au .27.

142 479 414 41 sermon. Item au liure des .50. homelies

141 510 417 38 en la .27. homeł. Item au p̃mier liure de

144 539 412 40 ses Retractatiõs .23. chap̃. Itẽ sur sainct

144 567 410 40 Iehan au traicte .25. au .6. chap̃. Item ad

146 596 409 41 Sixtum en lepist.105.d. Et Cyrille sur

151 626 406 39 sainct Iehan au .2. liure .16. chap̃. Item

148 654 411 40 Origene en lepistre aux Romains au .3.

144 683 416 37 liure au .3. chap̃. Item sainct Ambroise

147 714 411 37 sur lepistre aux Romains.3. ⁊. 4. Item

146 741 412 40 S. Augu. de la lettre ⁊ de lesperit.12. ⁊. 13.

145 770 414 41 chap̃. Item S. Chrysost. en son oeuure

146 801 411 38 imparfaict sur S. Matthieu.7.c. Item

148 828 410 41 S. Hieros. au Dialogue cõtre les Pela

151 858 406 38 giens. Item ledict Hieros. cõtre les Pe¬

150 889 405 37 lagiens au p̃mier liure. Item S. Ber¬

149 918 404 46 nard au .5. sermõ de la Dedicace. Item
