902 1224
182 119 397 42 ung sabbath ⁊ repos ꝑpetuel q̃ auõs en

182 147 390 44 esperãce. Itẽ ce mesme cõtre .2. epistres

182 178 392 40 des Pelagiẽs a Boniface au .3. liure au

183 206 390 42 4. chap̃. dit: q̃ nous debuõs garder tous

180 235 395 41 les dix cõmãdemẽtz par oeuure excepte

182 263 394 41 la charnelle obseruatiõ du sabbath/ leq̃l

185 293 393 40 signifie la spirituelle sanctificatiõ ⁊ re¬

186 323 389 38 pos spirituel/ que nous debuõs auoir en

185 354 392 34 dieu. Et S. Ambroise a Irenee en lepi¬

187 382 391 40 stre .72. La synagogue garde le ioͬ/ mais

188 411 387 40 leglise garde limmortalite. Parquoy

187 442 390 34 dõc en la loy nest q̃ une portion: mais en

187 468 389 41 leuãgile y a ꝑfection/ ⁊c. Ces choses

189 499 389 37 susdictes bien entẽdues ⁊ digerees/ il ne

189 528 388 39 fault point grand esperit poͬ cõgnoistre

189 558 389 37 la grãde subiection en quoy on a mis le

191 585 389 39 pouure peuple chrestien par la multitu

191 615 391 36 de des festes/ lesq̃lles on a estroictemẽt ⁊

193 643 391 39 sur peine de peche mortel cõmãdees: cõe

192 673 392 38 il appert au .c. Oẽs dies dñicos: ⁊ au

191 703 394 38 chap̃. Conquestus. de feriis. ⁊ au. c. pro¬

192 731 390 38 nunciãdum. de consecra. dist.3. Lesq̃lles

193 761 393 36 cõstitutiõs cõtrouuees contre le cõmãde

194 793 387 36 mẽt de Dieu (qͥ ueult q̃ lhõme trauaille

196 822 385 35 six iours de la sepmaine) sont cause de

197 848 384 38 plusieurs maulx ⁊ pechez que on faict

198 877 384 38 plus ces iours la q̃ les aultres/ cõe sont

199 908 381 42 oysiuete/ idolatries/ blasphemes/ homi

436 946 67 41 I .ii.

580 338 81 62 s. Ambr.

588 783 85 46 exo.20.a

587 818 84 47 Deut.9
