900 1224
399 138 384 45 Par ces choses maintenant nous est

373 171 412 41 plus que notoire/ que penitẽce nest point

374 202 411 38 aller de lieu en aultre/ courir aux peleri¬

373 231 411 37 nages/ ẽtrer es cloistres/ muer dhabitz/

376 259 409 39 se retirer aux hermitages/ chãger de uiã

376 289 410 38 des/ affliger son corps par battures/ et

378 318 407 38 faire semblables ou telles choses sans

376 345 411 41 foy/ sans esperit ⁊ parolle de dieu/ Des¬

375 376 414 38 quelles il plaise a la bonte diuine de¬

374 405 413 40 liurer le monde/ luy donnant a entendre

375 433 316 44 quelle est la uraye repentance.

417 486 352 51 ¶ De cõfession. Chap̃.17.

400 552 386 37 ¶ Ie cõfesse: que la uraye/ principale/

378 582 408 38 ⁊ necessaire cõfessiõ est celle par laquelle

371 611 415 37 nous cõfessons nostre peche deuãt dieu/

374 639 357 40 en esperant de luy seul remission.

483 687 304 47 E tay donne a cõgnoistre

482 726 302 36 mon delict/ et nay point

486 757 295 36 muce mon iniustice. Iay

375 790 410 39 dit: Ie confesseray contre moy au

374 820 412 42 seigneur mõ iniustice: ⁊ tu as par¬

372 852 378 42 donne linfidelite de mon peche.

393 880 391 44 Certainemẽt ie cõgnois mõ ini¬

375 914 407 63 quite: ⁊ mon peche est tousiours cõ

278 686 98 51 Ps̈.31.a

272 889 92 51 Ps̈.50.a

387 693 99 114 I
