902 1224
160 157 402 44 chair ne sera iustifiee par les oeu¬

158 189 180 40 ures de la loy.

183 218 375 50 Pour leq̃l ay tout estime a detri

155 255 402 44 ment ⁊ lay repute cõme fiẽs: affin

156 287 407 46 que ie gaigne Christ/ ⁊ affin que ie

157 323 404 42 soye trouue en luy/ non ayant ma

152 353 411 44 iustice qui est de la loy: mais celle

155 384 406 47 qui est de la foy de Christ/ laq̃lle iu

151 418 409 45 stice est de dieu: affin que par foy ie

151 450 409 47 cõgnoisse iceluy/ ⁊ la puissance de

151 484 408 46 sa resurrection/ ⁊ lassociation de

151 517 159 39 ses passions.

180 546 372 55 Tout ce qui nest pas de foy/ est

151 579 78 41 peche.

186 609 366 50 Il est ĩpossible de plaire a dieu

148 642 404 49 sans foy: car il fault que celuy qui

147 678 406 46 se approche de dieu croye quil est/

149 711 404 47 ⁊ quil soit remunerateur a ceulx

146 741 190 43 qui le quierent.

170 771 379 51 Auquel aussi maintenãt uous

144 805 405 50 croyez sans le ueoir: ⁊ uous qui

144 841 408 47 croyez/ uous uous esiouyrez dune

145 874 402 49 ioye inenarrable ⁊ glorifiee/ en re¬

145 905 399 57 portant la fin de uostre foy/ le sa¬

144 937 200 53 lut de uoz ames.

374 973 73 50 D .iii.

567 215 82 55 Phił.3d

560 547 88 47 Ro.14.d

560 587 85 38 1.qõ.1.c.

561 619 88 34 Sanat̃.

560 645 87 44 Heb.11.b

555 777 87 73 1.Pe.1.b
