900 1224
395 119 394 43 Ie ueulx misericorde ⁊ non sacri¬

392 155 398 40 fice/ iamais uous ne eussiez cõdẽ¬

390 188 401 40 ne les ĩnocẽs. Car le filz de lhõe est

395 221 396 41 seigͬ: aussi du sabbat ⁊c. Il est dõc

391 255 385 39 licite de bien faire aux sabbathz.

419 285 371 42 Le sabbath est faict poͬ lhõme:

390 319 402 44 ⁊ non point lhõme poͬ le sabbath.

391 353 404 43 Et pour ce donc le filz de lhomme

391 386 351 40 est seigneur aussi du sabbath.

400 417 394 37 ¶ De ceste matiere S. Augu. en la .119.

389 444 406 40 epistre a Ianuaire escript: Entre toꝰ ces

388 473 409 41 dix cõmandemẽtz/ seulemẽt est cõmãde

387 503 409 39 de estre obserue ꝑ figure/ ce qͥ est mis du

388 531 409 43 sabbath: laq̃lle figure aussi lauõs receu

387 561 408 40 poͬ lentẽdre/ non pas poͬ le celebrer par

390 590 409 38 oysiuete. Itẽ ce mesme au liure de la le

390 618 407 39 tre ⁊ de lesperit au .14. cha. Certes qͥcon

391 648 407 38 ques garde ceste iournee du sabbath cõe

391 676 404 40 la lettre sõne/ iusq̃s a maĩtenãt: il entẽd

391 705 404 38 charnellemẽt. Itẽ ce mesme au liure cõ

391 733 403 42 tre les Iuifz/ qui gardoyẽt le sabbath en

392 764 404 39 oysiuete/ dit: Quãd nous trouuons re¬

391 790 404 46 pos en Christ/ adõc urayement sabbati¬

393 821 404 43 zons nous. Item ce mesme au liure de

393 852 402 38 la uraye innocẽce. Depuis (dist il) que

395 879 397 44 Iesus Christ est uenu/ le ioͬ du sabbath

395 908 398 57 (qui estoit en figure) est oste: ⁊ signifioit

295 279 83 38 mar.2.d

290 407 94 57 s. Augu.
