902 1224
129 157 408 39 cõtredit a la parolle de dieu ce na

127 189 410 42 point este faict par malice: mais

127 222 409 42 par ignorãce ⁊ grãd zele q̃ iauoys

126 256 413 38 aux traditiõs de mes peres: cõme

126 284 415 44 S. Paul ꝑsecutoit leglise de dieu.

127 321 409 40 Partant iespoire du seigneur dieu

126 352 409 41 misericorde/ cõme le saĩct apostre/

126 386 413 40 non pour mõ ignorãce mais pour

125 419 413 40 ce que ie croy fermemẽt estre de ses

127 452 410 40 esleuz/ ⁊ attendz aussi de uostre sa

125 484 413 40 cree maieste remission ⁊ recõcilia¬

127 516 410 41 tion. Laquelle chose se fera (cõme

126 549 411 41 iespoire) quand uoꝰ aurez cõgneu

127 582 411 39 mon esperit/ ma uolunte ⁊ prõpti

127 614 409 40 tude de obeyr. Car ie suis prest de

129 646 410 42 faire ce quil sera possible pour le

127 680 413 38 aduancement et promotion de la

127 710 413 40 parolle de Dieu: ⁊ aussi pour sa¬

128 744 413 41 tisfaire enuers uostre dignite roy¬

128 777 412 41 alle/ affin que ie puisse retourner

129 809 411 40 en la bõne grace dicelle: ⁊ cõtenter

129 843 409 38 plusieurs gens qui me ont estime

130 875 408 40 impugnateur de la foy/ de Leuã¬

133 909 405 36 gile ⁊ aduersaire de la noble et il¬

131 940 407 48 lustre courõne de Frãce. Or pour

377 974 67 44 A .iii.

531 284 83 43 Act.8.a
