902 1224
219 141 369 40 on na pas de coustume de excuser ce que

219 170 372 40 on a accoustume de plourer. Et ce qͥ ne

217 198 376 43 se peult defẽdre peult estre laue. Car les

215 228 378 41 larmes lauent le delict/ duq̃l on est hon

216 258 377 39 teux de le cõfesser de bouche. Item S.

218 286 377 45 Chrysosto. au .7. tome en la .9. homelie:

220 316 375 40 de penitẽce. Cest icy le lieu de medecine/

221 346 375 39 non pas de iugemẽt. Dis a dieu seul tõ

223 376 374 36 peche/ lequel ne baille point les pei¬

222 405 331 36 nes/ mais la remission des pechez.

246 433 347 38 Le mesme au .6. tome/ au dit sermon

219 462 377 36 de penitẽce. Il nest point maintenãt ne¬

218 495 376 36 cessaire de soy ꝯfesser p̃sens tesmoings/

218 522 375 37 que la discussion des pechez se face par

218 550 373 38 cogitation: ce iugemẽt soit faict sãs tes¬

219 582 373 36 moings/ que dieu seul te uoye cõfessãt:

221 609 372 35 ascauoir dieu qui ne exprobre ou redar¬

223 638 372 36 gue point tes pechez: mais pardõne les

221 665 375 39 pechez a cause de la cõfusiõ quon en a.

246 695 351 38 Considerãt ces textes de lescripture

219 726 377 34 ⁊ des sainctz docteurs cõformes a icelle/

216 753 379 37 ie ne peulx resouldre quil se faille a

216 783 379 38 aultre cõfesser pour auoir pardon ⁊ ab¬

219 812 375 37 solution de noz pechez/ que a ung seul

219 841 374 37 dieu/ auquel appartiẽt de les remettre

217 869 371 40 cõme il est dit en Esaie. A quoy Iesus

219 899 368 37 Christ aussi nous induyt en loraison.

220 927 364 49 Matthieu.6. par ces parolles: Et nous

441 960 92 49 G .iiii.

606 284 60 42 Chrys.

596 874 79 37 esai.43.d

592 936 79 41 mat.6.b
