900 1224
369 129 409 42 sera point ainsi entre uous: mais quicõ¬

364 159 416 42 ques de uous uouldra estre grand/ soit

363 190 417 41 uostre ministre. Parquoy appert que

364 219 416 39 lestat ecclesiastique na nulle puissance

365 248 414 36 sur le peuple: car il ne fut onc de Dieu

364 278 414 37 ordõne pour exercer telle puissance/ et ce

364 308 416 31 nest uenu que de tyrãnie/ incomparable

364 336 416 35 ambition/ ⁊ humaine faueur/ ainsi que

365 363 414 34 dit Laurẽs Ualle au liure de la donatiõ

364 393 417 34 de Constantin. Et sont autãt subiectz

364 423 419 38 au Roy que le residu du peuple/ ce qui

363 452 419 37 est biẽ mõstre en Iesus Christ ⁊ en sainct

363 481 419 38 Pierre qͥ ont paye le tribut. Matth.17.d.

363 511 417 37 ⁊. 26.e. Item fut dit a sainct Pierre quil

362 541 421 38 remist son glaiue en la gaine/ pourtant

363 569 413 39 quil ne debuoit usurper tel usaige/ puis

365 598 417 37 sance/ ⁊ iurisdiction/ qui seulement ap¬

365 626 413 37 partiẽt aux princes. A loccasiõ dequoy

369 654 413 38 saĩct Hierosme dit/ q̃ les armes ⁊ bastõs

365 684 415 38 des clercz sont pleurs ⁊ oraisõs. Ie mes¬

366 716 413 36 merueille cõment les princes ⁊ seigneurs

365 743 415 36 chrestiens ne ont aultre cueur de recou¬

367 770 412 41 urer leur iurisdictiõ/ ueu que elle leur est

367 800 377 45 donnee de Dieu/ ⁊ ostee par tyrãnie.

413 867 318 48 ¶ De la foy ⁊ des bonnes

434 909 276 57 oeuures. Chap̃.10.

269 127 88 85 Luc.22.c
