900 1224
393 152 407 37 descendu/ pource a il prins sa chair/ ⁊ est

395 182 402 36 faict hõme: affin aussi q̃ iaye la hardies

395 210 404 38 se de parler a luy. Itẽ. s. Hierosme sur

395 238 404 42 lepistre aux Ephesiẽs: Il fault chãter

395 271 406 34 a dieu de cueur ⁊ non pas de uoix: ⁊ ne

395 297 407 38 fault pas adoulcir la gorge/ ne oindre

394 328 408 33 les machoires de doulce oĩcture/ en ma

394 357 408 36 niere de ceulx qui iouẽt les tragedies:

395 384 408 39 affin q̃ en leglise soyẽt ouys les chantz

394 414 409 36 publicques ⁊ les chansons: mais les

395 442 409 38 fault chanter en crainte ⁊ en oeuure/ et

393 470 411 39 en la science des escriptures. Par les

393 500 410 38 dessusdictz textes de lescripture ⁊ anciẽs

391 529 412 38 docteurs/ il est assez manifeste q̃ priere

391 557 413 39 et oraison nest point barbotter/ multi¬

391 586 411 38 plier language/ eslire a ce heures/ tẽps/

395 616 405 34 ou lieux plus cõuenables que autres.

425 643 379 39 Dont facilemẽt on peult cõgnoistre

395 674 404 36 de quel esperit ont este esmeuz ceulx qͥ

397 705 407 35 ont faict les ordonnãces cõtenues. de ce

396 731 406 38 lebratione missarũ c. primo. ⁊ de ꝯsecra.

397 761 405 35 dist.1.c.1. ⁊. c. ecclesias. ⁊ plusieͬs aultres

398 790 397 40 sẽblables non fõdees aux escriptures.

415 843 377 49 ¶ Des uiandes. Chap̃.20.

400 898 404 41 ¶ Ie confesse que aux Iuifz estoient

399 930 403 49 iadis deffendues certaines uiãdes: mais

295 212 90 36 s. Hiero.

294 241 91 40 Ephe.5.

299 903 91 37 Leuit̃.11.

300 936 90 43 a.b.
