900 1224
268 215 83 48 mat.5.e

362 155 413 41 ce sainct estat nul ne se peult separer/ ne

363 186 411 37 bailler libelle de refuz sinon (comme dit

368 213 404 42 Iesus Christ en S. Matt.) pour la cau

365 246 406 37 se de fornication: laquelle separation se

363 274 408 38 entend/ tant du lien marital qui est la

365 303 403 39 foy promise/ que du lict ⁊ copulation en

363 332 408 38 reprenãt aultre partie se bon leur sẽble/

363 362 409 36 aultrement ce ne seroit pas diuorce.

363 390 410 37 Mais deuant ce faire il appartiendroit

362 419 410 38 biẽ aux ministres de leglise admõnester

361 449 409 36 les parties a recõciliation/ leur propo¬

361 477 405 39 sant lexẽple de Iesus Christ nr̃e espoux

359 507 409 37 lequel par grande misericorde nous re¬

358 537 409 32 coit de iour en iour souillez et maculez

359 567 410 34 par pechez. Touchant du cas/ que met

360 595 407 32 auiourdhuy en auant le tresreuerend

363 622 405 35 Cardinal Thomas Caietanus en ses

363 649 406 39 quodlibetz dernieremẽt imprimez a Pa¬

364 679 400 37 ris: Cestascauoir que si les parties sõt si

363 705 401 38 difficiles/ quelles ne peuuent cohabiter

363 739 400 35 ensemble sans grand danger de leurs

363 766 399 39 personnes: que icelles licitement peuuẽt

358 795 401 38 bailler le libelle de repudiation: ie men

356 824 405 39 deporte pour le present/ tout referant au

358 854 400 38 sainct iugement des plus exercitez aux

357 883 399 41 sainctes escriptures/ sans lesquelles on

355 913 232 42 ne doibt rien affermer.

265 608 88 38 Caieta¬

265 641 89 34 nus Car

265 666 91 48 dinalis
