900 1224
376 146 408 47 ce est mon corps. Et en prenant le

383 179 401 43 calice rẽdit graces ⁊ leur dõna/ di¬

385 214 414 43 sant. Beuuez tous de ce/ car ce est

380 246 403 41 mon sang du nouueau testament:

380 278 400 43 leq̃l est espandu pour plusieurs en

380 312 405 42 la remission des pechez. Et ie uoꝰ

378 344 410 41 dis/ ie ne beuueray doresnauãt ð ce

380 379 404 41 germe de uigne: iusq̃s a iceluy ioͬ

382 412 406 38 quãd ie beuueray iceluy nouueau

380 445 407 38 auec uoꝰ au royaume de mõ pere.

408 474 378 39 Et il print le calice ⁊ rẽdit gra¬

381 508 406 40 ces/ ⁊ dit: Prenez ⁊ le distribuez en

379 542 408 37 tre uous/ car ie uous dis que ie ne

378 574 411 39 beuueray de la generation de la ui

380 606 410 38 gne iusques ad ce q̃ le royaume de

382 637 407 40 Dieu uiẽgne. Et print le pain et

381 669 408 39 rendit graces/ ⁊ le rõpit/ ⁊ leur dõ

381 701 408 42 na/ disãt: Ce est mon corps/ leq̃l est

381 735 407 40 dõne pour uous: faictes ce/ en me¬

380 767 410 39 moire de moy. Sẽblablement ⁊ le

382 799 407 41 calice/ apres quil eust souppe di¬

382 830 406 45 sant: Ce calice est le nouueau testa

381 865 408 44 ment en mon sang/ qui sera respã¬

382 900 190 37 du pour uous.

412 926 374 62 Car moy iay receu de nostre sei¬

278 208 95 61 mar.14.c

289 483 85 52 Luc.22.b

282 933 98 44 1.cor.11.e
