902 1224
178 122 394 42 aux chrestiens elles sont demourees en

192 144 382 46 liberte par Iesus Christ nous deliurãt

193 177 378 44 de telle ceremonie ⁊ seruitude de la loy.

305 215 273 50 E qui entre en la bouche/

304 248 276 46 nest point ce qͥ souille lhõ

309 284 272 49 me: mais ce qui sort de la

199 318 375 47 bouche/ cest ce qui souille lhõme.

225 348 356 48 Et demourez en la maisõ mes¬

199 384 380 47 me: mangeans ⁊ beuuans ce quilz

202 418 223 45 uous presenteront.

220 445 359 47 Tout ce qui se uẽd a la bouche

198 482 382 46 rie/ mangez le: ⁊ ne interroguez riẽ

198 513 380 48 pour la cõsciẽce. La terre est au sei

199 546 379 46 gneur/ ⁊ tout ce qui est en icelle. Si

200 580 383 44 aucun des infideles uoꝰ inuite au

202 609 380 49 soupper ⁊ uoꝰ y uoulez aller: mã

203 646 380 43 gez de tout ce qui est mis deuant

204 679 379 43 uous/ ⁊ ne interroguez rien pour

202 715 195 37 la conscience/ ⁊c.

226 742 351 40 La uiande certes/ ne nous faict

201 775 385 43 point plus aggreables a dieu. Car

201 807 389 44 aussi si nous mãgeõs/ noꝰ ne abõ¬

204 842 377 42 derons point/ ⁊ si nous ne man¬

204 873 373 47 geons point/ nous ne defauldrõs

204 909 104 49 point ⁊c.

582 113 82 67 Gał.5.a

584 208 78 59 mat.15.b

589 339 79 54 Luc.10.b

588 452 78 39 1.cor.10.f

581 740 87 48 1.corĩ.8.c

191 210 101 127 C
