902 1224
162 133 376 40 pe/ quil ne soit pas tortu dont il en se¬

159 162 389 36 roit honteux. Quil soit beau/ quil soit

159 192 389 38 descouuert/ quil soit sainct/ quil soit cõ

157 221 393 38 ioinct au corps/ quil uiue a Dieu/ de

155 250 396 38 Dieu/ quil labeure maintenant en la

155 282 395 35 terre: affin que icy apres il uiue au ciel.

178 307 371 40 Item le uenerable Beda en sa recolle

153 339 396 37 ction apres. S. Augu. dit: Si tu ueulx

155 368 395 35 donc entendre le corps de Christ: escou¬

155 396 393 37 te lapostre disant aux fideles. Uoꝰ estes

154 425 397 38 le corps de Christ ⁊ les mẽbres. Si donc

153 454 400 37 uous estes le corps de Christ ⁊ les mem¬

153 484 398 37 bres/ uostre mystere est mis en la parolle

153 513 397 37 du seigñr/ uoꝰ receuez le mystere du sei¬

153 542 396 37 gneur. Uous respondez Amen/ a ce que

155 571 393 36 uous estes: ⁊ en respondant uous mettez

156 598 393 37 uostre signe. Tu oys donc dire le corps

155 626 398 39 de Christ: ⁊ respõdz Amen. Soys le mẽ¬

155 655 396 42 bre du corps de Christ/ affin q̃ ton Amen

157 684 151 37 soit ueritable.

176 712 370 42 Item S. Augustin au preallegue ser

153 743 400 39 mon des sacremẽtz dit: Ce dõc est man¬

155 772 395 39 ger ceste uiãde ⁊ boire ce breuuage/ de¬

155 800 395 39 mourer en Christ/ ⁊ auoir cestuy demou

156 829 394 38 rant en soy. Et par ainsi/ qui ne demou

158 858 390 40 re pas en Christ/ ⁊ auquel Christ ne de¬

159 888 385 41 moure pas/ sans doubte il ne mãge pas

160 916 383 53 la chair ⁊ ne boit pas le sang: cõbien qͥl

557 293 68 56 Beda.

557 382 83 45 1.cor.12.d

558 718 72 55 s. Aug.
