900 1224
386 150 424 43 tous les iours sa croix/ et quil me

387 184 121 40 ensuyue.

422 212 371 46 Ie uous dis que ainsi sera ioye

391 247 404 43 au ciel sur ung pecheur faisant pe

391 280 402 41 nitence/ plus q̃ sur quattre uingtz

393 312 404 45 ⁊ dixneuf iustes qui nõt que faire

393 347 164 41 de penitence.

416 374 377 46 La tristesse qui est selon Dieu/

393 410 406 43 cause ferme penitẽce a salut: mais

393 441 392 45 la tristesse de ce siecle/ cause mort.

402 472 394 46 Repentez uous dõc/ ⁊ uous cõ

393 506 404 49 uertissez: affin q̃ uoz pechez soyent

395 546 99 41 effacez.

412 568 383 51 Uous nauez point ainsi aprins

394 602 407 48 Christ: uoire si uous lauez enten¬

395 635 402 47 du/ ⁊ se auez este enseignez en luy/

395 667 407 48 ainsi q̃ uerite est en Iesus doster

395 702 403 46 le uieil hõme selon la cõuersation

398 732 398 47 precedente/ lequel se corrõpt selon

397 765 404 48 les desirs derreur: ⁊ estre renouuel

396 796 404 49 lez en lesperit de ur̃e entẽdemẽt/ ⁊

397 831 403 44 uestir le nouuel hõme/ leq̃l est cree

397 860 403 53 selõ dieu en iustice ⁊ saĩctete de ue

397 895 405 49 rite. Poͬ laq̃lle chose ostez mẽsõge

396 929 402 59 ⁊ ꝑlez uerite ⁊c. Uoyez tout le chap̃.

291 207 92 54 Luc.15.b

295 379 97 38 2.corĩ.7.c

298 479 73 37 Act̃.3.d

295 567 101 48 Eph.4.c
