902 1224
168 141 381 37 parolles lesquelles ie uous ay dittes sõt

168 170 383 38 esperit ⁊ uie. Entendez spirituellemẽt ce

165 200 385 38 que ie uous ay dit. Uous ne mangerez

164 231 389 34 point ce corps que uous uoyez ⁊ ne beu¬

163 257 391 37 urez point le sang lequel sera respandu

163 286 312 36 par iceulx qui me crucifieront.

191 313 366 37 Tous ces passages/ tant de la sain¬

161 343 396 34 cte escripture q̃ des sainctz docteurs en¬

164 374 393 35 semble cõferez/ ⁊ diligẽtemẽt cõsiderez/

162 401 397 36 arrestõs nous a la seule ⁊ uraye mãdu¬

161 431 396 37 cation spirituelle qui est (cõ me dit Iesus

159 457 397 37 Christ en S. Iehan) esperit ⁊ uie: Laq̃l¬

161 489 393 37 le se faict par foy en reduisant en me¬

161 518 394 36 moire la grãd grace ⁊ diuins benefices

161 545 394 39 de Dieu: ⁊ cõme dit S. Paul annõceãt

161 574 388 41 la mort de nostre seigneur Iesus Christ

163 604 266 37 iusques ad ce quil uienne.

165 657 389 49 ¶ De lestat de mariage. Cha.13.

190 708 368 40 ¶ Ie cõsesse que lestat de mariage est

161 738 394 39 bon/ hõnorable/ saĩct/ ⁊ de dieu institue:

163 766 392 40 duquel ne fault reiecter personne de q̃lq̃

162 795 395 42 condition que ce soit/ sil ny a empesche

164 824 295 40 ment par la parolle de Dieu.

259 853 289 50 T pourtant laissera lhõ¬

259 896 288 40 me son pere a sa mere/ et

257 926 290 51 adherera a sa femme: et

561 448 70 52 Ioã.6.f

556 576 85 49 1.cor.11.e

176 862 78 119 I

557 867 82 48 Geñ.2.d
