900 1224
401 144 379 43 Le calice de benediction q̃ nous

372 176 409 44 beneissons/ ne est ce pas la cõmuni

372 210 406 44 cation du sang de Christ? ⁊ le pain

373 244 406 40 que nous rõpons/ ne est ce pas la

375 277 403 39 participation du corps du seigñr?

374 309 407 39 Car entre nous qͥ sõmes plusieurs

374 342 405 39 nous sommes ung pain/ ⁊ ung

373 375 411 38 corps: ascauoir nous tous qui par

373 407 409 41 ticipons de ung pain/ et de ung

374 438 122 44 calice ⁊c.

410 470 381 44 Uous estes le corps de Christ: ⁊

371 505 267 36 membres de membre.

373 544 408 42 ¶ De ceste matiere S. Chryso. au p̃mier

368 580 414 36 tome sur le .8. chap̃. de S. Matthieu en

369 607 415 38 la.16. homeł. parle disãt/ Pourtãt aussi

370 635 417 38 ces reuerendz ⁊ salutaires mysteres/ que

370 665 416 37 nous celebrons en toute la cõgregation

372 694 414 39 de leglise/ sont appellez Eucharistie: cest

370 726 415 36 adire/ actiõ de graces. Car ce sont la me

370 753 415 39 moire de plusieurs benefices: ⁊ monstrẽt

371 782 413 39 le mesme chef de la diuine charite ẽuers

372 811 411 39 nous/ ⁊ nous font tousiours rendre les

374 838 408 41 graces deues a dieu. Et S. Augustin

368 869 417 36 cõtre Adamãtium au .12. chap̃ en declai¬

369 898 415 39 rãt troys manieres de parler en lescrip¬

368 926 414 46 ture dit: Ces troys choses/ Le sang est

271 131 96 58 1.cor.10.d

272 465 98 53 1.cor.12.d

276 559 80 46 s. Chry.

274 854 80 47 s. Aug.
