900 1224
382 127 403 48 mon pere qui ma enuoye/ ne le tire.

401 161 384 48 Abraham creut a Dieu ⁊ il luy

383 195 234 41 fut repute a iustice.

391 225 395 48 Aussi le loyer nest pas impute

390 259 394 46 selon la grace a celuy qui oeuure/

388 293 388 44 mais selon la debte. Mais celuy qͥ

382 331 401 38 ne oeuure pas/ ⁊ qui croit en celuy

382 361 405 43 qui iustifie linfidele la foy est re¬

383 395 406 42 putee a iustice/ selon le propos de

380 428 204 39 la grace de dieu.

410 458 375 45 Car si ceulx qui sont de la loy/

380 493 409 42 sont heritiers: la foy est aneãtie/ la

378 525 410 44 promesse est abolie. Pourtãt est ce

378 559 411 43 par la foy/ affin que par grace la

378 592 410 43 promesse soit ferme a toute semen

380 625 407 40 ce: non pas seullement a celuy qui

382 657 397 40 est de la loy/ mais aussi a celuy qͥ

382 688 313 43 est de la foy de Abraham.

405 719 382 43 Et nous sachãt que lhõme nest

380 752 406 44 pas iustifie par les oeuures de la

378 785 406 45 loy/ sinõ par la foy de Iesꝰ christ/

376 818 408 45 nous aussi croyons en Iesꝰ christ/

377 852 408 42 affin que nous soyõs iustifiez par

375 884 409 43 la foy de Christ/ ⁊ non poĩt par les

375 918 410 51 oeuures de la loy. Pource nulle

282 160 96 41 Ro.4.a

288 221 91 40 Geñ.5.b

300 258 80 35 Gał.3.a

289 283 94 44 Iaco.2.d

287 461 78 42 Ro.4.c

285 718 92 42 Gał.2.d
