902 1224
108 136 402 47 Toute escripture diuinemẽt inspi

106 170 408 44 ree est utile a endoctriner/ et a re¬

108 201 402 47 prẽdre/ a corriger ⁊ a enseigner en

105 234 407 46 iustice/ affin que lhomme de Dieu

106 267 409 46 soit entier instruict a toute bonne

106 308 103 36 oeuure.

136 329 375 49 Et nous auons la parolle des

109 364 409 46 prophetes ferme/ a laquelle uous

108 396 410 45 faictes bien de regarder cõme a la

108 429 408 44 chandelle luysante en lieu obscur/

108 463 412 42 iusques a ce que le iour cõmence a

108 494 411 44 luyre/ et q̃ lestoille du iour se lieue

110 528 406 43 en uoz cueurs/ ⁊ entendez ce p̃mie

110 559 404 44 remẽt que nulle ꝓphetie de lescri¬

113 591 403 46 pture nest poĩt cõgneue par nostre

114 625 406 44 propre exposition: car ꝓphetie na

117 657 402 43 point este baillee en aucun temps

117 688 409 43 par la uolunte humaine: mais les

118 722 405 44 sainctz hommes de Dieu inspirez

119 755 320 41 du sainct esperit lont ditte.

149 784 373 43 Toute parolle de Dieu est cõ¬

123 819 400 43 me ung bouclier ardãt a toꝰ ceulx

125 854 309 41 qui ont esperance en icelle.

156 884 366 45 Lhõme enseigne par la parolle

127 918 392 46 trouuera les biẽs/ ⁊ celuy qͥ a espe¬

518 329 88 38 2.pet.1.d

531 783 83 41 ꝓue.30.a

527 884 87 38 ꝓuer.16c
