900 1224
369 146 402 43 ¶ Pour ceste matiere uoyez S. Chryso.

371 179 412 40 sur lepistre aux Hebrieux en la .31. home

369 209 404 34 lie/ au .12. chap̃. Ie ne te dis point que tu

370 237 405 37 te declaire publicquement/ ne que tu te

370 265 401 36 accuse enuers les aultres: mais ie ueulx

370 295 404 48 q̃ tu obeisse au prophete qui dit. Reuele

372 323 401 37 au seigñr ta uoye. Cõfesse donc tes pe¬

371 352 406 35 chez deuãt dieu/ pronõce tes delictz auec

372 383 404 37 oraison enuers le uray iuge: non point

370 412 406 38 par la langue/ mais par la memoire de

369 440 405 40 cõscience: ⁊ adonc finalemẽt aye esperã

370 470 404 36 ce de pouoir obtenir misericorde. Si tu

370 498 400 39 as en ta pẽsee cõtinuellemẽt tes pechez/

369 527 403 39 iamais ne retiẽdras le mal en tõ cueur/

370 555 403 41 cõtre ton prochain ⁊c. Item ce mesme

370 583 407 42 sur le .50. psal.a. Si tu es confus de dire

370 614 406 35 a aucun q̃ tu as peche: dis les tous les

371 646 407 33 iours en ton ame. Ie ne dis point q̃ tu te

372 673 405 39 confesse au seruiteur pareil a toy/ pour

373 701 401 42 les reprocher: dis les a Dieu qͥ les gua¬

374 729 401 41 rit ⁊c. Item S. Ambroise de la penitẽ

372 758 402 41 ce de. S. Pierre lapostre au .46. sermon.

373 787 399 41 Pierre iecta des larmes/ sans rien prier

372 818 404 36 de uoix. Ie trouue bien quil a ploure:

371 845 404 41 mais ie ne trouue pas q̃lle chose il a dit.

371 874 405 43 Ie lis bien de ses larmes: mais ie ne lis

370 904 406 43 point de sa satisfaction. Ueritablemẽt

369 933 404 51 Pierre a bien ploure ⁊ se teust: pource q̃

268 146 101 43 Chryso.

276 299 92 46 Ps̈.36.a

274 563 104 48 Chryso.

276 741 93 47 s. Ambr.
