902 1224
250 152 379 46 ferez point cõme les hypocrites/ qͥ

246 187 375 43 aymẽt faire de bout leurs oraisõs

244 221 376 41 es synagogues/ ⁊ es coingz des

242 252 378 43 rues: affin quilz soyẽt ueuz des hõ

244 286 378 41 mes. En uerite ie uous dis quilz

244 319 375 40 ont receu leur salaire. Mais toy

246 352 377 39 quand tu prieras entre en ta chrã¬

246 384 373 41 bre/ ⁊ lhuys ferme prie ton pere en

246 416 374 40 secret: ⁊ ton pere qui uoit en secret/

244 449 375 41 le te rendra. Aussi quand uoꝰ prie¬

242 482 377 40 rez ne parlez pas beaucoup/ cõme

242 514 375 42 font les infideles: car ilz cuydent

242 547 372 41 estre exaulcez par beaucoup de pa

242 578 374 42 rolles. Ne soyez dõc semblables a

243 611 369 41 eulx: car uostre pere cõgnoist ce qͥ

246 643 370 40 uous est besoing/ deuant que uoꝰ

243 674 378 43 le requerez: Uous le prierez donc

240 707 379 44 ainsi: Nostre pere qͥ es es cieulx ⁊c.

266 743 352 40 Ie prieray desperit/ et prieray

240 771 376 45 dentendement/ ie chãteray despe¬

240 805 374 43 rit/ ⁊ chãteray dentendement. En

240 837 372 45 oultre si tu beneis de lesperit: celuy

242 870 370 45 qui tiendra le lieu du simple peu¬

242 903 368 42 ple/ cõment dira il Amen sur ta be

242 934 356 52 nedictiõ? car il ne scait que tu dis.

461 971 61 50 H .iii.

619 753 81 44 1.cor.14c
