902 1224
147 120 382 47 uous ne uous ferez poĩt idoles ne

144 151 387 46 images taillees/ ne esleuerez nulz

144 183 387 48 ueaulx: ⁊ ne colloq̃rez nulle pierre

140 218 391 45 notable en uostre terre pour lado

142 249 378 43 rer. Car ie suis le seigñr ur̃e dieu.

168 282 360 47 Dõnez uous garde que uostre

142 316 392 45 cueur ne soit seduyt/ ⁊ que uous ne

148 349 387 42 uous retirez du seigneur Dieu/ et

144 380 389 48 seruiez aux dieux estranges ⁊ les

146 417 113 40 adoriez.

174 441 360 47 Abattez leurs autelz/ ⁊ brisez

141 481 392 43 leurs statues ⁊ couppez les boys ⁊

142 514 389 43 bruslez les images: car tu es ung

144 546 384 43 peuple sainct au seigñr ton Dieu.

173 573 356 51 Mauldict soit lhõme qui faict

147 612 383 41 image de taille ⁊ de fõte qui est en

146 640 385 43 abominatiõ du seigͬ/ loeuure des

144 674 400 40 mains des oeuuriers ⁊ qui la met

144 707 397 41 tra en lieu secret. Et tout le peuple

146 741 357 43 respondra ⁊ dira. Ainsi soit il.

174 773 360 39 Et si au milieu de toy se lieue

148 805 386 40 ung ꝓphete ou aucun qui dise qͥl

150 840 385 42 a ueu ung songe lequel predise si¬

152 877 379 38 gne ⁊ chose merueilleuse/ ⁊ que ce

153 905 377 48 quil a dit soit aduenu: ⁊ qͥl te dise:

369 938 74 44 B .iiii.

532 266 100 55 deut̃.11.b

536 441 84 51 deut̃.7.a

533 571 86 48 deu.27.c

539 760 82 72 deut̃.13.a
