902 1224
176 155 403 38 ptise/ purgeant/ nettoyant/ ⁊ sanctifiãt

174 186 404 32 les ames: auquel dune uieille creature

173 214 403 38 est faicte une nouuelle/ ⁊ les uaisseaux

171 243 408 38 de ire sont transferez en uaisseaux de mi

171 273 408 35 sericorde/ ⁊ la chair de peche est tournee

170 301 410 36 au corps de Christ/ ⁊ des mauuais sont

172 331 406 36 faictz iustes/ des prisonniers frãcz/ ⁊ des

174 359 404 36 filz des hommes sont faictz enfantz de

172 386 408 36 Dieu. Ce nest pas donc (cõme le simple

170 416 408 36 peuple estime) par loperation/ admini¬

170 446 408 33 stration/ parolles ou ceremonies du mi¬

170 473 408 42 nistre baptisant: mais par la uertu de

170 502 335 44 Dieu inuisible ainsi oeuurante.

202 556 342 52 ¶ De la table du seigneur.

293 594 144 48 Chap̃.12.

200 648 375 44 ¶ Ie confesse que la Cene de nr̃e sei¬

170 683 403 33 gneur est une saincte memoire ⁊ action

170 709 403 40 de graces de la mort ⁊ passion de Iesus

168 738 400 41 Christ: q̃ nous faisons ensemble en foy

167 766 403 41 ⁊ charite/ de laquelle on doibt reiecter

168 796 267 39 tous indignes ⁊ infideles.

269 829 296 51 T cõme il souppoit Iesꝰ

276 870 291 37 print du pain: ⁊ le beneit/

275 901 288 39 ⁊ le rõpit/ ⁊ le dõna a ses

171 933 396 50 disciples/ ⁊ dit: Prenez ⁊ mangez/

407 969 66 42 E .iii.

573 834 90 45 mat.26.c

176 835 83 107 E
