900 1224
383 130 412 41 ticques .67. sermon/ dit: Elle ne regarde

383 163 404 37 point par quel ordre/ ne par quelle loy/

382 191 407 38 ne par quelle maniere/ ne par quel petit

382 219 403 38 nõbre de parolles elle se boutte dehors:

382 248 405 38 moyẽnãt/ que de ce elle ne sente nul de¬

381 278 404 38 trimẽt de soymesme. Aucunesfoys aussi

380 308 407 37 ne requiert point les parolles ne q̃lque

380 335 409 38 uoix aussi/ mais est cõtente seullement

380 367 406 36 des souspirs/ ⁊c. Item S. Chrysosto¬

379 395 408 36 me en la .32. Homelie de la croix ⁊ du lar

378 423 409 37 ron: A noꝰ/ de ce que la uenue de Christ

377 452 408 32 a nettoye toute la terre/ tout lieu est con

376 481 409 35 uenable pour oraison. Pourtant Paul

374 511 410 35 en toute confidence exhorte/ disant: Ie

376 539 408 35 ueulx donc q̃ les hõmes prient en tout

375 569 409 36 lieu. Uoyci tout le mõde est nettoye/ les

375 598 407 35 elementz sont purgez/ tellemẽt quil noꝰ

375 626 410 35 est licite de annõcer dieu par tout: ⁊ tou

375 653 410 37 te la terre est plus saincte que nestoit le

376 684 406 35 lieu qui en ce tẽps la estoit appelle ⁊ pu¬

378 712 404 33 blie le Sãcta sanctorũ. Car illec estoit

378 741 402 36 offerte la beste irraisõnable/ ⁊ icy est of¬

377 769 404 38 ferte la chose spirituelle Itẽ ce mesme

372 802 406 35 au liure de diuerses home. en la .12. de la

375 828 405 39 Chananee: Aucuns entrans en leglise

374 858 406 36 estendent leur oraison en mille uers: cõ¬

373 888 405 35 me sil estoit necessaire enuers le seigñr

373 918 421 42 de multiplication de parolles/ comme a

282 364 99 42 Chryso.

285 785 85 52 Chryso.
