900 1224
361 133 411 47 ce quil a dit est uray: ce que les diables

363 161 409 49 aussi cõfessent: ains de une uraye/ uiue/

367 190 404 50 parfaicte/ ⁊ cõme dit S. Paul oeuurãt

362 221 409 48 par charite. Car aultremẽt elle ne seroit

363 249 407 48 point foy: a cause que le bon arbre pro¬

363 278 403 48 duict bon fruict. Or ia soit que la loy

361 309 409 43 ne iustifie point lhõme/ toutesfois si la

362 336 408 47 doibt il garder: pourtant que dieu le cõ¬

361 365 409 48 mãde/ duquel le cõmandemẽt est sainct

361 395 407 47 ⁊ iuste. Et aussi pour soy manifester en¬

363 425 404 44 fant de Dieu. Dont sainct Pierre dit/

362 454 403 46 Pour laquelle cause mes freres prenez

357 486 408 41 peine que par bonnes oeuures uous fai¬

355 513 409 44 ciez certaine uostre uocation ⁊ election:

360 544 404 42 car en ce faisant uoꝰ ne pecherez iamais.

357 571 409 39 Item sainct Pierre dit. Ayãtz uostre cõ¬

356 602 408 42 uersation bonne entre les gentilz: affin

358 631 408 40 que en lieu de ce qͥlz detraictent de uous/

356 658 408 44 cõme de malfaicteurs/ ilz glorifiẽt dieu

357 688 406 43 au iour de la uisitation en uous consy¬

357 717 404 42 derant par bõnes oeuures. Item sainct

361 748 400 40 Matth. Ainsi luyse uostre lumiere de¬

355 777 404 39 uant les hõmes/ affin quilz uoyent uoz

353 807 408 40 bonnes oeuures/ ⁊ quilz glorifiẽt uostre

351 837 410 40 pere qui est es cieulx. Et pour autãt que

351 866 409 40 aucuns remis/ froidz/ ⁊ negligẽtz a tou¬

349 896 410 40 tes bõnes oeuures se excusent sur ce que

348 924 418 50 la loy est impossible a la chair (toutes¬

267 171 85 65 Gal.5.

260 429 98 51 2.Pe.1.b

258 572 94 48 1.Pe.2.c

257 753 91 47 matt.5.b
