902 1224
172 144 396 43 mort? Car nous sõmes ensepuelis

172 180 396 38 auec luy en mort par le baptesme/

171 210 398 44 affin q̃ cõme Iesus Christ est resu

169 246 401 38 scite des mortz/ par la gloire du pe

168 276 402 41 re/ aussi nous semblablemẽt chemi

168 309 402 37 nons en nouuellete de uie: car si

168 341 400 41 nous sõmes plantez auec luy en la

169 372 401 42 similitude de sa mort/ noꝰ le serõs

168 403 283 43 aussi de sa resurrection.

197 435 375 45 Quicõques certes estes baptisez

166 469 397 47 en Christ uous auez uestu Christ.

195 503 367 45 Auquel aussi estes circoncis de

165 536 400 44 circõcision/ non point faicte de la

166 569 397 41 main par despouillemẽt du corps

168 600 397 42 de la chair: mais en circoncision de

165 630 400 43 Christ/ ensepuelis auec luy au ba¬

165 662 402 45 ptesme/ auquel aussi estes resusci¬

164 694 402 47 tez par foy de loperation de Dieu

163 726 307 49 qui la resuscite des mortz.

164 773 400 40 ¶ De ces deux manieres de baptesme:

163 805 399 40 regardez. S. Hiero. en lexpositiõ de Esa.

167 833 392 44 4.a. Item aux Gala. Et. S. Ambro. sur

165 863 395 41 S. Luc. au .3. chap̃. Item ad Demetria¬

167 892 391 44 dem en la derniere epistre. Et S. Hilaire

165 921 208 43 sur le .118. Pseaulme.

421 952 57 46 E .ii.

570 437 87 41 Gal.3.d

570 505 86 41 colos.2b
