<?xml version="1.0" encoding="UTF-8"?>
<alto xmlns:xsi="http://www.w3.org/2001/XMLSchema-instance"
      xmlns="http://www.loc.gov/standards/alto/ns-v4#"
      xsi:schemaLocation="http://www.loc.gov/standards/alto/ns-v4# http://www.loc.gov/standards/alto/v4/alto-4-2.xsd">
  <Description>
    <MeasurementUnit>pixel</MeasurementUnit>
    <sourceImageInformation>
      <fileName>S.45.4.pdf_page_129.png</fileName>
      <fileIdentifier>pdf//S.45.4.pdf</fileIdentifier>
    </sourceImageInformation>
  </Description>
  <Tags>
    <OtherTag ID="BT7" LABEL="CustomZone" DESCRIPTION="block type CustomZone"/><OtherTag ID="BT8" LABEL="DamageZone" DESCRIPTION="block type DamageZone"/><OtherTag ID="BT9" LABEL="DigitizationArtefactZone" DESCRIPTION="block type DigitizationArtefactZone"/><OtherTag ID="BT10" LABEL="DropCapitalZone" DESCRIPTION="block type DropCapitalZone"/><OtherTag ID="BT11" LABEL="GraphicZone" DESCRIPTION="block type GraphicZone"/><OtherTag ID="BT12" LABEL="MainZone" DESCRIPTION="block type MainZone"/><OtherTag ID="BT13" LABEL="MarginTextZone" DESCRIPTION="block type MarginTextZone"/><OtherTag ID="BT14" LABEL="MusicZone" DESCRIPTION="block type MusicZone"/><OtherTag ID="BT15" LABEL="NumberingZone" DESCRIPTION="block type NumberingZone"/><OtherTag ID="BT17" LABEL="QuireMarksZone" DESCRIPTION="block type QuireMarksZone"/><OtherTag ID="BT18" LABEL="RunningTitleZone" DESCRIPTION="block type RunningTitleZone"/><OtherTag ID="BT19" LABEL="SealZone" DESCRIPTION="block type SealZone"/><OtherTag ID="BT20" LABEL="StampZone" DESCRIPTION="block type StampZone"/><OtherTag ID="BT21" LABEL="TableZone" DESCRIPTION="block type TableZone"/><OtherTag ID="BT22" LABEL="TitlePageZone" DESCRIPTION="block type TitlePageZone"/>
    <OtherTag ID="LT7" LABEL="CustomLine" DESCRIPTION="line type CustomLine"/><OtherTag ID="LT8" LABEL="DefaultLine" DESCRIPTION="line type DefaultLine"/><OtherTag ID="LT9" LABEL="DropCapitalLine" DESCRIPTION="line type DropCapitalLine"/><OtherTag ID="LT10" LABEL="HeadingLine" DESCRIPTION="line type HeadingLine"/><OtherTag ID="LT11" LABEL="InterlinearLine" DESCRIPTION="line type InterlinearLine"/><OtherTag ID="LT12" LABEL="MusicLine" DESCRIPTION="line type MusicLine"/><OtherTag ID="LT1262" LABEL="default" DESCRIPTION="line type default"/>
  </Tags>
  <Layout>
    <Page WIDTH="900"
          HEIGHT="1224"
          PHYSICAL_IMG_NR="128"
          ID="eSc_dummypage_">
      <PrintSpace HPOS="0"
                  VPOS="0"
                  WIDTH="900"
                  HEIGHT="1224">
        <TextBlock HPOS="374"
                   VPOS="122"
                   WIDTH="422"
                   HEIGHT="822"
                   ID="eSc_textblock_8a42bcc3"
                   TAGREFS="BT12">
          <Shape><Polygon POINTS="374 122 374 944 796 944 796 122"/></Shape>
          <TextLine ID="eSc_line_0ea79127"
                    TAGREFS="LT8"
                    BASELINE="384 146 777 148" 
                    HPOS="383"
                    VPOS="119"
                    WIDTH="394"
                    HEIGHT="40">
            <Shape><Polygon POINTS="765 129 772 123 751 129 744 129 738 129 731 128 724 128 717 128 710 128 704 127 697 127 690 127 683 127 676 127 670 127 663 127 656 126 649 126 642 126 636 126 629 125 622 125 615 125 608 125 602 125 595 125 592 125 591 125 589 125 588 125 581 124 574 124 568 124 565 124 561 124 554 123 547 123 540 123 534 123 532 125 490 125 486 122 479 121 472 121 465 121 459 121 452 121 445 121 438 121 431 120 419 124 414 120 411 120 404 119 397 119 396 119 384 123 384 146 383 155 776 159 777 148 776 129 772 129"/></Shape>
            <String CONTENT="Quãd urayemẽt estoiẽt si pleins de ma"
                    HPOS="383"
                    VPOS="119"
                    WIDTH="394"
                    HEIGHT="40"
                    WC="0.9960884109139443"></String>
          </TextLine>
          <TextLine ID="eSc_line_449fd378"
                    TAGREFS="LT8"
                    BASELINE="383 175 778 176" 
                    HPOS="382"
                    VPOS="150"
                    WIDTH="396"
                    HEIGHT="39">
            <Shape><Polygon POINTS="383 175 382 182 415 182 427 188 428 188 429 189 440 189 440 188 440 188 441 188 441 187 446 183 476 188 476 189 518 189 518 188 519 188 519 188 519 187 524 183 543 183 548 187 548 188 549 188 550 188 551 188 622 184 627 188 627 189 628 189 629 189 629 189 682 189 682 189 683 189 691 185 695 189 696 189 697 189 697 189 731 189 731 189 731 189 732 189 738 184 749 187 750 187 751 187 777 183 778 176 777 156 683 156 676 152 675 152 674 152 674 152 673 152 669 156 623 156 619 152 618 152 617 152 617 152 594 155 570 151 569 151 478 155 456 151 455 151 436 155 431 151 431 151 430 151 429 151 429 151 417 154 383 150 383 175"/></Shape>
            <String CONTENT="lice quilz ne pouoiẽt estre participãs des"
                    HPOS="382"
                    VPOS="150"
                    WIDTH="396"
                    HEIGHT="39"
                    WC="0.9893955940550024"></String>
          </TextLine>
          <TextLine ID="eSc_line_8b28da47"
                    TAGREFS="LT8"
                    BASELINE="384 206 778 206" 
                    HPOS="384"
                    VPOS="181"
                    WIDTH="394"
                    HEIGHT="37">
            <Shape><Polygon POINTS="384 206 384 218 404 218 404 217 404 217 405 217 410 213 431 217 431 217 432 217 433 217 433 216 438 212 455 215 455 215 456 215 457 215 462 212 515 212 521 216 521 217 521 217 522 217 523 217 523 217 539 212 557 212 563 217 564 217 565 217 565 217 582 214 601 217 602 217 778 213 778 206 778 187 741 183 740 183 704 187 694 182 693 182 693 182 692 182 691 182 691 182 686 187 635 187 623 181 622 181 621 181 621 181 609 187 602 181 601 181 600 181 585 181 584 181 583 181 582 181 576 187 538 181 522 181 521 181 521 181 520 181 520 182 514 187 487 187 475 181 474 181 474 181 417 182 417 182 416 182 411 185 407 182 407 181 406 181 406 181 389 181 389 181 388 181 387 181 387 182 384 185 384 206"/></Shape>
            <String CONTENT="sacrifices. Item S. Aug: au liure des"
                    HPOS="384"
                    VPOS="181"
                    WIDTH="394"
                    HEIGHT="37"
                    WC="0.9964896376068527"></String>
          </TextLine>
          <TextLine ID="eSc_line_bc36d6fe"
                    TAGREFS="LT8"
                    BASELINE="385 236 777 234" 
                    HPOS="384"
                    VPOS="209"
                    WIDTH="393"
                    HEIGHT="37">
            <Shape><Polygon POINTS="385 236 385 242 410 246 411 246 429 242 436 246 437 246 438 246 438 246 439 246 449 242 503 242 513 246 514 246 514 246 515 246 516 246 522 242 565 246 565 246 616 242 622 246 623 246 623 246 624 246 646 246 646 246 686 241 701 245 702 245 702 245 703 245 717 242 766 245 767 245 768 245 777 240 777 234 776 215 755 210 754 210 753 210 753 210 753 211 748 215 717 215 699 209 698 209 697 209 697 209 696 209 689 214 664 209 663 209 663 209 662 209 662 210 657 215 602 215 594 210 593 210 593 210 576 210 575 210 574 210 563 215 549 210 548 210 548 210 547 210 536 215 515 210 514 210 514 210 513 210 503 214 489 210 488 210 487 210 487 210 474 215 432 210 431 210 384 216 385 236"/></Shape>
            <String CONTENT="ꝓpositions sur lepistre aux Rom̃. en la"
                    HPOS="384"
                    VPOS="209"
                    WIDTH="393"
                    HEIGHT="37"
                    WC="0.9857698388588734"></String>
          </TextLine>
          <TextLine ID="eSc_line_e0e4699b"
                    TAGREFS="LT8"
                    BASELINE="385 265 776 263" 
                    HPOS="385"
                    VPOS="238"
                    WIDTH="391"
                    HEIGHT="38">
            <Shape><Polygon POINTS="385 265 385 272 415 271 421 275 421 275 422 275 423 276 442 276 442 275 442 275 453 271 463 274 463 274 464 274 481 271 490 275 491 275 491 275 492 275 507 271 514 275 514 275 515 275 516 276 572 276 572 275 572 275 573 275 577 271 588 274 589 274 589 274 611 270 615 274 615 274 616 274 617 274 617 275 697 275 697 274 697 274 709 270 723 274 723 274 724 274 725 274 733 270 748 274 749 274 750 274 776 269 776 263 775 245 746 245 723 238 723 238 722 238 721 238 700 245 687 245 678 238 678 238 677 238 676 238 676 238 675 238 668 244 634 238 633 238 632 238 615 244 598 238 597 238 597 238 596 238 578 244 557 239 557 239 556 239 555 239 551 243 547 240 547 240 546 240 546 240 521 239 520 239 519 239 519 239 511 245 502 240 501 240 468 239 467 239 438 245 405 240 404 240 404 240 385 246 385 265"/></Shape>
            <String CONTENT="78. ꝓpositiõ. Item en lepistre .59. a Pau¬"
                    HPOS="385"
                    VPOS="238"
                    WIDTH="391"
                    HEIGHT="38"
                    ></String>
          </TextLine>
          <TextLine ID="eSc_line_793d47a6"
                    TAGREFS="LT8"
                    BASELINE="383 294 776 293" 
                    HPOS="382"
                    VPOS="267"
                    WIDTH="394"
                    HEIGHT="37">
            <Shape><Polygon POINTS="383 294 383 302 408 300 417 304 417 304 418 304 419 304 419 304 419 303 423 300 448 300 453 304 453 304 454 304 455 304 455 304 463 300 470 303 470 303 471 303 512 300 529 304 529 304 530 304 531 304 531 304 538 300 561 304 562 304 563 304 563 304 568 300 577 304 578 304 578 304 611 299 620 303 621 303 621 304 658 304 658 303 680 299 683 302 683 303 684 303 685 303 717 303 717 303 718 303 729 299 738 303 739 303 740 303 775 299 776 293 773 270 759 275 753 269 753 269 752 269 751 269 751 269 750 269 749 269 742 275 702 267 702 267 701 267 685 275 673 267 672 267 672 267 671 267 670 267 670 267 670 268 664 273 658 269 657 269 657 269 656 269 655 269 644 274 635 268 634 268 634 268 633 268 616 271 595 267 595 267 561 274 553 267 553 267 552 267 551 267 551 267 535 274 525 270 525 270 524 270 523 270 523 270 520 273 514 268 514 267 513 267 512 267 512 267 511 267 495 272 489 267 488 267 487 267 469 267 468 267 468 267 467 267 455 276 421 276 414 269 414 269 413 269 412 269 390 267 389 267 389 267 388 267 388 268 382 273 383 294"/></Shape>
            <String CONTENT="lin. Et a cause q̃ S. Paul a Timo¬"
                    HPOS="382"
                    VPOS="267"
                    WIDTH="394"
                    HEIGHT="37"
                    WC="0.9875407692264108"></String>
          </TextLine>
          <TextLine ID="eSc_line_beb568a6"
                    TAGREFS="LT8"
                    BASELINE="382 323 777 321" 
                    HPOS="382"
                    VPOS="297"
                    WIDTH="395"
                    HEIGHT="36">
            <Shape><Polygon POINTS="382 323 382 329 573 333 574 333 604 329 664 332 665 333 736 333 736 332 736 332 737 332 737 331 740 329 761 332 762 332 763 332 777 328 777 321 776 302 727 297 727 297 726 297 725 297 725 298 721 302 705 298 704 298 704 298 703 298 702 298 695 303 660 303 647 297 646 297 646 297 617 302 607 297 606 297 606 297 577 303 515 298 514 298 514 298 505 303 497 298 497 298 496 298 495 298 495 298 486 303 479 298 478 298 478 298 477 298 457 302 444 298 444 298 443 298 442 298 433 302 394 298 393 298 393 298 382 302 382 323"/></Shape>
            <String CONTENT="thee a cõioinct la matiere de ceulx qͥ de¬"
                    HPOS="382"
                    VPOS="297"
                    WIDTH="395"
                    HEIGHT="36"
                    WC="0.9903419017791748"></String>
          </TextLine>
          <TextLine ID="eSc_line_1e53ff7a"
                    TAGREFS="LT8"
                    BASELINE="382 353 779 350" 
                    HPOS="381"
                    VPOS="325"
                    WIDTH="398"
                    HEIGHT="37">
            <Shape><Polygon POINTS="382 353 382 361 489 358 521 362 521 362 522 362 540 358 566 362 567 362 568 362 582 357 589 361 589 361 590 361 591 362 672 362 672 361 708 357 732 361 733 361 778 356 779 350 778 329 740 325 739 325 708 329 696 325 695 325 695 325 694 325 677 330 648 326 647 326 623 330 616 326 615 326 614 326 614 326 578 331 538 327 537 327 536 327 536 327 531 331 498 331 485 327 485 327 484 327 483 327 482 327 478 331 470 327 470 327 469 327 381 330 382 353"/></Shape>
            <String CONTENT="fendẽt les mariages ⁊ les uiandes/ le le¬"
                    HPOS="381"
                    VPOS="325"
                    WIDTH="398"
                    HEIGHT="37"
                    WC="0.9999786445072719"></String>
          </TextLine>
          <TextLine ID="eSc_line_e001803e"
                    TAGREFS="LT8"
                    BASELINE="380 381 779 381" 
                    HPOS="380"
                    VPOS="357"
                    WIDTH="399"
                    HEIGHT="35">
            <Shape><Polygon POINTS="380 391 412 388 426 391 427 391 427 392 480 392 480 391 480 391 488 388 498 391 499 391 500 391 527 388 542 391 542 391 543 391 544 391 544 391 544 391 547 388 556 391 557 391 557 391 558 391 569 388 594 391 595 391 595 391 606 388 634 391 634 391 651 388 660 391 661 391 661 391 779 390 779 381 779 361 770 357 770 357 769 357 740 361 722 357 721 357 721 357 720 357 715 361 707 357 706 357 706 357 682 362 551 362 519 357 519 357 518 357 503 362 482 362 478 358 478 357 477 357 476 357 476 357 435 361 431 357 430 357 429 357 404 357 403 357 402 357 402 357 395 361 380 358 380 381 380 391"/></Shape>
            <String CONTENT="cteur pourra auoir recours a plusieurs"
                    HPOS="380"
                    VPOS="357"
                    WIDTH="399"
                    HEIGHT="35"
                    WC="0.9932329497839275"></String>
          </TextLine>
          <TextLine ID="eSc_line_7ce05573"
                    TAGREFS="LT8"
                    BASELINE="380 410 779 409" 
                    HPOS="380"
                    VPOS="384"
                    WIDTH="399"
                    HEIGHT="36">
            <Shape><Polygon POINTS="380 410 380 416 396 420 397 420 397 420 415 417 438 420 438 420 439 420 451 416 463 420 463 420 464 420 506 416 522 420 523 420 523 420 524 420 537 416 632 420 633 420 634 420 650 416 662 420 663 420 663 420 764 420 764 420 765 420 779 414 779 409 778 389 735 384 734 384 734 384 733 384 725 388 708 388 699 384 698 384 697 384 697 384 696 384 689 388 676 385 675 385 674 385 606 388 580 384 580 384 579 384 561 390 546 390 542 386 542 385 541 385 540 385 540 385 515 389 469 385 453 385 452 385 451 385 451 385 446 389 438 385 438 385 437 385 436 385 423 389 416 385 415 385 414 385 414 385 380 388 380 410"/></Shape>
            <String CONTENT="choses qͥ ont este dittes par incident des"
                    HPOS="380"
                    VPOS="384"
                    WIDTH="399"
                    HEIGHT="36"
                    WC="0.9990953150249663"></String>
          </TextLine>
          <TextLine ID="eSc_line_f966850a"
                    TAGREFS="LT8"
                    BASELINE="381 440 775 437" 
                    HPOS="380"
                    VPOS="412"
                    WIDTH="395"
                    HEIGHT="38">
            <Shape><Polygon POINTS="381 440 381 446 491 446 513 450 514 450 514 450 526 446 539 450 540 450 540 450 541 450 550 446 563 448 563 448 626 445 663 449 663 449 664 449 678 444 694 448 695 448 695 449 774 449 775 437 773 415 720 417 693 412 693 412 692 412 674 418 651 414 651 414 612 418 602 414 601 414 600 414 578 418 554 414 553 414 553 414 544 418 506 414 506 414 505 414 495 418 482 414 481 414 480 414 480 414 479 414 472 420 447 420 434 414 434 414 383 414 382 414 382 414 381 414 381 415 380 415 381 440"/></Shape>
            <String CONTENT="uiãdes/ au chap̃. de mariage. En quoy"
                    HPOS="380"
                    VPOS="412"
                    WIDTH="395"
                    HEIGHT="38"
                    WC="0.9947502424842433"></String>
          </TextLine>
          <TextLine ID="eSc_line_0ba06b1c"
                    TAGREFS="LT8"
                    BASELINE="380 469 778 465" 
                    HPOS="380"
                    VPOS="442"
                    WIDTH="398"
                    HEIGHT="38">
            <Shape><Polygon POINTS="380 469 380 476 405 480 406 480 450 475 455 478 455 478 456 478 457 478 489 475 496 480 497 480 497 480 498 480 499 480 508 476 510 479 510 480 511 480 512 480 512 480 513 480 527 473 579 473 629 478 630 478 665 478 665 478 665 478 666 478 672 473 678 478 678 478 679 478 680 478 707 478 707 478 708 478 708 478 714 473 730 477 731 477 731 478 778 478 778 465 776 444 682 446 668 442 667 442 666 442 643 446 607 442 606 442 606 442 605 442 605 443 601 446 588 443 587 443 587 443 586 443 572 447 565 443 565 443 564 443 563 443 538 446 529 443 529 443 528 443 507 447 455 444 455 444 454 444 444 448 439 444 438 444 438 444 394 444 393 444 393 444 380 448 380 469"/></Shape>
            <String CONTENT="cõsiderãt on pourra entẽdre ⁊ iuger/ que"
                    HPOS="380"
                    VPOS="442"
                    WIDTH="398"
                    HEIGHT="38"
                    WC="0.9968045825182006"></String>
          </TextLine>
          <TextLine ID="eSc_line_e9395390"
                    TAGREFS="LT8"
                    BASELINE="379 499 778 495" 
                    HPOS="378"
                    VPOS="471"
                    WIDTH="400"
                    HEIGHT="37">
            <Shape><Polygon POINTS="379 499 379 504 444 508 445 508 469 504 478 507 478 507 479 507 510 504 540 507 541 507 542 507 542 507 547 503 572 503 576 506 576 507 576 507 577 507 578 507 578 507 579 507 585 503 611 506 612 506 612 506 623 503 644 506 644 506 645 506 646 506 651 502 663 505 663 505 664 505 727 501 734 505 734 505 735 505 778 503 778 495 776 474 728 471 727 471 702 475 693 471 693 471 692 471 691 471 682 475 674 471 673 471 672 471 672 471 671 471 667 475 627 476 622 471 622 471 621 471 621 471 589 471 589 471 588 471 575 477 560 477 554 471 553 471 553 471 525 471 524 471 523 471 508 477 491 472 490 472 489 472 441 478 409 478 399 473 398 473 397 473 378 475 379 499"/></Shape>
            <String CONTENT="les canõs de cõsecra. dist.4.c. statuimꝰ. ⁊"
                    HPOS="378"
                    VPOS="471"
                    WIDTH="400"
                    HEIGHT="37"
                    WC="0.9616032070583768"></String>
          </TextLine>
          <TextLine ID="eSc_line_e21310ee"
                    TAGREFS="LT8"
                    BASELINE="377 527 774 524" 
                    HPOS="376"
                    VPOS="498"
                    WIDTH="398"
                    HEIGHT="36">
            <Shape><Polygon POINTS="377 527 377 534 773 531 774 524 773 503 759 499 758 499 757 499 717 503 710 498 709 498 708 498 693 498 692 498 691 498 678 503 655 499 655 499 654 499 653 499 646 503 618 499 617 499 560 504 551 499 551 499 550 499 549 499 535 504 476 501 476 501 443 505 436 501 435 501 434 501 434 501 398 504 376 501 377 527"/></Shape>
            <String CONTENT="dist.76.c. statuimꝰ. ⁊ dist.3.c. sacerdotibꝰ."
                    HPOS="376"
                    VPOS="498"
                    WIDTH="398"
                    HEIGHT="36"
                    WC="0.9983529329299927"></String>
          </TextLine>
          <TextLine ID="eSc_line_4935105e"
                    TAGREFS="LT8"
                    BASELINE="374 556 779 552" 
                    HPOS="374"
                    VPOS="528"
                    WIDTH="405"
                    HEIGHT="38">
            <Shape><Polygon POINTS="374 556 374 562 436 566 436 566 485 562 505 565 506 565 506 565 517 561 557 565 558 565 644 560 658 563 659 563 659 563 718 560 770 563 770 563 771 563 779 558 779 552 777 528 628 533 575 529 574 529 536 533 527 530 527 530 526 530 493 534 447 531 446 531 446 531 445 531 438 535 374 531 374 556"/></Shape>
            <String CONTENT="c. rogationes. c. sabbato. c. ieiunia. et de"
                    HPOS="374"
                    VPOS="528"
                    WIDTH="405"
                    HEIGHT="38"
                    WC="0.9916033948009665"></String>
          </TextLine>
          <TextLine ID="eSc_line_2884c35d"
                    TAGREFS="LT8"
                    BASELINE="374 584 776 582" 
                    HPOS="374"
                    VPOS="557"
                    WIDTH="402"
                    HEIGHT="34">
            <Shape><Polygon POINTS="374 584 374 591 776 589 776 582 775 559 746 557 746 557 745 557 731 562 721 557 721 557 720 557 719 557 706 562 696 557 695 557 695 557 694 557 682 561 671 558 670 558 670 558 669 558 668 558 664 562 653 558 652 558 651 558 651 558 650 558 645 563 638 558 638 558 637 558 574 558 574 558 573 558 572 558 572 558 566 564 502 564 474 558 473 558 472 558 472 558 465 565 421 565 415 560 415 559 414 559 414 559 391 559 390 559 389 559 374 565 374 584"/></Shape>
            <String CONTENT="obserua. ieiunioꝝ cõsiliũ/ sont (cõe dit"
                    HPOS="374"
                    VPOS="557"
                    WIDTH="402"
                    HEIGHT="34"
                    ></String>
          </TextLine>
          <TextLine ID="eSc_line_9203c462"
                    TAGREFS="LT8"
                    BASELINE="376 616 575 612 774 612" 
                    HPOS="376"
                    VPOS="585"
                    WIDTH="398"
                    HEIGHT="39">
            <Shape><Polygon POINTS="376 616 376 624 458 620 493 622 494 622 495 622 509 619 773 620 774 612 772 585 758 590 725 590 719 586 719 585 719 585 718 585 717 585 717 585 706 591 657 591 648 586 648 586 647 586 621 591 607 586 606 586 606 586 605 586 604 586 604 587 601 590 559 587 559 587 558 587 557 587 552 592 540 588 539 588 538 588 510 588 509 588 508 588 504 592 493 588 492 588 491 588 491 588 478 591 459 588 459 588 458 588 442 593 427 588 426 588 425 588 425 588 409 593 402 588 402 588 401 588 400 588 376 588 376 616"/></Shape>
            <String CONTENT="S. Paul) doctrĩe des diables: ⁊ (cõe mes"
                    HPOS="376"
                    VPOS="585"
                    WIDTH="398"
                    HEIGHT="39"
                    ></String>
          </TextLine>
          <TextLine ID="eSc_line_0cd3f3b4"
                    TAGREFS="LT8"
                    BASELINE="376 644 776 639" 
                    HPOS="375"
                    VPOS="614"
                    WIDTH="401"
                    HEIGHT="39">
            <Shape><Polygon POINTS="376 644 376 650 442 653 443 653 459 650 470 653 470 653 471 653 472 653 486 648 524 652 525 652 525 652 543 648 566 648 573 652 574 652 574 652 575 652 607 647 621 651 621 651 622 651 623 651 623 651 629 646 666 650 667 650 690 646 706 650 707 650 708 650 708 650 715 646 765 649 765 649 766 649 776 645 776 639 774 617 722 614 721 614 628 618 622 615 621 615 621 615 620 615 600 619 587 615 587 615 586 615 561 620 510 616 510 616 477 620 472 617 472 617 471 617 429 617 429 617 428 617 427 617 421 622 415 618 414 618 414 618 413 618 375 622 376 644"/></Shape>
            <String CONTENT="me disẽt les Canonistes) erreur ðs Mar"
                    HPOS="375"
                    VPOS="614"
                    WIDTH="401"
                    HEIGHT="39"
                    WC="0.9902534011082772"></String>
          </TextLine>
          <TextLine ID="eSc_line_5f11fcb8"
                    TAGREFS="LT8"
                    BASELINE="377 673 778 668" 
                    HPOS="376"
                    VPOS="643"
                    WIDTH="402"
                    HEIGHT="37">
            <Shape><Polygon POINTS="377 673 377 680 778 677 778 668 776 646 691 648 676 643 676 643 675 643 674 643 653 648 625 643 624 643 579 649 553 644 552 644 551 644 542 649 530 646 529 646 529 646 528 646 516 650 511 646 511 645 510 645 510 645 495 645 494 645 421 651 397 646 397 646 396 646 376 652 377 673"/></Shape>
            <String CONTENT="chionistes ⁊ des Manichees. Poͬce tout"
                    HPOS="376"
                    VPOS="643"
                    WIDTH="402"
                    HEIGHT="37"
                    WC="0.9949739308733689"></String>
          </TextLine>
          <TextLine ID="eSc_line_b51b34cc"
                    TAGREFS="LT8"
                    BASELINE="378 703 776 697" 
                    HPOS="378"
                    VPOS="672"
                    WIDTH="398"
                    HEIGHT="38">
            <Shape><Polygon POINTS="378 703 378 710 776 705 776 697 774 677 723 677 706 672 706 672 705 672 676 677 662 673 661 673 661 673 660 673 659 673 654 676 630 674 629 674 629 674 628 674 623 678 600 674 599 674 598 674 597 674 590 679 563 676 562 676 544 680 539 675 539 675 538 675 538 675 516 675 515 675 514 675 506 680 476 675 475 675 443 681 432 676 431 676 431 676 430 676 417 681 414 677 414 677 413 677 412 677 384 677 383 677 382 677 382 677 378 680 378 703"/></Shape>
            <String CONTENT="fidele peult user de toutes uiandes en"
                    HPOS="378"
                    VPOS="672"
                    WIDTH="398"
                    HEIGHT="38"
                    WC="0.9969577052091297"></String>
          </TextLine>
          <TextLine ID="eSc_line_32da4b50"
                    TAGREFS="LT8"
                    BASELINE="378 731 774 726" 
                    HPOS="377"
                    VPOS="701"
                    WIDTH="397"
                    HEIGHT="38">
            <Shape><Polygon POINTS="378 731 378 739 765 736 766 736 774 732 774 726 773 705 723 701 723 701 722 701 705 705 687 701 686 701 685 701 672 707 655 707 649 702 648 702 648 702 647 702 646 702 634 706 625 702 625 702 624 702 525 708 499 704 498 704 497 704 483 708 437 705 436 705 402 709 395 705 395 705 394 705 393 705 377 709 378 731"/></Shape>
            <String CONTENT="tout tẽps auec actions de graces. Mais"
                    HPOS="377"
                    VPOS="701"
                    WIDTH="397"
                    HEIGHT="38"
                    WC="0.9826735716599685"></String>
          </TextLine>
          <TextLine ID="eSc_line_b6f7c248"
                    TAGREFS="LT8"
                    BASELINE="378 761 776 754" 
                    HPOS="377"
                    VPOS="730"
                    WIDTH="399"
                    HEIGHT="41">
            <Shape><Polygon POINTS="378 761 378 771 427 766 452 769 453 769 453 769 454 769 454 769 458 765 478 769 479 769 510 766 574 768 575 768 616 762 624 767 625 767 625 767 659 762 691 766 692 766 693 766 706 762 723 765 723 765 776 759 776 754 774 734 707 734 700 730 699 730 698 730 697 730 697 730 685 735 666 731 665 731 665 731 655 735 587 732 586 732 560 737 503 733 502 733 502 733 501 733 495 737 457 734 456 734 455 734 440 739 421 735 421 735 377 738 378 761"/></Shape>
            <String CONTENT="ilz doibuẽt prẽdre garde de nõ abuser de"
                    HPOS="377"
                    VPOS="730"
                    WIDTH="399"
                    HEIGHT="41"
                    WC="0.9853360334108042"></String>
          </TextLine>
          <TextLine ID="eSc_line_d54c99af"
                    TAGREFS="LT8"
                    BASELINE="378 790 776 784" 
                    HPOS="378"
                    VPOS="758"
                    WIDTH="398"
                    HEIGHT="43">
            <Shape><Polygon POINTS="378 790 379 801 391 797 402 801 403 801 404 801 447 797 459 800 459 800 460 800 461 800 461 800 468 795 497 799 498 799 499 799 511 795 523 799 524 799 525 799 525 799 526 799 526 798 530 794 546 798 546 798 623 793 642 797 643 797 694 792 702 796 703 796 704 796 730 794 731 794 731 794 731 794 732 794 734 791 776 794 776 784 775 763 754 763 744 758 743 758 742 758 719 763 712 758 712 758 711 758 710 758 689 762 670 759 670 759 669 759 668 759 661 764 646 759 646 759 645 759 644 759 644 759 638 764 634 761 634 761 633 761 632 761 610 765 600 760 599 760 598 760 571 765 514 761 514 761 513 761 497 767 471 762 470 762 470 762 469 762 469 762 465 766 461 762 461 762 460 762 459 762 459 762 445 767 410 763 410 763 409 763 408 763 408 764 404 768 385 765 385 765 384 765 383 765 378 767 378 790"/></Shape>
            <String CONTENT="ceste liberte en occasiõ de chair ⁊ scãda¬"
                    HPOS="378"
                    VPOS="758"
                    WIDTH="398"
                    HEIGHT="43"
                    WC="0.9776770973747427"></String>
          </TextLine>
          <TextLine ID="eSc_line_845f8c66"
                    TAGREFS="LT8"
                    BASELINE="379 820 775 812" 
                    HPOS="378"
                    VPOS="787"
                    WIDTH="397"
                    HEIGHT="42">
            <Shape><Polygon POINTS="379 820 379 826 441 829 442 829 442 829 443 829 443 828 446 826 468 828 469 828 470 828 478 825 485 828 486 828 487 828 597 822 650 825 651 825 670 821 674 824 675 824 676 824 676 825 703 825 703 824 704 824 717 820 721 824 722 824 723 824 723 824 751 820 763 823 763 823 764 823 765 823 775 818 775 812 774 792 738 787 738 787 737 787 726 792 671 788 670 788 670 788 653 794 622 794 608 790 608 790 607 790 588 790 587 790 587 790 582 794 526 792 525 792 525 792 524 792 524 793 521 796 451 792 450 792 449 792 433 796 414 793 414 793 413 793 412 793 406 798 389 794 389 794 388 794 387 794 378 798 379 820"/></Shape>
            <String CONTENT="le de sõ frere/ cõe sont auiourdhuy plu¬"
                    HPOS="378"
                    VPOS="787"
                    WIDTH="397"
                    HEIGHT="42"
                    WC="0.9952001969019572"></String>
          </TextLine>
          <TextLine ID="eSc_line_09b075ca"
                    TAGREFS="LT8"
                    BASELINE="378 850 646 843 775 843" 
                    HPOS="378"
                    VPOS="818"
                    WIDTH="397"
                    HEIGHT="42">
            <Shape><Polygon POINTS="378 850 378 860 415 856 476 858 476 858 510 854 531 857 532 857 533 857 534 857 538 854 559 856 559 856 608 851 631 855 631 855 632 855 644 850 774 850 775 843 774 821 729 818 729 818 670 823 651 820 650 820 649 820 648 820 644 824 614 824 605 820 604 820 604 820 554 822 553 822 553 822 548 825 540 822 539 822 538 822 538 822 526 826 509 822 508 822 508 822 507 822 507 823 506 823 504 826 474 823 473 823 438 828 378 825 378 850"/></Shape>
            <String CONTENT="sieurs gentz indiscretz/ mal mortifiez ⁊"
                    HPOS="378"
                    VPOS="818"
                    WIDTH="397"
                    HEIGHT="42"
                    WC="0.9939647689461708"></String>
          </TextLine>
          <TextLine ID="eSc_line_f9457d84"
                    TAGREFS="LT8"
                    BASELINE="381 878 774 871" 
                    HPOS="379"
                    VPOS="848"
                    WIDTH="394"
                    HEIGHT="37">
            <Shape><Polygon POINTS="380 877 380 885 773 879 773 870 771 849 491 848 490 848 489 848 477 853 397 850 396 850 395 850 379 855 380 877"/></Shape>
            <String CONTENT="non entendãs q̃ cest liberte chrestienne."
                    HPOS="379"
                    VPOS="848"
                    WIDTH="394"
                    HEIGHT="37"
                    WC="0.9903754450026012"></String>
          </TextLine>
          <TextLine ID="eSc_line_66e5b0f5"
                    TAGREFS="LT8"
                    BASELINE="381 906 774 900" 
                    HPOS="379"
                    VPOS="872"
                    WIDTH="394"
                    HEIGHT="44">
            <Shape><Polygon POINTS="645 873 644 873 643 873 643 874 637 880 602 880 585 874 584 874 583 874 582 874 581 874 570 880 452 877 451 877 379 883 380 905 380 916 528 911 575 915 576 915 605 910 638 914 639 914 640 914 641 914 647 909 679 913 680 913 708 908 755 912 756 912 757 912 773 906 773 899 771 877 720 872 719 872 675 878 646 873 645 873"/></Shape>
            <String CONTENT="Car S. Paul dit: Se ton frere est con"
                    HPOS="379"
                    VPOS="872"
                    WIDTH="394"
                    HEIGHT="44"
                    WC="0.9930100295994733"></String>
          </TextLine>
          <TextLine ID="eSc_line_b2dd5478"
                    TAGREFS="LT8"
                    BASELINE="376 937 772 929" 
                    HPOS="376"
                    VPOS="904"
                    WIDTH="396"
                    HEIGHT="48">
            <Shape><Polygon POINTS="376 937 376 945 411 952 412 952 412 952 427 946 442 952 442 952 443 952 474 945 509 950 510 950 510 950 524 943 532 947 533 947 534 947 578 943 590 949 591 949 591 949 640 945 652 947 653 947 653 947 654 947 675 941 690 943 691 943 709 940 716 945 717 945 717 945 718 945 719 945 744 939 771 941 772 929 770 909 744 904 744 904 699 909 690 905 689 905 663 905 663 905 624 911 536 908 535 908 534 908 518 912 490 909 489 909 489 909 488 909 482 913 458 911 457 911 429 914 417 910 417 910 416 910 395 915 387 911 386 911 385 911 385 911 376 915 376 937"/></Shape>
            <String CONTENT="triste pour la uiãde: tu ne chemine plus"
                    HPOS="376"
                    VPOS="904"
                    WIDTH="396"
                    HEIGHT="48"
                    WC="0.9999763733003197"></String>
          </TextLine>
        </TextBlock>
        <TextBlock HPOS="280"
                   VPOS="874"
                   WIDTH="97"
                   HEIGHT="46"
                   ID="eSc_textblock_acb1a34f"
                   TAGREFS="BT13">
          <Shape><Polygon POINTS="280 874 280 920 377 920 377 874"/></Shape>
          <TextLine ID="eSc_line_6afac1a5"
                    TAGREFS="LT8"
                    BASELINE="281 908 371 907" 
                    HPOS="279"
                    VPOS="875"
                    WIDTH="91"
                    HEIGHT="60">
            <Shape><Polygon POINTS="280 926 287 933 287 934 288 934 289 934 290 935 314 935 314 934 315 934 316 934 316 933 331 920 369 922 370 906 368 880 279 875 280 907"/></Shape>
            <String CONTENT="Ro.14.c"
                    HPOS="279"
                    VPOS="875"
                    WIDTH="91"
                    HEIGHT="60"
                    WC="0.9998725993292672"></String>
          </TextLine>
        </TextBlock>
      </PrintSpace>
    </Page>
  </Layout>
</alto>
