902 1224
130 138 412 49 parolle de dieu, ⁊ entre nous aul¬

127 172 417 45 tres nous nous sommes plus ar¬

127 204 415 48 restez en ieunesse aux disciplines

125 237 419 48 humaines q̃ diuines/ soit par nr̃e

125 271 418 45 coulpe ou le iugemẽt du seigneur

126 303 413 43 Dieu ainsi permettãt. Parquoy

127 335 413 48 (sire) il mest aduis quil seroit bon

126 369 418 45 de tenir tel concil gñal ⁊ discuter

126 401 416 46 ou esplucher tout par leuangile et

125 433 419 48 les prophetes: affin que tout ainsi

127 466 411 46 que nous ne auons q̃ ung Dieu/

127 497 411 50 une loy/ une foy/ ⁊ ung roy/ noꝰ

126 530 418 48 ne eussions pareillemẽt (rescindãt

127 563 416 48 toutes autres) q̃ une doctrine euã

128 596 416 47 gelique. Touchant ceste mienne

129 628 415 45 derniere confession/ ie prie uostre

129 658 413 50 illustre ⁊ trespuissante maieste qͥl

128 694 418 45 ne luy griefue pour la grande con

130 726 412 47 gnoissance ⁊ iugement des choses

131 758 415 47 que Dieu uous a donne de lexa¬

131 792 414 48 miner par les textes de lescripture

134 824 410 45 saincte/ qͥ est la reigle pour radres¬

134 858 411 46 ser ⁊ la touche pour esprouuer tou

135 889 411 49 tes choses quelcõques: affin (cõme

135 927 412 53 dit sainct Iehan) que on esprouue

382 956 75 47 A .iiii.

548 926 92 44 1.Ioã.4.
