902 1224
138 133 385 47 plusieurs: neantmoins sont ung

140 166 385 46 corps: en telle maniere aussi est

138 197 387 47 Christ. Car certes nous sõmes toꝰ

136 231 391 47 baptisez/ en ung esperit/ en ung

135 263 392 48 corps soient Iuifz/ soient Gẽtilz/

136 296 392 48 soient serfz/ soient non serfz/ ⁊ noꝰ

135 330 398 45 tous sommes abreuuez dung espe

136 363 396 45 rit: car aussi le corps nest poĩt ung

137 397 290 42 mẽbre/ mais plusieurs.

165 427 364 43 Les femmes soient subiectes a

134 460 395 45 leurs maris/ ainsi que a nostre sei¬

136 495 393 43 gneur: car le mary est chef de la fẽ

136 527 393 41 me: aĩsi q̃ Christ est chef de leglise:

139 561 391 42 ⁊ iceluy est le sauueur de sõ corps.

140 594 389 41 Et ainsi que leglise est subiecte a

140 624 389 40 Christ: ainsi aussi les fẽmes soient

140 658 368 41 a leurs maris en toutes choses.

168 692 368 41 Uous maris aymez uoz fem¬

140 724 401 41 mes ainsi que Christ a ayme legli¬

142 756 395 43 se/ ⁊ se est dõne soymesme poͬ elle/

142 789 398 40 affin qͥl la sanctifiast/ la nettoyãt

143 824 395 40 par le lauement deaue/ par la pa¬

145 855 386 43 rolle de uie: affin quil rendit a soy

144 893 389 37 leglise glorieuse ne ayant quelque

144 925 387 44 tache ou ride/ ou aucune telle cho¬

543 423 79 52 Eph.5.e

542 673 84 63 Eph.5.e
