900 1224
324 146 411 38 cte ⁊ les docteurs p̃alleguez tous ceulx

325 174 413 38 qui doibuẽt uenir au royaume de Dieu

325 204 414 38 en quelque tẽps quilz soyent appellez/

326 233 412 35 ilz sont signez en ladoption deuant que

328 261 410 38 tous les siecles ayent este. Et par ainsi

328 289 410 39 ie confesse que predestination est infalli

328 318 408 39 ble/ ce qui nous doibt grandement hu¬

329 348 356 42 milier ⁊ resiouyr en Iesus Christ.

334 397 409 52 ¶ De lescripture saincte. Cha.6.

362 463 380 45 ¶ Ie confesse que la parolle de Dieu

330 494 412 43 est suffisante a salut: a laquelle ne fault

330 522 409 41 rien adiouster ne diminuer/ selon aussi

330 552 412 44 laq̃lle il se fault regir ⁊ gouuerner/ lais¬

331 581 411 45 sant toutes traditions humaines qͥ sont

331 610 404 44 cõtre icelle p̃tendãtes lier les cõsciẽces.

454 661 289 49 Euãgile est uertu de dieu

451 699 271 44 au salut de tout croyãt.

474 728 268 48 Mais toy perseuere es

335 762 410 52 choses que tu as aprinses ⁊ qui te

334 795 410 53 sont cõmises/ cõgnoissãt de qui tu

334 828 411 51 les as apprins ⁊ que tu as cõgneu

333 861 411 50 des ton enfance les saĩctes lettres/

333 892 411 51 lesquelles te peuuent instruire a sa

331 923 413 62 lut par la foy qͥ est en Iesus christ.

240 678 83 45 Ro.1.b

242 740 87 53 2.tim̃.3d

349 680 95 105 L
