902 1224
178 144 368 45 point/ ⁊ si la uierge a prins mary

176 176 375 43 elle na point peche: toutesfoys tel¬

174 208 376 44 les gentz auront tribulation de

173 245 105 36 la chair.

199 267 344 47 Et se aucun cuyde estre a deshõ

172 305 377 47 neur q̃ sa uierge ayt passe le tẽps

173 340 380 42 de marier/ ⁊ il faille que ainsi soit

175 372 379 44 faict/ face ce quil uouldra: il ne pe

174 405 246 37 che point sil la marie.

196 431 346 46 Lange Raphael dit a Thobie:

172 470 376 41 Escoute moy ⁊ ie te monstreray qͥ

171 501 377 43 sont ceulx sur lesquelz le diable a

170 535 376 44 puissance/ Certes ceulx qui se ma¬

170 568 374 40 rient/ tellemẽt quil forclosẽt dieu:

173 602 373 39 hors de eulx ⁊ de leur pensee: ⁊ se

172 633 377 39 occupẽt tellement a leur cõcupiscẽ

171 663 379 42 ce/ cõe le cheual ⁊ le mulet ausq̃lz

170 698 382 39 ny a point dentendemẽt/ sur telz le

170 728 230 41 diable a puissance.

193 758 352 45 Et dieu les beneit ⁊ dit: Croys¬

171 792 374 48 sez ⁊ multipliez ⁊ rẽplissez la terre.

193 827 352 44 Et quãd ie cõgneuz que aultre¬

170 862 376 41 ment ne pouuois estre cõtinent si

171 894 373 41 Dieu ne le donne/ ⁊ que ce mesme

170 926 372 49 estoit sapiẽce de scauoir de qͥ estoit

430 963 28 50 F

553 266 78 52 Ibidẽ.g.

555 426 79 45 Thobie

556 469 32 34 6.d.

555 663 60 47 Ps̈.31.

555 760 80 42 Geñ.1.d

556 825 74 46 Sap̃.8d
