900 1224
324 133 405 46 les esperitz silz sont de Dieu. A

324 169 406 44 quoy aussi sainct Paul nous ad¬

323 199 406 47 mõneste quand il dit/ Esprouuez

326 233 399 43 tout et retenez ce qͥ est bon. Ie croy

327 267 400 43 que alors on congnoistra a loeil q̃

326 299 403 44 ie ne ueulx plus rien dire/ p̃scher/

327 331 402 45 ou escripre qui ne soit expressemẽt

327 362 404 46 de la parolle de Dieu/ ou necessai

327 397 405 43 remẽt deduit ⁊ extraict dicelle sãs

326 431 405 43 aucunes glosses combien puissent

326 464 404 41 elles estre magistrales ou ancien¬

327 497 400 43 nes: car (cõme dit maistre Iehan

327 529 401 42 Gerson) on doibt plus tost croyre

325 563 405 42 a ung seul muny de la parolle de

327 596 400 41 Dieu, que a la sentence ⁊ opinion

323 632 408 36 de tous les docteurs du mõde sãs

323 660 407 42 escripture saincte. Au surplus ie

323 695 406 40 confesse que le zele que ie auoys ne

322 727 405 41 estoit point selon sciẽce/ mais dieu

319 761 408 40 a eu pitie de moy en ouurant mes

321 793 406 40 yeulx, ⁊ en me dõnant intelligẽce

320 826 404 41 de ses saĩctes escriptures. Ie rẽdz

319 860 406 40 graces au pere celeste par Iesus

316 891 409 42 Christ nostre seul mediateur ⁊ sau

315 926 406 45 ueur de ce qͥl luy a pleu de me rem

224 164 96 46 1.Thess.

230 203 40 37 5.d.

233 504 90 61 Gerson.
