902 1224
175 141 401 38 du .31. pseaulme. Par ainsi ne pouõs esti

174 170 406 40 mer nul estre fidele ⁊ bon chrestien (cõ¬

172 199 400 42 bien qͥl se uante faulsemẽt auoir la foy)

171 229 407 39 sil ne la mõstre par oeuures/ en aymãt

169 257 405 42 Dieu sur toutes choses/ ⁊ son prochain

166 286 410 43 cõme soymesme. Car comme escript. S.

168 314 414 46 Iehan: Qui dit que il cõgnoit Dieu/ et

166 344 408 42 ne garde point ses cõmandementz il est

167 372 407 42 mẽteur ⁊ uerite nest point en luy: ⁊ qui

169 402 405 42 garde sa parolle la charite de Dieu est

167 431 406 42 urayemẽt parfaicte en ce. Nous scauõs

163 459 415 45 par ce que nous sõmes en luy. Qui dit

163 487 409 48 qͥl demeure en Christ: il doibt aussi che

161 518 407 45 miner cõme iceluy a chemine. Uoyez

161 546 404 43 donc ⁊ iugez cõbien sont loing ces deux

161 578 404 42 manieres de gens de la uraye intelligen

162 604 406 48 ce des apostres/ nõ entendantz que cest

164 631 216 41 de foy ⁊ des oeuures.

189 690 347 49 ¶ Du baptesme. Chap̃.11.

189 750 378 47 ¶ Ie cõfesse que le baptesme de leaue

158 780 407 48 est ung signe uisible ⁊ exterieur/ lequel

158 809 404 47 doibt representer (selon la nature des si

160 840 401 43 gnes) ce qui est dedẽs nous: cestascauoir

159 869 401 45 renouation desperit/ ⁊ mortification de

158 897 401 46 noz mẽbres/ en Iesus Christ. Par lequel

159 924 398 54 aussi nous sommes receuz en la saincte

583 327 84 36 1.Io.2.a
