900 1224
485 139 282 52 Esperit ayde nostre infir

486 176 282 47 mite. Car nous ne scauõs

487 210 283 47 point q̃lle chose nous deb

371 244 399 51 uõs prier: cõme il appartiẽt/ mais

371 281 400 46 lesperit mesme prie pour nous par

372 310 400 49 gemissementz inenarrables. Et ce

372 340 399 52 luy qui regarde les cueurs/ scait q̃

373 373 401 53 lesperit desire: car il prie pour les

376 410 244 51 sainctz selon Dieu.

400 430 370 61 Iesus luy dit: Fẽme croy moy

372 474 399 53 que lheure est uenue quand ne en

372 503 401 58 ceste mõtaigne/ ne en Hierusalem

372 546 249 45 nadorerez le pere ⁊c.

394 567 381 52 Lheure est uenue/ ⁊ est mainte¬

376 601 404 50 nãt/ q̃ les urays adorateurs ado¬

376 630 401 55 reront le pere en esperit et uerite.

379 663 401 54 Car le pere quiert telz qui le adorẽt

380 697 400 54 Dieu est esperit/ ⁊ ceulx qͥ le ado¬

378 731 402 53 rent fault que en esperit et uerite

379 776 141 40 le adorent.

407 781 370 73 Ie uueil donc que les hom¬

378 827 403 57 mes facẽt oraison en tout lieu/ le¬

378 862 404 53 uantz leurs mains pures/ sans ire

381 905 158 45 ⁊ dissention.

397 920 383 70 Quand uous prierez/ uous ne

267 142 77 46 Ro.8.e

275 433 90 67 Ioã.4.c

278 573 86 54 Ibidem.

280 806 94 48 1.tim̃.2.c

280 937 88 42 mat.6.a

376 154 100 113 L
