900 1224
353 136 420 44 ⁊ apres quil est mõte au ciel en portant

356 165 403 44 son corps auec luy quil nest plus en ter

354 193 406 44 re. Item qͥ plus est aux Actes.1.b. (⁊ est

357 222 414 44 ung article de la foy) S. Luc dit: Que

357 250 401 46 Iesus est monte au ciel/ ⁊ quil reuiẽdra

357 280 400 43 cõme il est mõte. Toutes ces choses noꝰ

356 308 403 43 delaissons au iugement de lescripture

355 340 404 41 nayfuemẽt/ ⁊ sans aucune glose humai

357 370 403 40 ne produicte ⁊ alleguee a ce ꝓpos: a cau

356 398 404 40 se que on ne pourroit en si petit traicte

355 427 403 40 cõprendre si grande matiere. Nous dõc

359 453 399 42 delaissantz ceste mãducation charnelle

359 485 397 38 laquelle (cõme dit S. Iehan) ne ꝓffite a

352 514 403 40 rien: nous parlerõs de la manducation

352 543 404 39 spirituelle qui se faict par foy. Nostre

353 572 405 40 seigñr donc au .6. de S. Iehan parlant

353 602 323 35 de ceste manducation: dit ainsi.

376 629 383 39 En uerite/ en uerite ie uous dis qui

355 658 325 36 croyt en moy/ il a uie eternelle.

372 689 382 37 Se uous ne mangez la chair du filz

353 716 395 41 de lhõme/ ⁊ se uous ne beuuez son sang

355 748 337 34 uous ne aurez point uie en uous.

361 775 394 33 Augustin au .3. liure de la doctrine

351 804 402 37 chrestiẽne exposant ce dernier passage

351 834 404 37 dit: Il semble quil cõmande chose illici

349 863 406 36 te ⁊ digne de reprehẽsion. Cest donc figu

347 892 408 35 re cõmandant quil fault cõmuniquer a

346 920 407 46 la passion du seigneur/ ⁊ doulcement ⁊

261 185 80 49 Act̃.1.b

257 459 94 63 Ioã.6.g

257 616 96 44 Ibidẽ.e.

256 658 88 59 Ioã.6.e

255 782 93 48 August.
