900 1224
351 136 404 42 boyue ⁊ mange le sacremẽt de si grande

354 166 234 33 chose/ a son iugement.

374 194 382 41 Item au .21. liure de la cite de Dieu

353 223 402 39 chap̃.25. Nous plusieurs (dit il) sõmes

355 254 400 37 ung pain ⁊ ung corps. Celuy donc qͥ est

354 283 403 37 en lunite de sõ corps: cest adire/ en la cõ¬

355 312 399 36 iunction des mẽbres des chrestiens duq̃l

356 340 402 36 corps les fideles cõmunicans ont acou¬

356 370 403 35 stume de prẽdre le sacrement de lautel:

357 399 404 36 cestuy urayemẽt doibt estre dit mãger le

356 428 401 36 corps de Christ/ ⁊ boire le sãg de Christ.

385 457 374 36 Item peu apres audict chap̃. il mõstre

355 485 400 38 q̃ cest de manger le corps de Christ/ non

355 514 402 40 seulemẽt par sacremẽt/ mais en uerite: ⁊

353 546 405 35 pareillemẽt de boire son sang/ car ce est

352 573 407 36 demourer en Christ/ affin aussi q̃ Christ

353 601 409 36 demoure en luy. Car il a ainsi dit/ cõme

356 628 405 39 sil disoit: Celuy qui ne demoure pas en

352 658 411 40 moy/ ⁊ auquel ie ne demoure pas/ qͥl ne

357 688 403 37 die ou quil ne estime pas manger mon

355 715 404 40 corps ne boire mon sãg. Parquoy ceulx

355 745 404 41 ne demourent pas en Christ qui ne sont

356 776 192 39 pas ses membres.

387 801 372 41 Item ce mesme en la .2. quinquagene.

359 830 402 43 Psal.98. Quand le seigñr a cõmande

355 861 406 37 cecy: il auoit parle de sa chair/ ⁊ auoit

353 890 408 41 dit: Celuy qui ne mangera ma chair ne

353 918 406 51 aura pas en soy uie eternelle/ et dit: Les

257 193 86 40 August.

263 444 78 46 Ioã.6.f

259 835 83 39 Ioã.6.e
