900 1224
361 133 403 42 pas obserue et garde ce q̃ le seigñr nous

363 162 402 40 a enseigne de faire par son exẽple ou sa

364 193 401 39 doctrine cela peult estre admis ꝑ sa sim

366 220 398 40 plesse/ ⁊ luy peult estre pardõne par lin

365 250 398 40 dulgence du seigñr: Mais il ne nous

365 281 398 33 pourra estre pardõne a nous qui sõmes

365 310 398 35 maintenãt admonnestez ⁊ instruictz du

368 337 399 38 seigneur ⁊c. Par tãt aussi dit Origene

368 368 399 38 sur Ezechiel en la .7. homelie q̃ ne suy¬

367 398 397 37 uõs personne/ ⁊ si nous uoulons ensuy

368 427 397 38 uir quelcun/ Iesus Christ nous est mis

368 456 268 39 au deuãt pour lensuyuir.

415 510 317 49 ¶ De leglise. Chap̃.7.

395 573 372 42 ¶ Ie cõfesse une seule eglise/ qui est

366 607 403 35 la congregation de tous les esleuz ⁊ pre

367 633 403 35 destinez qui furent des le cõmencement

368 662 401 38 du monde/ ⁊ serõt iusque a la fin/ de la¬

371 690 303 37 quelle Iesus Christ est le chef.

483 727 284 42 Enoit soit dieu ⁊ le pere

479 762 284 38 de nostre seigneur Iesus

474 794 293 44 Christ qui nous a beneit

368 831 376 39 en toute. Uoyez tout le chapitre.

394 860 373 43 Ainsi quil est ung corps/ ⁊ ice¬

363 894 404 41 luy a plusieurs mẽbres ⁊ tous les

361 927 404 48 mẽbres du corps/ iacoit qͥlz soient

270 728 93 43 Eph.1.a

268 858 90 54 1.cor.12.b

382 738 91 105 B
