<?xml version="1.0" encoding="UTF-8"?>
<alto xmlns:xsi="http://www.w3.org/2001/XMLSchema-instance"
      xmlns="http://www.loc.gov/standards/alto/ns-v4#"
      xsi:schemaLocation="http://www.loc.gov/standards/alto/ns-v4# http://www.loc.gov/standards/alto/v4/alto-4-2.xsd">
  <Description>
    <MeasurementUnit>pixel</MeasurementUnit>
    <sourceImageInformation>
      <fileName>S.45.4.pdf_page_39.png</fileName>
      <fileIdentifier>pdf//S.45.4.pdf</fileIdentifier>
    </sourceImageInformation>
  </Description>
  <Tags>
    <OtherTag ID="BT7" LABEL="CustomZone" DESCRIPTION="block type CustomZone"/><OtherTag ID="BT8" LABEL="DamageZone" DESCRIPTION="block type DamageZone"/><OtherTag ID="BT9" LABEL="DigitizationArtefactZone" DESCRIPTION="block type DigitizationArtefactZone"/><OtherTag ID="BT10" LABEL="DropCapitalZone" DESCRIPTION="block type DropCapitalZone"/><OtherTag ID="BT11" LABEL="GraphicZone" DESCRIPTION="block type GraphicZone"/><OtherTag ID="BT12" LABEL="MainZone" DESCRIPTION="block type MainZone"/><OtherTag ID="BT13" LABEL="MarginTextZone" DESCRIPTION="block type MarginTextZone"/><OtherTag ID="BT14" LABEL="MusicZone" DESCRIPTION="block type MusicZone"/><OtherTag ID="BT15" LABEL="NumberingZone" DESCRIPTION="block type NumberingZone"/><OtherTag ID="BT17" LABEL="QuireMarksZone" DESCRIPTION="block type QuireMarksZone"/><OtherTag ID="BT18" LABEL="RunningTitleZone" DESCRIPTION="block type RunningTitleZone"/><OtherTag ID="BT19" LABEL="SealZone" DESCRIPTION="block type SealZone"/><OtherTag ID="BT20" LABEL="StampZone" DESCRIPTION="block type StampZone"/><OtherTag ID="BT21" LABEL="TableZone" DESCRIPTION="block type TableZone"/><OtherTag ID="BT22" LABEL="TitlePageZone" DESCRIPTION="block type TitlePageZone"/>
    <OtherTag ID="LT7" LABEL="CustomLine" DESCRIPTION="line type CustomLine"/><OtherTag ID="LT8" LABEL="DefaultLine" DESCRIPTION="line type DefaultLine"/><OtherTag ID="LT9" LABEL="DropCapitalLine" DESCRIPTION="line type DropCapitalLine"/><OtherTag ID="LT10" LABEL="HeadingLine" DESCRIPTION="line type HeadingLine"/><OtherTag ID="LT11" LABEL="InterlinearLine" DESCRIPTION="line type InterlinearLine"/><OtherTag ID="LT12" LABEL="MusicLine" DESCRIPTION="line type MusicLine"/><OtherTag ID="LT1262" LABEL="default" DESCRIPTION="line type default"/>
  </Tags>
  <Layout>
    <Page WIDTH="902"
          HEIGHT="1224"
          PHYSICAL_IMG_NR="38"
          ID="eSc_dummypage_">
      <PrintSpace HPOS="0"
                  VPOS="0"
                  WIDTH="902"
                  HEIGHT="1224">
        <TextBlock HPOS="145"
                   VPOS="148"
                   WIDTH="424"
                   HEIGHT="841"
                   ID="eSc_textblock_fd6e230a"
                   TAGREFS="BT12">
          <Shape><Polygon POINTS="151 148 145 970 552 989 569 150"/></Shape>
          <TextLine ID="eSc_line_5d8afb23"
                    TAGREFS="LT8"
                    BASELINE="163 182 557 186" 
                    HPOS="162"
                    VPOS="152"
                    WIDTH="395"
                    HEIGHT="44">
            <Shape><Polygon POINTS="544 154 541 153 525 153 524 153 523 153 516 154 480 159 474 153 473 153 472 153 463 153 462 153 438 158 431 153 430 153 410 152 409 152 390 158 377 155 376 155 375 155 374 155 370 158 351 152 346 152 343 152 316 157 296 153 295 153 294 153 289 157 261 153 260 153 242 157 232 152 231 152 224 152 219 152 205 156 168 156 163 160 163 182 162 187 185 191 186 191 332 190 338 193 339 193 340 193 354 190 385 194 386 194 393 191 397 195 398 195 399 195 425 195 426 196 461 196 461 195 462 195 473 191 481 195 482 195 556 196 557 186 557 160 550 157"/></Shape>
            <String CONTENT="mandement a uous prebstres. Si"
                    HPOS="162"
                    VPOS="152"
                    WIDTH="395"
                    HEIGHT="44"
                    WC="0.9992696523666382"></String>
          </TextLine>
          <TextLine ID="eSc_line_76223bae"
                    TAGREFS="LT8"
                    BASELINE="164 213 559 220" 
                    HPOS="163"
                    VPOS="185"
                    WIDTH="396"
                    HEIGHT="46">
            <Shape><Polygon POINTS="164 213 163 220 216 225 216 225 217 225 231 221 254 227 255 227 282 222 318 222 329 228 330 228 331 228 353 224 375 229 376 229 409 226 412 229 412 229 413 229 414 229 440 230 441 230 480 225 519 225 540 231 540 231 541 231 559 227 559 220 559 197 546 193 545 193 544 193 544 193 531 197 524 193 523 193 523 193 522 193 489 196 482 191 482 190 482 190 481 190 480 190 456 193 439 189 438 189 438 189 437 189 436 189 429 194 418 190 417 190 416 190 416 190 407 195 399 189 398 189 397 189 397 189 363 194 323 187 322 187 295 193 284 187 283 187 282 187 256 192 231 187 230 187 229 187 219 191 200 187 199 187 199 187 191 190 187 186 187 185 187 185 186 185 185 185 164 187 164 213"/></Shape>
            <String CONTENT="uous ne uoulez ouyr ⁊ si uous ne"
                    HPOS="163"
                    VPOS="185"
                    WIDTH="396"
                    HEIGHT="46"
                    WC="0.9915590323507786"></String>
          </TextLine>
          <TextLine ID="eSc_line_b4c770f2"
                    TAGREFS="LT8"
                    BASELINE="160 246 558 252" 
                    HPOS="159"
                    VPOS="218"
                    WIDTH="399"
                    HEIGHT="45">
            <Shape><Polygon POINTS="160 246 159 253 170 258 170 258 171 258 172 258 186 254 191 258 191 258 192 258 193 258 216 255 248 259 249 259 278 255 305 260 306 260 328 257 391 261 392 261 393 261 405 257 425 262 426 262 447 258 497 258 501 262 501 263 502 263 502 263 503 263 504 263 504 263 511 259 557 259 558 252 558 230 538 225 538 225 519 227 514 223 514 223 513 223 512 223 425 227 382 227 370 221 370 221 369 221 368 221 368 221 368 222 362 226 327 226 322 221 322 221 321 221 321 221 320 221 319 221 308 225 293 220 292 220 291 220 291 220 271 225 230 219 229 219 208 224 187 218 187 218 186 218 160 221 160 246"/></Shape>
            <String CONTENT="uoulez prẽdre a coeur pour dõner"
                    HPOS="159"
                    VPOS="218"
                    WIDTH="399"
                    HEIGHT="45"
                    WC="0.9976122817572426"></String>
          </TextLine>
          <TextLine ID="eSc_line_fa5fc750"
                    TAGREFS="LT8"
                    BASELINE="157 279 558 285" 
                    HPOS="157"
                    VPOS="250"
                    WIDTH="401"
                    HEIGHT="47">
            <Shape><Polygon POINTS="157 279 157 288 193 287 206 291 206 291 207 291 236 288 269 292 270 292 270 292 281 289 311 293 312 293 312 293 323 289 346 293 347 293 379 290 391 294 391 294 392 294 414 291 423 295 424 295 425 295 453 292 469 295 470 295 506 292 515 296 516 296 516 297 557 297 558 285 558 263 527 262 521 257 521 256 521 256 520 256 519 256 506 259 480 255 479 255 478 255 465 259 443 255 442 255 442 255 424 260 418 255 418 254 417 254 416 254 416 254 415 254 400 259 379 254 378 254 336 259 331 255 331 254 330 254 329 254 329 254 302 258 291 252 291 252 290 252 289 252 246 257 214 251 213 251 199 254 182 250 182 250 181 250 180 250 175 255 157 252 157 279"/></Shape>
            <String CONTENT="gloire a mõ nom: dit le seigñr des"
                    HPOS="157"
                    VPOS="250"
                    WIDTH="401"
                    HEIGHT="47"
                    WC="0.9999888290961584"></String>
          </TextLine>
          <TextLine ID="eSc_line_393c78af"
                    TAGREFS="LT8"
                    BASELINE="156 312 559 318" 
                    HPOS="155"
                    VPOS="285"
                    WIDTH="404"
                    HEIGHT="44">
            <Shape><Polygon POINTS="156 312 155 318 171 325 172 325 172 325 197 320 218 323 219 323 241 320 256 325 257 325 257 325 273 321 289 327 290 327 291 327 308 327 308 327 309 327 318 322 331 326 331 326 332 326 368 323 379 328 380 328 380 328 435 324 449 329 450 329 451 329 492 325 548 329 549 329 550 329 559 325 559 318 559 295 525 291 524 291 523 291 523 291 516 295 507 290 506 290 506 290 472 294 412 293 407 289 406 289 406 289 405 289 382 293 366 289 365 289 365 289 344 292 338 287 337 287 336 287 336 287 314 291 292 286 291 286 261 291 242 286 242 286 241 286 217 290 199 285 198 285 197 285 178 289 156 286 156 312"/></Shape>
            <String CONTENT="exercites. Ie enuoyeray paourete"
                    HPOS="155"
                    VPOS="285"
                    WIDTH="404"
                    HEIGHT="44"
                    WC="0.9980934616178274"></String>
          </TextLine>
          <TextLine ID="eSc_line_5613a21f"
                    TAGREFS="LT8"
                    BASELINE="157 344 559 351" 
                    HPOS="157"
                    VPOS="316"
                    WIDTH="402"
                    HEIGHT="47">
            <Shape><Polygon POINTS="157 350 181 357 182 357 182 357 183 357 191 352 210 356 210 356 229 352 246 358 247 358 248 358 248 358 261 353 266 358 266 359 267 359 268 359 268 359 289 354 345 360 346 360 346 360 355 355 359 359 360 359 361 359 361 359 389 357 413 361 414 362 434 362 434 361 435 361 436 361 440 357 448 362 449 362 450 362 502 358 531 362 532 362 533 362 533 362 537 359 542 363 542 363 543 363 544 363 544 363 559 358 559 351 559 327 531 323 531 323 530 323 523 327 516 323 516 323 515 323 495 327 490 323 489 323 489 323 463 323 462 323 461 323 451 326 447 322 446 322 446 321 446 321 445 321 444 321 383 325 374 320 374 320 373 320 345 324 336 320 335 320 334 320 283 323 277 319 276 319 276 319 275 319 274 319 274 319 269 323 232 323 193 316 193 316 168 320 158 317 157 344 157 350"/></Shape>
            <String CONTENT="en uous ⁊ mauldiray uoz benedi"
                    HPOS="157"
                    VPOS="316"
                    WIDTH="402"
                    HEIGHT="47"
                    WC="0.9887502630551656"></String>
          </TextLine>
          <TextLine ID="eSc_line_b4cea9e3"
                    TAGREFS="LT8"
                    BASELINE="158 376 559 384" 
                    HPOS="157"
                    VPOS="350"
                    WIDTH="402"
                    HEIGHT="47">
            <Shape><Polygon POINTS="158 376 157 383 170 387 171 387 172 387 227 386 233 391 234 391 234 391 235 391 236 391 251 386 265 391 266 391 267 391 268 391 284 386 299 391 300 391 301 391 302 391 312 388 333 393 333 393 334 393 381 390 399 395 400 395 441 395 442 395 442 395 453 391 460 396 461 396 461 396 462 396 480 393 491 397 491 397 529 397 530 397 558 391 559 384 559 362 554 359 553 359 553 359 552 359 551 359 550 359 546 363 540 358 540 358 539 358 538 358 538 358 529 363 524 359 523 359 523 359 522 359 495 362 488 357 487 357 487 357 486 357 485 357 477 361 431 357 430 357 392 360 382 354 381 354 380 354 380 354 374 357 358 354 357 354 331 359 291 354 291 354 272 357 259 352 258 352 257 352 257 352 244 357 230 352 229 352 229 352 228 352 220 355 216 351 215 351 214 351 190 350 189 350 158 354 158 376"/></Shape>
            <String CONTENT="ctiõs/ ⁊ les mauldiray pour ce que"
                    HPOS="157"
                    VPOS="350"
                    WIDTH="402"
                    HEIGHT="47"
                    WC="0.9962350913456508"></String>
          </TextLine>
          <TextLine ID="eSc_line_7a6bb520"
                    TAGREFS="LT8"
                    BASELINE="157 408 496 416" 
                    HPOS="156"
                    VPOS="383"
                    WIDTH="340"
                    HEIGHT="46">
            <Shape><Polygon POINTS="157 408 156 416 166 420 167 420 168 420 214 420 218 422 218 423 219 423 219 423 220 423 221 423 235 419 240 423 240 424 240 424 241 424 242 424 292 422 299 425 300 425 301 425 302 425 316 422 346 426 347 426 382 422 495 429 496 416 496 397 453 396 441 391 440 391 440 391 439 391 432 395 372 394 367 388 367 388 366 388 365 388 365 388 364 388 354 393 327 386 326 386 325 386 306 392 297 386 297 386 296 386 295 386 295 386 278 391 268 385 267 385 266 385 265 385 254 391 214 384 213 384 184 388 176 383 176 383 175 383 174 383 157 385 157 408"/></Shape>
            <String CONTENT="ne lauez point prins a coeur."
                    HPOS="156"
                    VPOS="383"
                    WIDTH="340"
                    HEIGHT="46"
                    WC="0.9998530026139885"></String>
          </TextLine>
          <TextLine ID="eSc_line_87acfb5e"
                    TAGREFS="LT8"
                    BASELINE="189 442 433 450 555 451" 
                    HPOS="187"
                    VPOS="413"
                    WIDTH="367"
                    HEIGHT="50">
            <Shape><Polygon POINTS="188 441 187 452 552 463 554 450 553 423 482 426 188 413 188 441"/></Shape>
            <String CONTENT="Pour ce que ce peuple icy appro"
                    HPOS="187"
                    VPOS="413"
                    WIDTH="367"
                    HEIGHT="50"
                    WC="0.977516399275872"></String>
          </TextLine>
          <TextLine ID="eSc_line_dc65ee43"
                    TAGREFS="LT8"
                    BASELINE="157 474 555 483" 
                    HPOS="156"
                    VPOS="447"
                    WIDTH="399"
                    HEIGHT="47">
            <Shape><Polygon POINTS="157 474 156 480 172 486 173 486 174 486 207 482 227 488 227 488 228 488 267 484 312 486 316 490 316 490 317 490 318 490 319 490 333 486 363 490 363 490 364 490 377 486 390 491 391 491 391 491 392 491 393 491 393 490 397 486 409 492 410 492 432 493 433 493 521 489 527 494 528 494 529 494 529 494 555 489 555 483 555 458 525 455 525 455 524 455 523 455 518 460 502 460 480 454 479 454 478 454 478 454 463 459 442 453 441 453 440 453 440 453 439 453 439 454 435 458 404 458 382 452 382 452 381 452 372 456 343 456 336 450 335 450 334 450 333 450 333 450 314 455 278 449 278 449 251 454 246 449 246 448 245 448 244 448 244 448 219 452 212 448 212 448 211 448 210 448 210 448 195 452 188 447 187 447 187 447 186 447 157 450 157 474"/></Shape>
            <String CONTENT="che de sa bouche/ ⁊ me glorifie de"
                    HPOS="156"
                    VPOS="447"
                    WIDTH="399"
                    HEIGHT="47"
                    WC="0.9951042620574727"></String>
          </TextLine>
          <TextLine ID="eSc_line_86aabcec"
                    TAGREFS="LT8"
                    BASELINE="155 507 553 516" 
                    HPOS="154"
                    VPOS="479"
                    WIDTH="399"
                    HEIGHT="49">
            <Shape><Polygon POINTS="155 507 154 516 165 520 166 520 167 520 168 520 168 520 175 514 261 519 262 519 331 518 369 524 370 525 386 525 386 524 387 524 387 524 387 524 393 520 429 520 473 527 474 527 518 524 523 528 523 528 524 528 525 528 552 523 553 516 553 494 542 487 541 487 540 487 491 486 491 486 490 486 489 486 480 493 461 493 441 488 440 488 440 488 439 488 439 489 436 492 374 491 358 483 357 483 357 483 322 487 317 483 317 482 316 482 316 482 300 482 299 482 299 482 298 482 289 489 278 489 262 482 261 482 244 482 244 482 243 482 242 482 235 487 225 480 225 480 224 480 191 480 190 480 189 480 189 480 189 480 185 484 172 479 171 479 170 479 155 480 155 507"/></Shape>
            <String CONTENT="ses leures/ mais son coeur est loĩg"
                    HPOS="154"
                    VPOS="479"
                    WIDTH="399"
                    HEIGHT="49"
                    WC="0.9990825255711874"></String>
          </TextLine>
          <TextLine ID="eSc_line_dda672fd"
                    TAGREFS="LT8"
                    BASELINE="155 539 554 548" 
                    HPOS="154"
                    VPOS="514"
                    WIDTH="400"
                    HEIGHT="45">
            <Shape><Polygon POINTS="155 539 154 546 205 547 222 553 223 553 223 553 244 550 246 553 246 553 246 554 247 554 248 554 248 554 307 550 327 554 327 554 328 554 337 550 351 556 351 556 352 556 367 552 370 556 370 556 370 556 371 556 372 556 372 556 402 552 409 557 410 557 410 557 411 557 412 557 421 554 444 558 445 558 446 558 446 558 451 554 470 558 471 558 472 558 472 558 473 558 478 554 491 559 492 559 493 559 553 554 554 548 553 522 529 527 517 522 516 522 516 522 515 522 502 527 495 521 494 521 493 521 493 521 468 526 463 521 463 520 462 520 461 520 461 520 433 525 412 521 411 521 410 521 404 524 400 520 400 519 399 519 399 519 398 519 371 524 348 518 348 518 347 518 310 522 297 519 296 519 295 519 282 522 268 516 267 516 266 516 240 520 196 519 187 514 186 514 185 514 155 517 155 539"/></Shape>
            <String CONTENT="de moy/ ⁊ me ont crainct par le mã"
                    HPOS="154"
                    VPOS="514"
                    WIDTH="400"
                    HEIGHT="45"
                    WC="0.9855713077953884"></String>
          </TextLine>
          <TextLine ID="eSc_line_caf4d16a"
                    TAGREFS="LT8"
                    BASELINE="154 573 553 580" 
                    HPOS="153"
                    VPOS="546"
                    WIDTH="400"
                    HEIGHT="45">
            <Shape><Polygon POINTS="154 573 153 583 171 580 191 585 191 585 192 585 193 585 208 581 259 581 278 586 278 586 279 586 280 586 293 582 297 586 298 586 299 586 299 586 333 583 343 588 344 588 344 588 345 588 356 584 376 588 377 588 433 585 444 590 444 590 445 590 478 587 480 590 481 590 481 590 482 590 482 590 483 590 506 586 516 591 517 591 518 591 553 586 553 580 553 558 518 559 508 552 508 552 507 552 506 552 506 552 505 552 497 558 455 558 445 552 444 552 444 552 443 552 442 552 431 557 393 554 392 554 379 556 357 550 356 550 355 550 355 550 354 550 354 551 348 556 336 556 310 549 310 549 309 549 265 553 251 548 251 548 250 548 230 552 220 547 219 547 219 547 218 547 202 552 195 548 194 548 193 548 154 546 154 573"/></Shape>
            <String CONTENT="demẽt des hõmes ⁊ par leurs do¬"
                    HPOS="153"
                    VPOS="546"
                    WIDTH="400"
                    HEIGHT="45"
                    WC="0.9935798464399396"></String>
          </TextLine>
          <TextLine ID="eSc_line_1a50f010"
                    TAGREFS="LT8"
                    BASELINE="155 605 554 613" 
                    HPOS="155"
                    VPOS="580"
                    WIDTH="399"
                    HEIGHT="46">
            <Shape><Polygon POINTS="155 605 155 612 174 613 178 618 178 618 179 618 180 618 180 618 181 618 189 614 193 617 194 617 195 617 195 617 227 614 241 620 242 620 242 620 284 616 299 622 300 622 301 622 366 617 390 618 394 622 394 623 395 623 395 623 396 623 397 623 412 619 422 624 423 624 475 624 476 624 476 624 486 620 504 620 516 626 517 626 518 626 553 620 554 613 553 586 487 592 461 592 455 586 455 585 455 585 454 585 453 585 453 585 435 590 421 587 420 587 419 587 419 587 410 590 391 590 382 584 382 584 381 584 380 584 380 584 379 584 379 585 374 589 364 583 363 583 363 583 348 583 348 583 347 583 346 583 341 588 336 583 336 582 336 582 335 582 334 582 265 588 238 587 231 581 230 581 229 581 229 581 228 581 209 586 200 580 199 580 199 580 176 580 175 580 174 580 155 585 155 605"/></Shape>
            <String CONTENT="ctrines: pourtãt uoicy ie feray tel¬"
                    HPOS="155"
                    VPOS="580"
                    WIDTH="399"
                    HEIGHT="46"
                    WC="0.9953386654724946"></String>
          </TextLine>
          <TextLine ID="eSc_line_ecef803a"
                    TAGREFS="LT8"
                    BASELINE="155 637 552 645" 
                    HPOS="155"
                    VPOS="613"
                    WIDTH="397"
                    HEIGHT="45">
            <Shape><Polygon POINTS="155 637 155 643 189 650 189 650 214 646 237 652 238 652 238 652 285 647 304 654 305 654 306 654 306 654 319 648 324 652 325 652 325 652 326 652 327 652 340 648 352 655 353 655 353 655 354 655 380 652 385 656 386 656 387 656 425 656 426 656 427 656 427 656 431 653 453 657 453 657 479 654 484 658 485 658 485 658 486 658 551 652 552 645 552 625 495 624 486 619 485 619 485 619 484 619 483 619 477 624 453 624 425 623 418 617 417 617 416 617 416 617 415 617 399 622 387 616 387 616 386 616 385 616 376 621 353 616 353 616 352 616 351 616 345 621 323 621 306 616 305 616 304 616 304 616 293 619 289 615 289 614 288 614 287 614 287 614 262 619 234 619 222 613 221 613 155 613 155 637"/></Shape>
            <String CONTENT="lemẽt que de rechief feray esmer¬"
                    HPOS="155"
                    VPOS="613"
                    WIDTH="397"
                    HEIGHT="45"
                    WC="0.9998183776350582"></String>
          </TextLine>
          <TextLine ID="eSc_line_cd070469"
                    TAGREFS="LT8"
                    BASELINE="155 670 555 679" 
                    HPOS="154"
                    VPOS="644"
                    WIDTH="401"
                    HEIGHT="45">
            <Shape><Polygon POINTS="155 670 154 679 176 677 184 682 185 682 185 682 186 683 210 683 210 682 246 679 263 684 263 684 264 684 283 680 308 685 309 685 338 681 350 686 351 686 351 686 352 686 361 682 389 682 392 685 392 686 393 686 393 686 394 686 428 683 493 689 493 689 554 686 555 679 554 652 510 656 501 656 496 651 496 650 495 650 495 650 494 650 457 654 408 654 402 649 401 649 400 649 399 649 399 649 398 649 392 653 349 653 342 647 342 647 341 647 340 647 312 652 292 647 291 647 291 647 290 647 281 651 274 648 273 648 272 648 226 649 220 644 219 644 219 644 218 644 155 648 155 670"/></Shape>
            <String CONTENT="ueiller ce peuple par merueille grã"
                    HPOS="154"
                    VPOS="644"
                    WIDTH="401"
                    HEIGHT="45"
                    WC="0.9951417114999559"></String>
          </TextLine>
          <TextLine ID="eSc_line_b03f9d20"
                    TAGREFS="LT8"
                    BASELINE="155 702 393 705" 
                    HPOS="154"
                    VPOS="675"
                    WIDTH="239"
                    HEIGHT="39">
            <Shape><Polygon POINTS="155 702 154 709 391 714 393 705 393 686 365 679 344 679 343 679 342 679 331 684 325 680 325 680 324 680 323 680 323 680 322 680 317 684 280 680 280 680 279 680 263 684 251 677 251 677 250 677 249 677 226 682 216 677 215 677 214 677 214 677 200 682 182 676 182 676 155 675 155 702"/></Shape>
            <String CONTENT="de et espouentable."
                    HPOS="154"
                    VPOS="675"
                    WIDTH="239"
                    HEIGHT="39"
                    WC="0.9650141471310666"></String>
          </TextLine>
          <TextLine ID="eSc_line_059c7dc6"
                    TAGREFS="LT8"
                    BASELINE="185 735 550 745" 
                    HPOS="183"
                    VPOS="706"
                    WIDTH="366"
                    HEIGHT="51">
            <Shape><Polygon POINTS="184 734 183 741 276 744 302 752 303 752 304 752 305 752 330 746 361 746 366 753 367 753 367 754 368 754 369 754 370 754 371 754 382 749 415 755 416 755 417 755 418 755 425 749 460 756 461 757 548 757 549 744 549 715 184 706 184 734"/></Shape>
            <String CONTENT="Et uous pourquoy trãsgressez"
                    HPOS="183"
                    VPOS="706"
                    WIDTH="366"
                    HEIGHT="51"
                    WC="0.9994642508441004"></String>
          </TextLine>
          <TextLine ID="eSc_line_b4c72e2f"
                    TAGREFS="LT8"
                    BASELINE="153 768 553 777" 
                    HPOS="152"
                    VPOS="739"
                    WIDTH="401"
                    HEIGHT="47">
            <Shape><Polygon POINTS="153 768 152 777 170 778 170 778 171 778 172 778 178 774 188 779 189 779 189 779 190 779 200 775 209 779 210 779 210 779 238 775 295 782 296 782 324 777 365 783 365 783 366 783 367 783 372 779 388 784 389 784 438 784 439 784 440 784 448 781 469 786 470 786 552 784 553 777 552 753 512 754 506 749 506 748 505 748 504 748 484 748 483 748 482 748 482 748 482 748 476 754 468 754 457 747 456 747 455 747 455 747 454 747 437 752 390 752 368 745 368 745 367 745 366 745 355 751 344 748 344 748 343 748 325 750 317 746 316 746 316 746 315 746 309 750 303 744 303 743 302 743 302 743 301 743 278 749 270 743 270 743 269 743 268 743 268 743 252 748 239 741 238 741 222 741 221 741 221 741 220 741 212 748 204 741 204 741 203 741 202 741 202 741 201 741 193 747 182 740 182 740 181 740 153 739 153 768"/></Shape>
            <String CONTENT="uous le commandement de Dieu"
                    HPOS="152"
                    VPOS="739"
                    WIDTH="401"
                    HEIGHT="47"
                    WC="0.9992600764547076"></String>
          </TextLine>
          <TextLine ID="eSc_line_38f9dd40"
                    TAGREFS="LT8"
                    BASELINE="153 801 425 805" 
                    HPOS="152"
                    VPOS="773"
                    WIDTH="273"
                    HEIGHT="45">
            <Shape><Polygon POINTS="153 801 152 813 172 814 173 814 174 814 189 809 248 809 254 814 254 815 255 815 255 815 266 816 267 816 268 816 268 816 276 810 313 810 340 816 376 817 376 817 377 817 388 813 392 817 393 817 393 817 394 818 413 818 413 817 414 817 425 811 425 805 425 782 385 782 381 779 381 778 380 778 380 778 379 778 378 778 372 781 358 775 357 775 357 775 356 775 336 781 282 780 276 775 276 774 275 774 274 774 261 773 261 773 244 777 217 773 216 773 216 773 199 779 153 773 153 801"/></Shape>
            <String CONTENT="pour uostre tradition?"
                    HPOS="152"
                    VPOS="773"
                    WIDTH="273"
                    HEIGHT="45"
                    WC="0.9911295121366327"></String>
          </TextLine>
          <TextLine ID="eSc_line_cdfd4cd1"
                    TAGREFS="LT8"
                    BASELINE="178 835 301 837 545 846" 
                    HPOS="176"
                    VPOS="802"
                    WIDTH="367"
                    HEIGHT="57">
            <Shape><Polygon POINTS="239 802 177 807 176 839 207 849 230 842 237 849 297 844 315 852 384 854 390 848 402 855 424 850 452 857 481 850 535 859 543 852 542 813 528 818 434 806 424 817 394 817 382 807 331 813 260 811 249 802 239 802"/></Shape>
            <String CONTENT="Malheur a ceulx qui font les"
                    HPOS="176"
                    VPOS="802"
                    WIDTH="367"
                    HEIGHT="57"
                    WC="0.9857925921678543"></String>
          </TextLine>
          <TextLine ID="eSc_line_8a85663e"
                    TAGREFS="LT8"
                    BASELINE="155 865 546 876" 
                    HPOS="154"
                    VPOS="839"
                    WIDTH="392"
                    HEIGHT="49">
            <Shape><Polygon POINTS="155 865 154 875 177 875 187 880 187 880 188 880 189 880 189 880 199 877 204 880 204 881 204 881 205 881 206 881 227 876 252 882 253 882 253 882 254 882 270 877 285 881 286 881 300 878 316 884 316 884 317 884 344 880 350 885 351 885 351 885 352 885 453 884 475 888 476 888 546 886 546 876 546 852 523 856 499 856 496 851 495 851 495 850 495 850 494 850 493 850 473 854 464 848 463 848 463 848 462 848 461 848 461 848 453 854 420 848 419 848 419 848 408 852 404 847 404 847 403 847 402 847 387 846 386 846 385 846 385 846 375 852 351 852 335 851 327 845 326 845 325 845 325 845 303 849 296 844 295 844 295 844 294 844 258 848 246 842 245 842 244 842 211 847 193 841 192 841 155 839 155 865"/></Shape>
            <String CONTENT="loix iniques/ ⁊ en escripuant ont"
                    HPOS="154"
                    VPOS="839"
                    WIDTH="392"
                    HEIGHT="49"
                    WC="0.9799317446621981"></String>
          </TextLine>
          <TextLine ID="eSc_line_46282564"
                    TAGREFS="LT8"
                    BASELINE="156 899 544 908" 
                    HPOS="155"
                    VPOS="873"
                    WIDTH="389"
                    HEIGHT="47">
            <Shape><Polygon POINTS="156 899 155 910 185 909 207 913 208 913 208 913 209 913 215 909 232 914 233 914 234 914 234 914 235 914 241 910 265 913 266 913 267 913 274 911 278 915 278 915 279 915 280 915 280 915 301 911 312 915 312 915 313 915 330 913 336 917 337 917 338 917 338 917 381 914 400 918 542 920 544 908 544 888 523 888 512 880 512 880 511 880 510 880 510 880 509 880 500 887 487 887 463 886 453 880 453 880 452 880 451 880 451 880 450 880 450 881 444 885 419 881 418 881 388 884 382 879 382 878 382 878 381 878 380 878 380 878 362 882 331 879 330 879 329 879 323 881 306 875 306 875 305 875 274 879 265 875 265 875 264 875 263 875 263 875 255 880 246 874 245 874 244 874 244 874 243 874 234 878 228 874 227 874 227 874 203 873 202 873 202 873 190 877 185 873 184 873 183 873 182 873 156 876 156 899"/></Shape>
            <String CONTENT="escript iniustice: poͬ opprimer les"
                    HPOS="155"
                    VPOS="873"
                    WIDTH="389"
                    HEIGHT="47"
                    WC="0.9952943120683942"></String>
          </TextLine>
          <TextLine ID="eSc_line_1e53e4b1"
                    TAGREFS="LT8"
                    BASELINE="156 932 544 941" 
                    HPOS="155"
                    VPOS="907"
                    WIDTH="389"
                    HEIGHT="45">
            <Shape><Polygon POINTS="156 932 155 940 462 951 463 951 463 951 477 947 480 950 480 951 481 951 482 951 518 952 519 952 543 948 544 941 542 915 525 919 516 914 515 914 514 914 462 918 449 914 448 914 448 914 391 915 379 911 378 911 378 911 351 915 329 915 324 910 324 909 323 909 323 909 291 909 290 909 289 909 280 913 276 909 275 909 274 909 274 909 253 912 240 908 239 908 238 908 189 910 156 907 156 932"/></Shape>
            <String CONTENT="paoures en iugemẽt: ⁊ pour faire"
                    HPOS="155"
                    VPOS="907"
                    WIDTH="389"
                    HEIGHT="45"
                    WC="0.9953521706841209"></String>
          </TextLine>
          <TextLine ID="eSc_line_7b337c40"
                    TAGREFS="LT8"
                    BASELINE="157 964 543 974" 
                    HPOS="156"
                    VPOS="937"
                    WIDTH="387"
                    HEIGHT="52">
            <Shape><Polygon POINTS="157 964 156 975 206 975 214 980 215 980 216 980 216 980 217 980 233 976 240 982 240 982 241 982 259 983 260 983 299 981 337 985 338 985 338 985 347 981 355 985 355 985 356 985 357 985 363 981 372 985 373 985 374 985 374 985 375 985 381 981 406 986 407 986 408 986 419 981 433 987 434 987 435 987 465 982 474 988 475 988 476 988 476 989 491 989 491 988 491 988 492 988 492 988 497 983 542 988 543 974 543 950 517 946 516 946 493 950 481 945 480 945 480 945 421 948 414 943 414 943 414 943 413 943 412 943 389 947 367 947 359 941 358 941 357 941 357 941 313 945 287 945 280 939 280 939 279 939 278 939 242 943 208 937 208 937 157 939 157 964"/></Shape>
            <String CONTENT="uiolẽce a la cause des humbles de"
                    HPOS="156"
                    VPOS="937"
                    WIDTH="387"
                    HEIGHT="52"
                    WC="0.9991102604305043"></String>
          </TextLine>
        </TextBlock>
        <TextBlock HPOS="396"
                   VPOS="977"
                   WIDTH="84"
                   HEIGHT="47"
                   ID="eSc_textblock_0a2890ea"
                   TAGREFS="BT17">
          <Shape><Polygon POINTS="396 977 396 1024 480 1024 480 977"/></Shape>
          <TextLine ID="eSc_line_6691484d"
                    TAGREFS="LT8"
                    BASELINE="402 1007 460 1007" 
                    HPOS="402"
                    VPOS="978"
                    WIDTH="58"
                    HEIGHT="45">
            <Shape><Polygon POINTS="402 1016 415 1023 416 1023 448 1017 458 1023 460 1007 459 981 429 982 413 978 412 978 411 978 402 981 402 1007"/></Shape>
            <String CONTENT="C .iii."
                    HPOS="402"
                    VPOS="978"
                    WIDTH="58"
                    HEIGHT="45"
                    WC="0.9440549952643258"></String>
          </TextLine>
        </TextBlock>
        <TextBlock HPOS="556"
                   VPOS="421"
                   WIDTH="95"
                   HEIGHT="52"
                   ID="eSc_textblock_8d9aa78a"
                   TAGREFS="BT13">
          <Shape><Polygon POINTS="558 421 556 473 651 473 651 421"/></Shape>
          <TextLine ID="eSc_line_094c37d7"
                    TAGREFS="LT8"
                    BASELINE="558 451 645 451" 
                    HPOS="557"
                    VPOS="415"
                    WIDTH="87"
                    HEIGHT="60">
            <Shape><Polygon POINTS="557 467 588 475 589 475 644 472 644 450 644 420 631 417 630 417 629 417 628 417 613 423 585 415 584 415 583 415 582 415 557 423 557 450"/></Shape>
            <String CONTENT="esai.29.d"
                    HPOS="557"
                    VPOS="415"
                    WIDTH="87"
                    HEIGHT="60"
                    WC="0.983999060259925"></String>
          </TextLine>
        </TextBlock>
        <TextBlock HPOS="554"
                   VPOS="719"
                   WIDTH="91"
                   HEIGHT="48"
                   ID="eSc_textblock_fd492d75"
                   TAGREFS="BT13">
          <Shape><Polygon POINTS="554 719 554 767 645 767 645 719"/></Shape>
          <TextLine ID="eSc_line_0e5e03c4"
                    TAGREFS="LT8"
                    BASELINE="558 746 642 748" 
                    HPOS="556"
                    VPOS="719"
                    WIDTH="85"
                    HEIGHT="43">
            <Shape><Polygon POINTS="556 757 639 762 641 747 640 724 557 719 557 745"/></Shape>
            <String CONTENT="mat.15.a"
                    HPOS="556"
                    VPOS="719"
                    WIDTH="85"
                    HEIGHT="43"
                    WC="0.9996897727251053"></String>
          </TextLine>
        </TextBlock>
        <TextBlock HPOS="549"
                   VPOS="821"
                   WIDTH="93"
                   HEIGHT="47"
                   ID="eSc_textblock_78105bf8"
                   TAGREFS="BT13">
          <Shape><Polygon POINTS="549 864 551 821 636 821 642 868"/></Shape>
          <TextLine ID="eSc_line_6926840c"
                    TAGREFS="LT8"
                    BASELINE="553 846 638 849" 
                    HPOS="550"
                    VPOS="809"
                    WIDTH="87"
                    HEIGHT="55">
            <Shape><Polygon POINTS="550 858 635 864 637 848 637 824 612 824 583 809 582 809 581 809 552 813 552 845"/></Shape>
            <String CONTENT="Esa.10.a"
                    HPOS="550"
                    VPOS="809"
                    WIDTH="87"
                    HEIGHT="55"
                    WC="0.979560136795044"></String>
          </TextLine>
        </TextBlock>
      </PrintSpace>
    </Page>
  </Layout>
</alto>
