900 1224
348 127 409 42 S. Cyprian contre Demetrian au pre¬

346 160 412 39 mier traicte. Itẽ S. Gregoire au p̃mier

348 189 371 34 liure sur Ezechiel en la .7. homelie.

383 219 374 38 Les textes de lescripture saĩcte/ ⁊ les

349 247 408 37 docteurs icy dessus produyctz mõstrent

351 278 402 36 que lhõme est iustifie par la seule foy en

353 306 406 36 Iesus Christ: et non par les oeuures de

351 335 409 36 quelcõque loy/ soit diuine ou humaine:

353 363 408 37 Car S. Paul ⁊ lescripture ne faict pas

353 393 408 36 de difference des loix: quand il dit q̃ lhõ

352 422 411 38 me est iustifie par la seule foy: mais dit

354 450 408 40 simplement que par la loy on nest point

354 480 409 42 iustifie. Et que ainsi soit S. August. au

353 510 410 38 liure de la lettre ⁊ de lesperit.12. ⁊. 13. cha.

353 538 411 40 assez clairemẽt lexplique ainsi cõcluãt.

353 569 411 38 Parquoy donc considerant ces choses

353 596 414 39 icy/ ⁊ les traictant selon les puissances

356 625 414 40 que le seigneur nous a dõne/ nous trou¬

356 654 412 38 uons que lhõme nest pas iustifie par les

357 683 411 38 cõmandementz de bõne uie: sinon par la

361 711 407 43 foy de Iesus Christ: cest adire/ nõ point

359 741 406 41 par la loy des oeuures/ mais par la loy

359 771 408 40 de la foy: non point par la lettre/ mais

359 799 409 42 par lesperit: non point par les merites

354 830 414 41 des sainctz/ mais par grace donnee pour

361 856 406 47 neant ⁊c. Et qui plus est Origene sur

359 886 411 42 lepistre aux Rom̃. au .3. liure au .3. chap̃.

359 915 411 49 dit en ceste forme. Maintenãt Lapostre

256 488 89 36 August.

277 869 78 38 Orige.
