902 1224
190 110 384 53 ne te oyt: prẽs auec toy ẽcores ung

191 146 382 48 ou deux: affin que en la bouche de

189 178 385 49 deux ou troys tesmoĩgs soit ferme

188 208 385 51 toute parolle. Mais sil ne oyt poĩt

188 240 384 51 iceux/ dis le a leglise. Et sil ne oyt

191 274 383 50 point leglise: il te soit cõme infide¬

191 316 205 40 le ⁊ publicain ⁊c.

211 338 361 52 Moy certes absẽt de corps: mais

191 372 381 50 p̃sent desperit/ ay desia deslibere cõ

191 406 387 48 me present apres q̃ serez assemblez

189 440 391 44 auec mõ esperit au nom de nr̃e sei¬

190 472 389 45 gneur Iesꝰ Christ/ auec la puissan

189 506 392 44 ce de nr̃e seigñr Iesꝰ: de bailler cest

188 538 392 45 hõme (qͥ a ainsi cõmis cest oeuure)

190 572 385 43 a satã en tourmẽt de la chair: affin

198 604 384 43 q̃ son esperit soit sauue au iour de

192 635 390 47 nr̃e seigñr Iesꝰ Christ. Itẽ ung

193 670 392 43 peu apres. Se celuy qui est nõme

192 703 393 40 frere entre uoꝰ est fornicateur/ ou

191 735 392 42 auaricieux/ ou seruãt aux ydoles/

193 769 391 40 ou mal disãt/ ou yurõgne/ ou ra¬

194 801 383 42 uisseur: ne mãgez poĩt auec celuy qͥ

196 838 359 39 est tel ⁊c. Lisez tout le chapitre.

211 864 364 42 Si aucũ ne obeit a nr̃e ꝑolle par

194 900 381 55 ceste epistre: notez le/ ⁊ ne cõuersez

436 944 74 40 I .iii.

580 328 84 53 1.corĩ.5.b

580 373 84 62 2.cor.2.b

581 861 86 54 2.thessa¬

582 904 51 41 lo.3.c
