902 1224
151 141 397 38 aura ne Iob/ ne Daniel/ ne Noe/ qͥ puis

151 171 399 37 sent prier poͬ aucun: mais fauldra ung

149 200 401 39 chascun porter son fardeau. Et quãd ad

146 230 404 36 ce que aucuns alleguẽt au Psalme .67.

146 259 404 38 que les sainctz sõt les mõtaignes esq̃l¬

142 287 412 39 les nous debuons auoir recours. S. Au

147 317 402 39 gustin en la .2. quinquagesime/ au Psal

142 345 412 38 me .67. Et S. Hierosme au .4. tome en

143 374 407 40 lhomelie de Aug. des pasteurs. Iay esle

144 405 405 39 ue mes yeulx aux mõtaignes dont me

144 433 404 40 uiendra ayde/ ilz demonstrẽt que nostre

142 462 404 39 ayde nest poĩt des mõtaignes ce que au¬

142 493 405 38 cuns ont entendu des sainctz: mais du

144 518 402 43 seigñr qui a faict le ciel ⁊ la terre/ cõme

142 550 402 39 le texte le mõstre ⁊ amplemẽt le deduy¬

142 578 404 40 sent les susdictz docteurs: ⁊ pourtant ie

143 606 401 40 croy que ainsi que nous ne auõs q̃ ung

144 634 402 40 seul dieu aussi nauõs nous q̃ ung seul

140 665 407 39 mediateur ⁊ aduocat Iesus Christ. 1.Ti

142 692 405 42 mo.2.b. Item de ce q̃ aucuns font simi¬

140 722 407 38 litude dung maistre des requestes en la

140 749 403 42 court des Roix/ ladicte similitude est si

140 777 405 43 impropre quelle na q̃ faire de responce.

140 809 405 38 Car entre dieu ⁊ les hõmes il nya point

140 834 407 46 de cõparaison. Dõt Roffense docteur ⁊

142 867 400 41 euesque en Angleterre reiecte cela cõme

143 894 283 42 mocquerie ⁊ raison friuole.

554 276 85 57 S. Aug.

554 344 84 38 S. Hiero.

547 661 90 50 1.tim̃.2.b

547 836 84 47 Roffẽse.

410 935 57 42 B
