900 1224
361 141 356 46 ¶ Du S. Esperit. Chap̃.3.

365 199 375 51 ¶ Ie confesse que le sainct esperit est

337 236 404 42 nostre cõsolateur/ par linspiration duq̃l

338 266 403 40 nous faisons prieres: ⁊ auons cõgnois¬

341 293 400 41 sance de toute uerite/ lequel aussi (sans

341 324 403 37 noꝰ) faict toutes bõnes choses en nous.

453 365 297 45 E sainct esperit le cõsola

458 405 292 37 teur leq̃l le pere enuoyera

457 433 290 45 en mon nom: iceluy uous

344 467 407 46 enseignera toutes choses/ ⁊ uoꝰ re

344 499 409 47 duyra en memoire toutes les cho¬

347 534 380 45 ses lesquelles ie uous ay dittes.

378 563 370 44 Et ie prieray mõ pere/ ⁊ il uoꝰ

347 597 409 47 dõnera lautre cõsolateur pour de¬

347 631 409 42 mourer auec uous eternellement/

351 658 408 49 qui est lesperit de uerite/ lequel le

351 694 408 43 monde ne peult receuoir: car il ne

351 723 406 51 le uoit point ⁊ si ne le congnoist

352 759 404 48 point: mais uous le congnoistrez.

352 789 406 54 Car il demourera auec uous ⁊ se¬

353 833 155 39 ra en uous.

369 856 391 49 Nous ne scauons point quelle

351 888 410 50 chose nous debuons prier cõme il

349 920 410 57 appartient: mais lesperit mesme

248 378 94 45 Ioã.14.d

258 589 93 43 Ioã.14.b

256 873 87 48 Ro.8.e

356 375 93 108 L
