900 1224
388 127 416 47 estoit du droit diuin ⁊ q̃ nous y fussions

388 161 404 40 obligez/ la glosse sur le Decret de peni.

388 187 405 44 ⁊ remiss. Laq̃lle aussi ensuyt Panorme

388 220 404 40 grand canoniste/ et Armachanus sur le

388 248 403 37 quart des sentences/ et Tho. Caietanus

388 277 402 40 Cardinal: en son liure appelle Iẽctacu¬

388 304 403 41 lum/ ⁊ plusieurs aultres grãs docteurs/

388 336 406 37 ne eussent point escript quelle estoit du

386 365 409 38 droit humain ꝑ certaine eglise muentee.

385 394 411 37 Laquelle sentence nous auõs ueu souste

385 424 410 37 nir plusieurs foys en nostre escole de la

386 453 406 37 Sorbone. Mais aussi a quoy nous ser¬

383 482 410 36 uiroit ceste cõfession auriculaire: ueu qͥl

383 512 409 36 ny a que ung seul dieu qui pardõne les

384 544 406 32 pechez/ cõe noꝰ auõs mõstre au chap̃.15.

383 566 408 36 de la remission et satisfactiõ des pechez.

383 600 411 32 Et aussi cõme dit S. Cyprian: Le serui¬

385 628 407 36 teur ne peult pardonner ce qui est cõmis

386 657 406 36 cõtre le seigneur. Pour ce donc gardõs

389 683 403 40 nous bien de uouloir imposer sur les cõ

390 711 399 42 sciences aultres/ fardeaulx que ceulx

386 745 404 38 que dieu nous baille qui sont doulx et

438 828 323 45 ¶ De ieune. Chap̃.18.

412 891 379 41 ¶ Ie confesse/ que ieune est affliction

385 919 406 49 ⁊ humiliation du corps: non pas seule¬

285 134 95 56 Glos.de

283 185 97 40 creti/ Pa

284 217 96 33 norme/

285 242 95 34 Arma¬

285 274 95 29 chanus

286 298 94 41 Caieta¬

285 333 95 48 nus.

386 772 108 39 legiers.

285 734 93 40 mat.11.d

287 767 91 44 Hier̃.6.a

286 577 87 56 Cypriã.
