900 1224
378 144 407 41 en ces iours la/ ainsi quil est dit. distĩ.4.

381 172 408 39 c. statuimus. ⁊ distĩ.76.c. statuimus. et de

385 201 402 41 obser. ieiuniorũ. c. conciliũ. Apres leq̃l

385 231 404 41 aussi les aultres ont adiouste cõmande

385 260 404 42 ment sur cõmandement/ ieunes sur ieu¬

387 290 401 41 nes: tellement que la uraye raison/ ma¬

389 317 397 44 niere/ ⁊ usage du ieune est auiourdhuy

389 346 403 42 obscurcy/ ⁊ presque aneanty. Dont a

389 377 404 41 bonne cause/ ce q̃ nostre seigneur dit par

390 403 404 44 Esaie se adresse plus ꝯtre noꝰ abusantz

389 433 406 41 du ieune q̃ cõtre les Iuifz. Ne uueillez

389 463 404 42 ieuner (dit il) cõme uous auez faict ius¬

390 491 403 46 ques a ce iour: tellemẽt q̃ uostre clameur

391 518 404 48 soit ouye en hault. Est ce la/ le ieune tel

389 547 404 48 que iay esleu/ que lhõme trauaille son

389 576 406 46 ame par iour? Est ce ployer son chef cõ-

391 606 406 46 me ung cercle/ ⁊ uestir ung sac? ⁊ espan¬

391 637 406 43 dre la cẽdre? Appellerez uous cela ieune/

393 663 407 44 ⁊ iour acceptable au seigñr? Nest ce pas

393 691 407 48 plus tost icy le ieune q̃ iay esleu? Que

393 722 406 46 tu deslie les noux dinfidelite/ q̃ tu des¬

393 749 409 47 lie les chargez qͥ poisẽt. Laisse en liberte

395 778 405 48 ⁊c. Brise ton pain a celuy qͥ a fain ⁊c.

394 806 407 50 Quãd tu uoys celuy qͥ est nud/ couure

394 834 406 50 le: ⁊ ne desprise poĩt ta chair ⁊c. Uray

393 864 409 46 est que le ieune est utile ⁊ requis/ toutes¬

396 893 407 48 foys se ne nous est il pas baille pour le

393 925 407 54 cõtinuer: pourtãt que le corps humain

295 447 88 48 esa.58.b
