900 1224
386 145 404 39 delices/ nous sommes retirez du royau¬

387 176 404 38 me des cieulx. Ien oys dauantaige au¬

388 206 404 37 cuns cõtre la reigle ⁊ la nature des hõ¬

389 235 404 32 mes qͥ ne boiuẽt pas de eaue/ ⁊ ne man¬

392 264 399 36 gent point de pain: mais mangent des

391 293 400 36 chaudeaux ðlicatz/ ⁊ des porees broyees

393 321 398 36 ⁊ qui ne boiuẽt point le ius des bettes en

393 350 402 38 ung calice/ mais en une escaille. Certai¬

392 379 405 35 nemẽt cest une hõte q̃ nous nauõs uer¬

393 408 403 39 gongne de telles manieres de follie/ ⁊ qͥl

391 437 405 38 ne nous rẽuoye de telle suꝑstition. Da¬

392 466 404 39 uantaige aussi cherchõs nous en deli¬

391 495 405 35 ces la renõmee dabstinence. La plus for

390 525 407 36 te ieune cest pain ⁊ eaue. Mais pource

389 553 407 39 q̃lle na pas de gloire: ⁊ que nous uiuõs

389 583 408 39 tous de pain ⁊ deaue/ cõme chose publi¬

392 615 405 34 que ⁊ commune/ on ne lestime pas estre

392 638 404 41 ieune. Item Irenee euesque de Lyon/

391 669 407 37 lequel nestoit point loing du temps des

391 698 408 37 apostres/ se cõplainct des erreurs qui ia

391 725 404 42 pulluloient de son tẽps touchant lobser

391 757 405 37 uation des tẽps ⁊ iours du ieune/ cõme

391 783 404 43 recite Eusebe en lhistoire ecclesiastique/

390 813 406 41 au .5. liure. chap̃.24. disant: Non seule¬

389 843 408 38 ment la contention est menee du iour de

389 871 407 40 Pasques: mais aussi de la propre espece

387 903 408 36 des ieunes. Certes aucuns estimẽt quil

387 932 406 49 ne faille garder le ieune que ung iour/

296 625 74 59 Irenee.
