900 1224
358 138 408 44 lautre/ se nest par cõsẽtemẽt pour

362 170 402 47 ung temps: affin que uous enten

360 203 271 43 diez a ieune ⁊ oraison.

385 231 374 50 Adonc iceulx ieunans ⁊ priãtz/

363 271 400 41 ⁊ mettãs les mains sur eulx: les

361 301 249 44 laissairent aller ⁊c.

370 332 395 44 Et iceulx ministrans a nr̃e sei¬

362 370 406 43 gneur ⁊ ieunans: le sainct esperit

364 399 136 44 leur dit ⁊c.

364 432 401 39 Et quand ilz leur eurent ordon

357 469 410 40 ne p̃bstres par toutes les eglises/

359 502 409 36 ⁊ eurent prie auec ieunes il les cõ¬

357 533 411 42 manderẽt a nostre seigñr/ auquel

357 567 174 40 auoient creu.

359 603 409 38 ¶ A lobseruation du sainct ieune nous

359 637 411 36 excitent ⁊ induisent les autoritez preal¬

361 671 409 34 leguees/ ⁊ les exẽples des sainctz peres:

360 696 407 37 Moyse ieuna par deux foys .xl. iours ⁊

360 724 407 40 .xl. nuictz. Exo.34.d. Les enfãs Disrael

359 757 409 35 retournantz pour la troyziesme foys cõ

361 784 406 36 tre les beniamites ieunerent iusques a

362 812 401 40 uespre/ Aux iuges .20. chap̃.d. Item en

359 841 409 41 Mapha a lexhortation de Samuel.1.

359 871 409 38 des Roix.7.d. Item les habitans de

360 897 406 42 Iabes apres la mort de Saul ⁊ de Io¬

359 928 405 46 nathas ieunerent sept iours. 1.Reg.31.d

261 232 96 42 Act̃.13.a

266 333 86 48 Ibidem.

260 425 85 54 Ibidem

268 468 46 47 14.d
