902 1224
155 138 377 42 ame: Uoicy mõ corps: Et la pierre estoit

154 166 379 44 Christ. Il enseigne ces choses estre dit¬

153 197 381 41 tes/ ainsi cõme il parle/ par figure/ en si¬

150 226 386 42 gne/ ⁊ significatiuemẽt. Item ce mesme

150 255 388 44 Ie puis aussi interpreter ce cõmandemẽt

148 284 388 43 estre en signe: car le seigneur na point

152 313 381 39 doubte de dire/ Uoicy mon corps/ quand

150 346 333 38 il donnoit le signe de son corps.

175 374 361 39 Sainct Ambroi. sur la p̃miere epistre

150 402 389 40 aux Corinth. chap̃.11. Pourtant q̃ nous

148 432 390 39 sommes deliurez par la mort du seigñr

148 461 393 38 ayant recordation de ce en mangeant et

148 490 394 37 beuuant/ nous signifions la chair et le

150 519 377 38 sang/ lesq̃lz ont este offers pour nous.

173 548 365 36 De ceste manducation charnelle du

150 576 384 39 corps de Iesus Christ: iadis feut et est

152 607 384 36 maintenãt une moult grãde disputatiõ

153 635 385 36 entre les sainctz docteurs a cause des

153 663 381 38 parolles de S. Aug. fort urgẽtes ⁊ nous

152 694 388 36 pressantes au .30. traicte sur S. Iehan:

152 722 390 36 Le corps de Christ (dit il) est resuscite

151 751 389 37 des mortz/ ⁊ fault quil soit en ung lieu.

152 780 389 38 Et en ung aultre passage a Adamãtiũ

153 810 388 37 dit: quil fault q̃ le corps de Christ soit

154 839 383 37 en certain lieu au ciel pour la ꝓportion

156 866 375 39 du corps. Item Fulgẽce ad Thrasimũ¬

157 896 372 39 dum dit: q̃ quand Iesus Christ estoit en

156 926 373 45 terre que son corps nestoit poĩt au ciel/

544 366 80 57 s. Ambr.

544 657 71 74 s. Aug.

538 875 83 47 Fulgẽce
