902 1224
106 127 408 55 tuelle es choses celestes en Christ

108 163 406 53 selon ce qͥl nous a esleu en luy de¬

106 195 405 52 uant la cõstitution du mõde/ affin

105 229 407 50 que nous feussions sainctz ⁊ sans

104 259 410 53 macule deuãt luy en charite. Qui

104 293 412 50 nous a predestine en ladoptiõ des

106 325 403 53 enfantz par Iesus Christ/ en luy

108 358 411 51 selon le bon plaisir de sa uolunte a

106 392 412 48 la louenge de la gloire de sa grace.

136 424 382 49 Car quand les enfantz nestoiẽt

108 457 408 48 point encore naiz/ ⁊ nauoient rien

111 488 406 51 faict ne bien ne mal: affin q̃ la uo¬

109 519 411 52 lunte de dieu demourast selon son

112 554 402 51 election (nõ pas par les oeuures)

114 588 402 48 mais par celuy qui appelle il luy

117 618 405 51 fut dit que le plus grand seruiroit

116 651 407 50 au moindre/ ainsi quil est escript.

123 685 400 51 Iay ayme Iacob ⁊ ay hay Esau.

119 718 404 46 Que dirons nous donc? y a il ini¬

119 750 404 49 quite en dieu? Ainsi nest il point.

119 782 405 51 Certes il dit a Moise/ ie auray mer

123 818 398 46 cy de celuy de qui ie auray mercy ⁊

125 852 398 45 feray misericorde a celuy de qui ie

125 881 398 47 auray misericorde. Ce nest point

126 916 395 51 dõc/ ne par celuy qui ueult/ ne par

522 424 69 38 Ro.9.◊

525 682 85 43 geñ.25.c

525 781 85 41 exo.33.d
