902 1224
146 133 405 44 prie pour nous par gemissemens

145 167 396 42 inenarrables. Et celuy qͥ regarde

142 200 400 42 les cueurs scait que lesperit desire:

142 232 388 42 car il prie poͬ les saĩctz selõ dieu.

164 263 372 40 Se ie ne men uoys le cõsolateur

140 297 398 40 ne uiẽdra pas a uous: et si ie men

143 330 397 41 uoys ie le uoꝰ enuoyeray/ ⁊ quãd

142 364 402 41 iceluy sera uenu il reprendra le

142 397 403 39 monde de peche ⁊ de iustice/ et de

142 431 403 38 iugement. De peche certes: pource

142 464 403 38 quil ne ont point creu en moy/ ⁊ de

141 496 403 39 iustice: car ie men uoys a mon pere

142 527 401 41 ⁊ plus ne me uerrez. Et de iuge¬

142 561 400 38 ment: car le prince de ce monde est

145 592 399 41 desia iuge. Ie uoꝰ ay encore a di¬

145 625 401 38 re plusieurs choses: mais uous ne

146 658 401 38 le pouez porter maintenãt. Mais

145 688 402 40 quand celuy esperit de uerite sera

146 722 402 39 uenu il uous enseignera toutes

145 755 402 40 choses: car il ne parlera point de

146 786 163 40 soymesme ⁊c.

178 814 363 48 Et quand le consolateur sera

148 851 394 42 uenu lequel ie uoꝰ enuoyeray de

147 884 394 42 mon pere lesperit de uerite qui est

146 918 392 44 enuoye du pere/ iceluy rendra tes¬

386 952 70 42 B .ii.

544 251 86 77 Ioã.16.b

552 823 78 54 Ioã.15.d
