900 1224
407 106 400 51 Le royaulme de dieu nest point

389 139 412 50 uiande/ ne breuuage: mais iustice

390 178 371 43 ⁊ paix/ ⁊ ioye au sainct esperit.

409 207 388 46 Toutes choses certes sont net¬

388 240 410 46 tes: mais cest mal a lhõme qui mã

389 274 407 49 ge en offensant aultruy. Uoyez

387 306 183 38 tout le chapitre.

405 337 392 46 Toutes choses sont pures/ a

382 371 418 45 ceulx qͥ sont purs: mais aux souil

384 403 412 45 lez et aux infideles rien nest pur/

382 436 415 44 mais leur entendemẽt ⁊ conscience

385 467 168 41 sont souillez.

408 498 386 49 Nul ne uous iuge en uiãde ou

380 533 199 41 en breuuage ⁊c.

402 564 389 43 Lieue toy Pierre: occis ⁊ mãge.

380 597 413 43 Et ie dis: Sire/ ce naduienne. Car

378 631 415 41 iamais chose commune ou impu¬

378 663 414 43 re ne entra en ma bouche. Et la

380 695 409 43 uoix secondement respondit du

377 727 409 45 ciel: Les choses que dieu a purifie:

375 760 346 41 ne les dis point cõmunes ⁊c.

388 790 395 47 Certes lesperit dit ⁊c. deffendãtz

378 828 407 41 soy marier/ cõmãdantz de soy ab¬

376 859 408 37 stenir des uiãdes lesquelles dieu

372 893 413 47 a cree pour en user auec action de

287 99 93 68 Ro.14.c

289 198 92 58 Ibidẽ.d.

289 333 87 41 Tit.1.d

282 492 94 47 colos.2.c

280 558 91 47 Act̃.11.b

276 790 110 41 1.tim̃.4a
