902 1224
179 136 365 39 ¶ Ie cõfesse que foy est don de Dieu/

152 168 394 37 par lequel nous sentons ⁊ auons expe

148 197 395 36 rience uraye ⁊ certaine de la bõte ⁊ pro¬

146 226 396 39 messe de Dieu: q̃ S. Paul appelle fon¬

145 251 397 43 dement des choses a esperer/ par laq̃lle

146 284 371 40 nous sõmes faictz enfantz de Dieu.

258 325 284 48 A foy est fondement des

236 366 307 39 Achoses quõ doibt esperer/

258 396 285 41 ⁊ faisãt certitude des cho

146 429 245 41 ses non apparentes.

170 456 369 48 Certes uoꝰ estes sauuez de gra

144 495 396 42 ce par la foy/ ⁊ ce non poĩt de uoꝰ:

146 527 396 42 car cest don de dieu/ non point par

145 560 395 43 oeuures/ affin q̃ nul ne se glorifie.

146 593 395 40 Nous sommes certes son oeuure/

147 624 397 42 creez en Iesus Christ/ pour faire

145 656 400 41 bõnes oeuures/ lesquelles dieu a

145 689 401 44 prepare: affin q̃ nous cheminions

146 722 128 39 en icelles.

174 750 374 49 Il uous est dõne pour Christ//

143 787 391 42 non seulemẽt croyre en luy: mais

146 818 321 45 aussi endurer pour luy ⁊c.

174 853 360 44 Cecy est loeuure de dieu/ q̃ uoꝰ

151 885 366 45 croyez en celuy leq̃l il a enuoye.

175 914 359 56 Nul ne peult uenir a moy/ se

156 336 102 105 I

548 207 85 56 Hebr.11.a

548 337 86 55 Hebr.11.a

544 453 87 63 Eph.2.b

542 750 89 53 Phił.1.d

542 849 86 48 Ioã.6.d

376 956 69 50 D .ii.

542 922 80 54 Ioã.6.e
