900 1224
476 128 297 62 Arolle fidele si aucun desi

482 172 294 54 re loffice de euesq̃ il desire

479 206 296 50 bonne oeuure: car il fault

374 240 400 51 que leuesque soit irreprehensible/

372 273 402 49 mary dune seule fẽme/ sobre/ pru¬

370 303 404 51 dent/ aorne/ chaste/ faisant hospi¬

370 337 404 47 talite/ docteur/ nõ point adõne au

371 367 403 50 uin/ ne batteur mais modeste/ non

368 401 406 49 noyseux/ nõ auaricieux/ mais biẽ

369 437 404 45 pouruoyant a sa famille/ ayãt en¬

371 467 400 50 fantz subiectz en toute chastete ⁊c.

402 501 372 47 Ie tay laisse en Crete pour ceste

367 536 406 44 chose/ affin que tu corrige les cho¬

368 567 407 44 ses qui deffaillẽt/ ⁊ que tu cõstitue

367 599 408 42 prebstres par les citez ainsi cõme

367 631 406 44 moymesme ie ten ay dispose/ se au

368 663 404 45 cun est sãs crime/ mary de une seu

368 695 393 45 le fẽme/ ayant enfantz fideles ⁊c.

397 733 370 40 Nourrissez le troupeau de dieu

376 761 389 47 qui est entre uoꝰ/ pouruoyãtz non

367 798 402 40 point par cõtraincte: mais uolun

366 831 401 40 tairemẽt selon dieu/ non point poͬ

365 864 405 41 occasiõ de gaing deshõneste: mais

367 897 405 36 uoluntairemẽt/ ⁊ non point cõme

365 931 403 44 ayantz seigneurie sur le clerge:

273 127 96 37 1.Timo

272 156 96 39 the.3.a.b

274 496 84 41 Tit.1.b

270 730 94 52 2.Pe.5.a

370 133 97 116 P
