900 1224
393 127 398 44 poĩt auec luy/ affin qͥl ayt hõte/ et

393 163 398 41 ne le reputez point cõme ennemy:

395 194 330 41 mais corrigez le cõme frere.

405 226 387 42 Euite lhõe heretiq̃ apres la pre

395 259 394 42 miere ⁊ secõde correction: sachãt q̃

396 293 399 40 celuy qͥ est tel est subuerty/ ⁊ quil

398 326 400 41 peche/ cõme ainsi soit quil est con¬

397 360 388 39 demne par son propre iugement.

431 391 364 42 Lesq̃lz iay baille a satan/ affin

396 425 402 39 quilz aprẽnẽt de non blasphemer.

396 454 399 41 ¶ Uoyez pour ceste matiere S. Chryso

396 484 400 39 stome au sermõ de anathema: ⁊ S. Hie¬

394 512 406 40 rosme sur S. Matth. au .16. chap̃. sur ce

394 541 403 41 passage: Et te dõneray les clefz. Lesq̃lz

394 571 403 38 reprẽnẽt duremẽt les euesques ⁊ p̃bstres

395 599 407 40 de leurs temps: qui se attribuoyent par¬

397 629 406 39 ticulierement ce qui appartient a toute

399 657 402 37 leglise en abusant de lexcõmunication:

401 685 401 42 Ce que faire auiourdhuy/ a meilleure

400 719 400 35 cause on pourroit: attendu q̃ temeraire¬

400 743 400 44 mẽt ⁊ sans lauctorite de la ꝑolle de dieu

400 774 400 44 iectẽt a tort ⁊ a trauers leͬs cẽsures/ ex¬

400 803 401 38 cõmunimentz ⁊ fulminatiõs: alencõtre

401 830 399 43 des simples ⁊ innocẽs/ poͬ choses uiles

401 861 401 44 ⁊ de nulle ualeur: qͥ est grãd uergõgne a

401 890 401 44 ceulx qͥ en doibuẽt auoir la cõgnoissãce

403 920 398 49 de tãt ⁊ si longuemẽt supporter telz er¬

297 226 94 42 Titũ.3.c

300 398 99 46 1.tim̃.1.d
