900 1224
383 125 409 43 ¶ Par ces textes de lescripture saincte

382 156 409 40 ⁊ docteurs/ il appert quil y a deux ma¬

382 184 410 38 nieres de baptesmes. Le premier est exte

383 213 408 39 rieur duquel Iesus Christ a uoulu estre

385 241 405 41 baptise (cõme il est dit en S. Matth. du

385 272 406 39 quel aussi estoit aux apostres et disci¬

385 303 406 36 ples cõmande de baptiser. Non point

385 333 407 38 q̃ ce lauemẽt exterieur qui se faict deaue

384 362 411 37 materielle aye q̃lque ꝓpriete/ uertu/ et

384 393 409 33 efficace/ nous rẽdãt pires ou meilleurs/

383 420 410 36 ou quil soit cõmande cõme necessaire a

386 450 408 36 salut: (Car cõme dit lapostre ne la cir¬

382 479 411 34 concision ne le prepuce nest rien: ains la

384 506 409 35 foy en Iesus Christ) mais par charite ⁊

382 536 411 37 edification du ꝓchain: affin que en rece¬

381 566 413 36 uant ce signe uisible ⁊ exterieur demon¬

382 594 413 37 strions estre de une mesme foy/ alliãce/ ⁊

382 622 412 35 cõmunaulte auec les enfantz de Dieu.

387 651 408 35 Que le seul baptesme exterieur soit

386 680 409 36 de nulle ualleur il est assez manifeste

393 705 401 42 aux Actes/ par Symon le magicien/ et

393 738 401 34 en S. Matthieu par plusieurs Phari-

387 766 406 39 siens ⁊ Saduceẽs lesq̃lz tresaigrement

388 795 404 40 S. Iehan baptiste redargue/ a cause qͥlz

385 825 410 37 uenoient receuoir le baptesme sans uou

385 854 410 36 loir nullemẽt amender leur uie. Le se¬

384 883 411 36 cõd baptesme est interieur ⁊ inuisible du

385 913 408 46 quel Iesus Christ par son S. esperit ba

287 233 81 42 mat.3.d

287 711 94 35 Acto.8.c

288 739 93 38 Mat.3.
