<?xml version="1.0" encoding="UTF-8"?>
<alto xmlns:xsi="http://www.w3.org/2001/XMLSchema-instance"
      xmlns="http://www.loc.gov/standards/alto/ns-v4#"
      xsi:schemaLocation="http://www.loc.gov/standards/alto/ns-v4# http://www.loc.gov/standards/alto/v4/alto-4-2.xsd">
  <Description>
    <MeasurementUnit>pixel</MeasurementUnit>
    <sourceImageInformation>
      <fileName>S.45.4.pdf_page_66.png</fileName>
      <fileIdentifier>pdf//S.45.4.pdf</fileIdentifier>
    </sourceImageInformation>
  </Description>
  <Tags>
    <OtherTag ID="BT7" LABEL="CustomZone" DESCRIPTION="block type CustomZone"/><OtherTag ID="BT8" LABEL="DamageZone" DESCRIPTION="block type DamageZone"/><OtherTag ID="BT9" LABEL="DigitizationArtefactZone" DESCRIPTION="block type DigitizationArtefactZone"/><OtherTag ID="BT10" LABEL="DropCapitalZone" DESCRIPTION="block type DropCapitalZone"/><OtherTag ID="BT11" LABEL="GraphicZone" DESCRIPTION="block type GraphicZone"/><OtherTag ID="BT12" LABEL="MainZone" DESCRIPTION="block type MainZone"/><OtherTag ID="BT13" LABEL="MarginTextZone" DESCRIPTION="block type MarginTextZone"/><OtherTag ID="BT14" LABEL="MusicZone" DESCRIPTION="block type MusicZone"/><OtherTag ID="BT15" LABEL="NumberingZone" DESCRIPTION="block type NumberingZone"/><OtherTag ID="BT17" LABEL="QuireMarksZone" DESCRIPTION="block type QuireMarksZone"/><OtherTag ID="BT18" LABEL="RunningTitleZone" DESCRIPTION="block type RunningTitleZone"/><OtherTag ID="BT19" LABEL="SealZone" DESCRIPTION="block type SealZone"/><OtherTag ID="BT20" LABEL="StampZone" DESCRIPTION="block type StampZone"/><OtherTag ID="BT21" LABEL="TableZone" DESCRIPTION="block type TableZone"/><OtherTag ID="BT22" LABEL="TitlePageZone" DESCRIPTION="block type TitlePageZone"/>
    <OtherTag ID="LT7" LABEL="CustomLine" DESCRIPTION="line type CustomLine"/><OtherTag ID="LT8" LABEL="DefaultLine" DESCRIPTION="line type DefaultLine"/><OtherTag ID="LT9" LABEL="DropCapitalLine" DESCRIPTION="line type DropCapitalLine"/><OtherTag ID="LT10" LABEL="HeadingLine" DESCRIPTION="line type HeadingLine"/><OtherTag ID="LT11" LABEL="InterlinearLine" DESCRIPTION="line type InterlinearLine"/><OtherTag ID="LT12" LABEL="MusicLine" DESCRIPTION="line type MusicLine"/><OtherTag ID="LT1262" LABEL="default" DESCRIPTION="line type default"/>
  </Tags>
  <Layout>
    <Page WIDTH="900"
          HEIGHT="1224"
          PHYSICAL_IMG_NR="65"
          ID="eSc_dummypage_">
      <PrintSpace HPOS="0"
                  VPOS="0"
                  WIDTH="900"
                  HEIGHT="1224">
        <TextBlock HPOS="336"
                   VPOS="120"
                   WIDTH="470"
                   HEIGHT="851"
                   ID="eSc_textblock_62c14635"
                   TAGREFS="BT12">
          <Shape><Polygon POINTS="359 130 364 440 364 453 377 479 357 507 364 666 336 969 806 971 806 120"/></Shape>
          <TextLine ID="eSc_line_6faccc19"
                    TAGREFS="LT10"
                    BASELINE="365 159 778 165" 
                    HPOS="365"
                    VPOS="136"
                    WIDTH="413"
                    HEIGHT="40">
            <Shape><Polygon POINTS="773 142 664 137 658 137 651 137 644 137 638 137 631 137 624 137 617 137 610 136 604 136 597 136 590 136 583 136 581 136 572 140 561 136 556 136 549 136 542 136 540 136 521 139 514 136 508 136 502 136 495 136 490 136 474 138 468 136 461 136 454 136 453 136 447 138 425 136 420 136 413 136 406 136 400 136 393 136 386 136 380 136 372 137 367 148 365 159 365 165 394 171 395 171 419 168 438 172 439 172 461 167 489 172 490 172 519 168 532 173 533 173 534 173 564 169 581 174 582 174 606 170 631 174 632 174 668 170 696 175 697 176 777 176 778 165 777 146 774 142"/></Shape>
            <String CONTENT="cõgregation du peuple de Dieu/ en pro¬"
                    HPOS="365"
                    VPOS="136"
                    WIDTH="413"
                    HEIGHT="40"
                    WC="0.9975671217991755"></String>
          </TextLine>
          <TextLine ID="eSc_line_c233056d"
                    TAGREFS="LT10"
                    BASELINE="367 188 780 195" 
                    HPOS="366"
                    VPOS="163"
                    WIDTH="414"
                    HEIGHT="42">
            <Shape><Polygon POINTS="366 196 491 201 531 198 536 201 537 201 538 201 572 199 581 202 582 202 605 199 616 203 617 203 648 200 658 204 659 204 725 201 738 205 739 205 779 201 780 195 780 174 761 174 755 169 754 169 753 169 701 173 694 167 693 167 678 167 677 167 676 167 670 172 642 167 641 167 630 171 615 166 614 166 593 171 576 166 575 166 534 170 529 165 528 165 527 165 526 165 517 168 509 165 508 165 461 167 445 163 444 163 443 163 431 168 391 168 384 163 383 163 382 163 367 165 367 188"/></Shape>
            <String CONTENT="testant ⁊ declairant deuant icelle nostre"
                    HPOS="366"
                    VPOS="163"
                    WIDTH="414"
                    HEIGHT="42"
                    WC="0.9908124019459981"></String>
          </TextLine>
          <TextLine ID="eSc_line_81142387"
                    TAGREFS="LT10"
                    BASELINE="370 218 634 221" 
                    HPOS="369"
                    VPOS="193"
                    WIDTH="265"
                    HEIGHT="36">
            <Shape><Polygon POINTS="369 225 633 229 634 221 634 199 598 195 597 195 573 199 566 194 565 194 564 194 502 198 370 193 370 218"/></Shape>
            <String CONTENT="foy ⁊ changement de uie."
                    HPOS="369"
                    VPOS="193"
                    WIDTH="265"
                    HEIGHT="36"
                    WC="0.9983887895941734"></String>
          </TextLine>
          <TextLine ID="eSc_line_69116ab9"
                    TAGREFS="LT8"
                    BASELINE="507 259 776 263" 
                    HPOS="506"
                    VPOS="227"
                    WIDTH="270"
                    HEIGHT="47">
            <Shape><Polygon POINTS="507 259 506 268 537 267 553 272 554 272 555 272 555 272 556 272 562 267 595 267 641 274 642 274 642 274 643 274 649 269 677 269 685 274 685 274 686 274 687 274 708 270 714 274 715 274 716 274 717 274 775 274 776 263 776 238 763 231 762 231 761 231 720 237 699 230 698 230 697 230 697 230 682 236 627 236 614 231 613 231 612 231 612 231 611 231 605 235 574 231 574 231 573 231 556 235 541 227 540 227 507 227 507 259"/></Shape>
            <String CONTENT="Llez donc/ ⁊ enseignez"
                    HPOS="506"
                    VPOS="227"
                    WIDTH="270"
                    HEIGHT="47"
                    WC="0.9995745095339689"></String>
          </TextLine>
          <TextLine ID="eSc_line_4e2a8ef5"
                    TAGREFS="LT8"
                    BASELINE="508 293 777 296" 
                    HPOS="506"
                    VPOS="267"
                    WIDTH="270"
                    HEIGHT="41">
            <Shape><Polygon POINTS="507 292 506 299 548 306 550 306 551 306 552 306 556 302 560 306 560 307 561 307 562 307 563 307 564 307 580 301 595 308 596 308 597 308 775 306 776 295 776 270 507 267 507 292"/></Shape>
            <String CONTENT="toutes gẽs/ ⁊ les bapti"
                    HPOS="506"
                    VPOS="267"
                    WIDTH="270"
                    HEIGHT="41"
                    WC="0.9913988361756007"></String>
          </TextLine>
          <TextLine ID="eSc_line_a45830b9"
                    TAGREFS="LT8"
                    BASELINE="508 326 778 329" 
                    HPOS="506"
                    VPOS="295"
                    WIDTH="271"
                    HEIGHT="44">
            <Shape><Polygon POINTS="507 325 506 337 775 339 777 328 777 303 770 298 769 298 768 298 767 298 688 303 657 297 656 297 536 301 507 295 507 325"/></Shape>
            <String CONTENT="sez au nom du pere/ et"
                    HPOS="506"
                    VPOS="295"
                    WIDTH="271"
                    HEIGHT="44"
                    WC="0.993054064837369"></String>
          </TextLine>
          <TextLine ID="eSc_line_54902a42"
                    TAGREFS="LT8"
                    BASELINE="511 358 777 361" 
                    HPOS="509"
                    VPOS="328"
                    WIDTH="267"
                    HEIGHT="47">
            <Shape><Polygon POINTS="510 357 509 366 598 374 600 374 601 374 602 374 609 369 647 374 648 374 686 369 768 375 769 375 770 375 771 375 771 374 775 369 776 360 776 336 753 330 752 330 751 330 690 335 686 330 685 330 685 329 684 329 683 329 682 329 600 334 575 328 574 328 573 328 538 333 510 329 510 357"/></Shape>
            <String CONTENT="du filz/ ⁊ du sainct espe"
                    HPOS="509"
                    VPOS="328"
                    WIDTH="267"
                    HEIGHT="47"
                    WC="0.9990165400505066"></String>
          </TextLine>
          <TextLine ID="eSc_line_0533f035"
                    TAGREFS="LT8"
                    BASELINE="368 388 780 393" 
                    HPOS="368"
                    VPOS="362"
                    WIDTH="412"
                    HEIGHT="43">
            <Shape><Polygon POINTS="368 388 368 395 394 396 402 401 402 401 403 401 404 401 431 397 457 401 458 401 459 401 459 401 464 397 476 402 476 402 477 402 514 398 525 403 525 403 526 403 527 403 527 403 534 399 545 403 546 403 546 404 576 404 576 403 576 403 587 399 603 404 604 404 604 404 605 404 622 400 643 404 644 404 644 404 655 399 691 405 692 405 725 402 738 405 738 405 739 405 740 405 740 405 744 401 755 405 756 405 757 405 780 400 780 393 779 367 768 371 730 367 729 367 706 370 696 365 695 365 680 365 680 365 679 365 678 365 678 366 674 370 643 366 642 366 606 369 527 363 526 363 494 368 479 368 473 363 472 363 472 363 427 362 427 362 426 362 414 367 406 363 405 363 404 363 368 366 368 388"/></Shape>
            <String CONTENT="rit. Et les enseignez a garder tou¬"
                    HPOS="368"
                    VPOS="362"
                    WIDTH="412"
                    HEIGHT="43"
                    WC="0.9898056847708566"></String>
          </TextLine>
          <TextLine ID="eSc_line_2e9fc6a5"
                    TAGREFS="LT8"
                    BASELINE="368 422 780 427" 
                    HPOS="367"
                    VPOS="395"
                    WIDTH="413"
                    HEIGHT="44">
            <Shape><Polygon POINTS="367 431 372 435 373 435 374 435 403 431 421 431 426 435 426 436 427 436 428 436 429 436 439 432 455 436 456 436 500 433 503 435 503 436 504 436 505 436 506 436 512 432 544 437 619 433 655 433 671 439 672 439 691 435 704 439 705 439 706 439 707 439 713 434 740 439 741 439 779 434 780 427 779 398 763 399 762 399 761 399 756 403 676 403 663 397 662 397 647 397 646 397 645 397 638 402 631 397 630 397 629 397 628 397 621 403 607 403 596 396 595 396 594 396 576 397 575 397 570 401 547 401 540 395 539 395 538 395 537 395 522 399 503 395 502 395 501 395 493 401 471 395 470 395 469 395 453 399 448 395 447 395 446 395 419 400 391 400 385 395 384 395 383 395 382 395 368 398 368 422"/></Shape>
            <String CONTENT="tes choses/ lesquelles ie uous ay cõ"
                    HPOS="367"
                    VPOS="395"
                    WIDTH="413"
                    HEIGHT="44"
                    WC="0.9986541947802982"></String>
          </TextLine>
          <TextLine ID="eSc_line_2eae02ed"
                    TAGREFS="LT8"
                    BASELINE="368 456 475 454" 
                    HPOS="367"
                    VPOS="428"
                    WIDTH="108"
                    HEIGHT="35">
            <Shape><Polygon POINTS="368 456 368 461 474 463 475 454 474 433 435 428 434 428 434 428 433 428 427 432 377 429 376 429 376 429 367 432 368 456"/></Shape>
            <String CONTENT="mande."
                    HPOS="367"
                    VPOS="428"
                    WIDTH="108"
                    HEIGHT="35"
                    WC="0.9994206130504608"></String>
          </TextLine>
          <TextLine ID="eSc_line_168b3ce9"
                    TAGREFS="LT8"
                    BASELINE="401 489 776 492" 
                    HPOS="398"
                    VPOS="456"
                    WIDTH="377"
                    HEIGHT="45">
            <Shape><Polygon POINTS="400 488 398 495 453 501 454 501 774 500 775 491 774 463 662 463 651 456 650 456 648 456 400 459 400 488"/></Shape>
            <String CONTENT="Allez par tout le mõde/ ⁊ p̃schez"
                    HPOS="398"
                    VPOS="456"
                    WIDTH="377"
                    HEIGHT="45"
                    WC="0.9997634046217975"></String>
          </TextLine>
          <TextLine ID="eSc_line_d4cfd2cc"
                    TAGREFS="LT8"
                    BASELINE="365 521 778 524" 
                    HPOS="364"
                    VPOS="493"
                    WIDTH="414"
                    HEIGHT="40">
            <Shape><Polygon POINTS="365 521 364 527 372 531 373 531 374 531 428 531 428 531 429 531 429 531 434 527 446 531 447 531 448 531 529 528 548 532 549 532 594 529 683 533 684 533 685 533 693 529 695 533 696 533 696 533 697 533 697 533 698 533 699 533 706 530 740 533 740 533 741 533 742 533 746 530 753 533 753 533 754 533 778 529 778 524 778 500 772 497 771 497 770 497 770 497 769 497 768 497 763 501 744 501 731 495 731 495 730 495 729 495 717 501 674 501 653 495 653 495 652 495 589 499 580 494 580 494 579 494 578 494 557 497 530 494 529 494 508 499 470 494 470 494 469 494 459 498 448 493 448 493 447 493 446 493 429 499 404 499 395 493 394 493 393 493 393 493 365 497 365 521"/></Shape>
            <String CONTENT="leuangile a toute creature. Qui"
                    HPOS="364"
                    VPOS="493"
                    WIDTH="414"
                    HEIGHT="40"
                    WC="0.992713249498798"></String>
          </TextLine>
          <TextLine ID="eSc_line_075d8693"
                    TAGREFS="LT8"
                    BASELINE="364 554 775 556" 
                    HPOS="363"
                    VPOS="525"
                    WIDTH="412"
                    HEIGHT="43">
            <Shape><Polygon POINTS="364 554 363 560 394 561 400 566 400 567 400 567 401 567 402 567 429 561 456 567 457 567 477 567 477 567 478 567 491 561 512 566 513 566 538 562 551 567 551 567 552 568 593 568 593 567 593 567 594 567 594 567 599 562 621 562 640 568 641 568 642 568 663 567 663 567 664 567 664 567 669 563 687 563 691 567 691 568 691 568 692 568 693 568 693 568 706 564 756 568 757 568 757 568 774 562 775 556 774 533 717 533 710 527 710 527 710 527 709 527 708 527 689 527 688 527 678 533 638 526 621 526 621 526 620 526 619 526 619 527 614 532 602 526 601 526 576 526 575 526 574 526 574 526 568 530 563 527 563 526 563 526 562 526 561 526 540 531 531 527 530 527 529 527 529 527 517 533 502 533 488 525 487 525 487 525 459 527 458 527 457 527 457 527 453 531 436 527 436 527 435 527 434 527 434 527 427 531 420 526 419 526 419 526 418 526 417 526 417 526 417 527 411 531 364 527 364 554"/></Shape>
            <String CONTENT="croyra ⁊ sera baptise/ il sera sauue:"
                    HPOS="363"
                    VPOS="525"
                    WIDTH="412"
                    HEIGHT="43"
                    WC="0.9855741149670368"></String>
          </TextLine>
          <TextLine ID="eSc_line_f9dd3dd4"
                    TAGREFS="LT8"
                    BASELINE="364 586 777 589" 
                    HPOS="363"
                    VPOS="561"
                    WIDTH="414"
                    HEIGHT="47">
            <Shape><Polygon POINTS="364 586 363 596 365 598 365 599 366 599 367 599 368 599 387 596 394 601 395 601 395 601 396 601 436 596 446 603 446 603 447 603 448 603 448 603 465 596 495 600 501 605 501 606 502 606 502 606 570 607 571 607 600 606 600 606 621 597 672 597 686 607 687 607 687 607 688 608 731 608 731 607 744 606 745 606 746 606 746 605 753 599 776 597 777 589 776 563 744 567 663 562 662 562 661 562 647 566 637 562 636 562 636 562 635 562 623 566 610 563 609 563 608 563 608 563 594 566 551 563 551 563 482 565 468 561 468 561 467 561 438 565 426 561 425 561 425 561 424 561 411 565 378 561 378 561 364 564 364 586"/></Shape>
            <String CONTENT="mais qui ne croyra point/ il sera cõ"
                    HPOS="363"
                    VPOS="561"
                    WIDTH="414"
                    HEIGHT="47"
                    WC="0.9993036743756887"></String>
          </TextLine>
          <TextLine ID="eSc_line_25b74b9f"
                    TAGREFS="LT8"
                    BASELINE="370 619 466 619" 
                    HPOS="369"
                    VPOS="591"
                    WIDTH="96"
                    HEIGHT="37">
            <Shape><Polygon POINTS="369 618 369 628 465 627 465 618 465 598 369 591 369 618"/></Shape>
            <String CONTENT="demne."
                    HPOS="369"
                    VPOS="591"
                    WIDTH="96"
                    HEIGHT="37"
                    WC="0.9999616841475168"></String>
          </TextLine>
          <TextLine ID="eSc_line_e41fc400"
                    TAGREFS="LT8"
                    BASELINE="393 650 777 654" 
                    HPOS="392"
                    VPOS="619"
                    WIDTH="385"
                    HEIGHT="48">
            <Shape><Polygon POINTS="393 650 392 657 443 658 448 663 448 663 448 663 449 663 450 663 451 663 468 658 521 658 526 663 526 664 527 664 527 664 528 665 539 665 539 664 540 664 540 664 546 659 559 665 559 665 560 665 604 660 623 665 623 665 624 665 717 662 721 665 721 666 721 666 722 666 723 667 748 667 748 666 776 660 777 654 777 631 730 631 720 622 720 621 719 621 719 621 700 620 682 620 682 620 681 620 668 628 661 624 661 624 660 624 659 624 659 624 658 624 658 624 652 630 639 624 638 624 638 624 637 624 636 624 629 630 609 622 608 622 608 622 607 622 589 629 582 622 581 622 580 622 572 622 571 622 570 622 570 622 558 630 547 630 526 619 525 619 525 619 501 622 496 619 495 619 495 619 494 619 493 619 474 629 444 629 438 623 438 622 438 622 437 622 421 622 421 622 393 627 393 650"/></Shape>
            <String CONTENT="Et quãd ilz alloiẽt par la uoye/"
                    HPOS="392"
                    VPOS="619"
                    WIDTH="385"
                    HEIGHT="48"
                    WC="0.999368767527973"></String>
          </TextLine>
          <TextLine ID="eSc_line_96fd1198"
                    TAGREFS="LT8"
                    BASELINE="372 684 780 686" 
                    HPOS="370"
                    VPOS="654"
                    WIDTH="409"
                    HEIGHT="40">
            <Shape><Polygon POINTS="371 683 370 694 778 694 779 685 779 659 771 655 770 655 769 655 768 655 767 655 748 661 611 661 600 655 598 655 597 655 596 655 576 660 524 654 523 654 444 659 409 654 408 654 407 654 406 654 400 659 371 654 371 683"/></Shape>
            <String CONTENT="ilz uindrent a quelque eaue: et le"
                    HPOS="370"
                    VPOS="654"
                    WIDTH="409"
                    HEIGHT="40"
                    WC="0.986116053426967"></String>
          </TextLine>
          <TextLine ID="eSc_line_30fe8b19"
                    TAGREFS="LT8"
                    BASELINE="365 718 777 717" 
                    HPOS="364"
                    VPOS="688"
                    WIDTH="413"
                    HEIGHT="41">
            <Shape><Polygon POINTS="365 718 365 729 381 725 500 728 500 728 587 724 592 728 593 728 593 728 594 728 765 728 765 728 765 728 777 724 777 717 776 695 735 695 725 690 724 690 723 690 723 690 722 690 714 695 672 695 664 688 663 688 663 688 662 688 661 688 637 694 623 689 623 689 622 689 621 689 611 694 580 690 580 690 579 690 563 695 546 689 545 689 461 689 461 689 460 689 459 689 459 690 455 693 449 690 448 690 448 690 447 690 446 690 434 694 429 691 429 691 428 691 427 691 411 694 406 690 406 689 406 689 405 689 404 689 364 692 365 718"/></Shape>
            <String CONTENT="Eunucq̃ dit/ Uoicy de leaue qͥ me"
                    HPOS="364"
                    VPOS="688"
                    WIDTH="413"
                    HEIGHT="41"
                    WC="0.9855853246920037"></String>
          </TextLine>
          <TextLine ID="eSc_line_03cc7ba5"
                    TAGREFS="LT8"
                    BASELINE="363 751 777 751" 
                    HPOS="363"
                    VPOS="722"
                    WIDTH="414"
                    HEIGHT="40">
            <Shape><Polygon POINTS="363 751 363 757 371 761 372 761 372 761 389 758 394 762 395 762 395 762 396 762 421 758 463 762 463 762 464 762 478 758 518 758 525 762 526 762 527 762 527 762 528 762 541 758 578 761 579 761 580 761 580 761 580 760 583 758 593 762 593 762 594 762 623 758 632 762 633 762 634 762 634 762 650 758 719 762 720 762 721 762 729 758 734 762 734 762 735 762 736 762 751 762 751 762 777 757 777 751 777 726 676 722 675 722 655 726 651 722 650 722 649 722 632 722 631 722 631 722 622 726 610 723 610 723 609 723 593 726 582 722 582 722 581 722 580 722 580 722 572 727 550 727 536 722 536 722 535 722 534 722 534 722 527 727 499 727 489 722 489 722 488 722 487 722 472 726 467 722 466 722 465 722 436 722 435 722 434 722 434 722 434 723 429 727 363 727 363 751"/></Shape>
            <String CONTENT="empesche de estre baptise? Et Phi¬"
                    HPOS="363"
                    VPOS="722"
                    WIDTH="414"
                    HEIGHT="40"
                    WC="0.9899257561739754"></String>
          </TextLine>
          <TextLine ID="eSc_line_4bf332b8"
                    TAGREFS="LT8"
                    BASELINE="363 783 772 782" 
                    HPOS="363"
                    VPOS="755"
                    WIDTH="409"
                    HEIGHT="35">
            <Shape><Polygon POINTS="363 783 363 790 772 790 772 782 770 758 692 760 676 756 676 756 675 756 649 760 642 756 642 756 641 756 640 756 640 756 639 756 639 756 635 760 590 760 564 755 563 755 529 760 519 755 519 755 443 755 442 755 407 759 374 755 373 755 372 755 363 760 363 783"/></Shape>
            <String CONTENT="lippe dit/ Se tu croys de tout ton"
                    HPOS="363"
                    VPOS="755"
                    WIDTH="409"
                    HEIGHT="35"
                    WC="0.9992993070798761"></String>
          </TextLine>
          <TextLine ID="eSc_line_e00eec87"
                    TAGREFS="LT8"
                    BASELINE="364 816 776 816" 
                    HPOS="364"
                    VPOS="786"
                    WIDTH="412"
                    HEIGHT="36">
            <Shape><Polygon POINTS="364 816 364 822 776 822 776 816 776 793 747 793 723 786 723 786 722 786 700 791 678 786 677 786 676 786 654 792 647 788 646 788 646 788 623 786 622 786 621 786 605 792 599 787 599 786 598 786 597 786 587 786 587 786 586 786 585 786 585 787 578 793 565 793 549 788 548 788 548 788 531 790 508 786 508 786 507 786 506 786 503 790 497 786 496 786 495 786 495 786 482 791 478 787 478 786 478 786 477 786 457 786 456 786 455 786 436 792 425 786 425 786 424 786 423 786 423 786 422 786 411 793 364 793 364 816"/></Shape>
            <String CONTENT="cueur il est licite. Et il respond: et"
                    HPOS="364"
                    VPOS="786"
                    WIDTH="412"
                    HEIGHT="36"
                    WC="0.9932932147854253"></String>
          </TextLine>
          <TextLine ID="eSc_line_5ad62d8c"
                    TAGREFS="LT8"
                    BASELINE="364 847 771 849" 
                    HPOS="363"
                    VPOS="818"
                    WIDTH="408"
                    HEIGHT="42">
            <Shape><Polygon POINTS="364 847 363 854 372 857 373 857 374 857 410 856 414 859 414 860 414 860 415 860 416 860 438 860 438 860 438 860 451 854 455 858 456 858 457 858 457 858 478 854 495 860 496 860 497 860 497 860 510 854 514 859 514 860 515 860 516 860 517 860 557 856 570 860 570 860 571 860 604 855 640 860 641 860 642 860 652 855 661 860 662 860 663 860 663 860 664 860 664 860 670 855 687 855 697 860 698 860 699 860 700 860 717 856 723 860 723 860 724 860 725 860 742 857 770 860 771 849 770 824 742 818 698 818 697 818 697 818 687 823 663 818 662 818 580 823 575 819 574 819 574 819 573 819 572 819 557 822 530 818 529 818 506 822 493 819 493 819 492 819 491 819 491 819 487 823 445 823 425 818 425 818 424 818 423 818 412 822 400 818 400 818 399 818 398 818 386 822 382 818 382 818 381 818 380 818 380 818 379 818 364 822 364 847"/></Shape>
            <String CONTENT="dit/ Ie croy q̃ Iesus Christ est filz"
                    HPOS="363"
                    VPOS="818"
                    WIDTH="408"
                    HEIGHT="42"
                    WC="0.988838651695767"></String>
          </TextLine>
          <TextLine ID="eSc_line_29f145d0"
                    TAGREFS="LT8"
                    BASELINE="365 881 777 881" 
                    HPOS="365"
                    VPOS="853"
                    WIDTH="412"
                    HEIGHT="39">
            <Shape><Polygon POINTS="365 881 365 888 396 888 405 892 406 892 406 892 433 888 449 892 450 892 451 892 451 892 463 888 503 892 504 892 504 892 519 888 523 891 523 892 523 892 524 892 525 892 601 888 606 892 606 892 607 892 608 892 633 888 640 892 640 892 641 892 666 888 702 892 702 892 725 888 763 892 763 892 764 892 777 887 777 881 777 858 768 855 768 855 767 855 751 858 743 854 742 854 742 854 741 854 740 854 740 855 736 859 721 859 706 853 706 853 705 853 704 853 689 859 676 859 670 854 670 853 669 853 668 853 668 853 667 853 659 857 648 853 647 853 646 853 646 853 632 858 617 853 616 853 615 853 614 853 601 859 559 859 546 854 545 854 544 854 522 858 500 853 500 853 499 853 465 858 452 853 451 853 451 853 450 853 438 858 399 853 398 853 397 853 397 853 391 858 383 853 382 853 365 853 365 881"/></Shape>
            <String CONTENT="de Dieu. Et cõmanda q̃ le chariot"
                    HPOS="365"
                    VPOS="853"
                    WIDTH="412"
                    HEIGHT="39"
                    WC="0.9956423657781938"></String>
          </TextLine>
          <TextLine ID="eSc_line_0f16200c"
                    TAGREFS="LT8"
                    BASELINE="360 914 776 912" 
                    HPOS="359"
                    VPOS="885"
                    WIDTH="417"
                    HEIGHT="43">
            <Shape><Polygon POINTS="360 914 360 928 372 928 373 928 374 928 374 927 380 922 438 922 447 928 448 928 448 928 449 928 500 921 511 926 512 926 512 926 513 926 524 921 543 921 561 927 561 927 562 927 563 927 580 921 594 924 595 924 595 924 617 922 628 927 629 927 629 927 630 927 644 920 670 921 676 926 677 926 678 926 678 927 727 927 727 926 727 926 736 922 742 926 742 926 743 926 744 926 776 923 776 912 775 888 756 885 755 885 755 885 754 885 748 890 730 890 724 885 723 885 723 885 704 885 704 885 703 885 702 885 702 886 697 890 688 885 687 885 687 885 686 885 685 885 685 886 680 890 655 887 654 887 623 890 617 886 617 886 616 886 615 886 614 886 599 890 594 886 594 886 593 886 593 886 581 886 580 886 580 886 567 890 563 887 563 886 563 886 562 886 538 886 537 886 536 886 536 886 536 886 532 890 495 891 465 886 464 886 463 886 455 891 451 887 451 887 450 887 449 887 448 887 437 891 370 886 369 886 368 886 359 890 360 914"/></Shape>
            <String CONTENT="fut arreste: ⁊ tous deux descẽdirẽt"
                    HPOS="359"
                    VPOS="885"
                    WIDTH="417"
                    HEIGHT="43"
                    WC="0.9868462955629503"></String>
          </TextLine>
          <TextLine ID="eSc_line_c9d58375"
                    TAGREFS="LT8"
                    BASELINE="360 947 774 947" 
                    HPOS="360"
                    VPOS="920"
                    WIDTH="414"
                    HEIGHT="51">
            <Shape><Polygon POINTS="360 947 360 963 377 966 378 966 378 966 379 966 385 963 393 969 393 969 394 969 395 969 395 969 408 964 415 970 416 970 417 970 417 971 454 971 454 970 455 970 465 965 474 970 475 970 476 971 500 971 500 970 501 970 520 962 547 970 548 970 548 970 549 970 550 970 559 962 594 968 595 968 595 968 596 968 604 963 633 967 634 967 679 963 725 970 725 970 726 970 727 970 736 962 774 962 774 947 774 926 765 922 764 922 763 922 763 922 762 922 762 922 759 926 671 926 639 920 638 920 638 920 623 925 608 920 607 920 606 920 576 925 535 920 500 920 499 920 498 920 497 920 493 923 472 920 471 920 470 920 470 920 470 920 464 926 427 926 420 920 419 920 419 920 400 920 400 920 399 920 398 920 398 920 392 926 360 926 360 947"/></Shape>
            <String CONTENT="en leaue Philippe ⁊ le Eunucque/"
                    HPOS="360"
                    VPOS="920"
                    WIDTH="414"
                    HEIGHT="51"
                    WC="0.9990092385560274"></String>
          </TextLine>
        </TextBlock>
        <TextBlock HPOS="259"
                   VPOS="226"
                   WIDTH="110"
                   HEIGHT="86"
                   ID="eSc_textblock_5dba1497"
                   TAGREFS="BT13">
          <Shape><Polygon POINTS="259 226 259 310 365 312 369 237 322 232"/></Shape>
          <TextLine ID="eSc_line_f4b16089"
                    TAGREFS="LT8"
                    BASELINE="272 261 357 262" 
                    HPOS="271"
                    VPOS="231"
                    WIDTH="92"
                    HEIGHT="43">
            <Shape><Polygon POINTS="332 231 327 235 295 231 292 231 286 231 272 233 272 261 271 269 291 273 292 273 311 270 316 274 317 274 318 274 363 270 363 262 362 231 346 235 338 231 333 231"/></Shape>
            <String CONTENT="Matth."
                    HPOS="271"
                    VPOS="231"
                    WIDTH="92"
                    HEIGHT="43"
                    WC="0.9999966224034628"></String>
          </TextLine>
          <TextLine ID="eSc_line_89d19682"
                    TAGREFS="LT8"
                    BASELINE="270 290 355 292" 
                    HPOS="270"
                    VPOS="267"
                    WIDTH="85"
                    HEIGHT="36">
            <Shape><Polygon POINTS="270 300 297 298 309 302 310 302 311 302 320 299 354 303 355 292 355 270 270 267 270 290"/></Shape>
            <String CONTENT="derni.d"
                    HPOS="270"
                    VPOS="267"
                    WIDTH="85"
                    HEIGHT="36"
                    WC="0.9455201370375497"></String>
          </TextLine>
        </TextBlock>
        <TextBlock HPOS="268"
                   VPOS="460"
                   WIDTH="104"
                   HEIGHT="42"
                   ID="eSc_textblock_1b01c1be"
                   TAGREFS="BT13">
          <Shape><Polygon POINTS="268 460 268 502 372 502 372 460"/></Shape>
          <TextLine ID="eSc_line_c4892836"
                    TAGREFS="LT8"
                    BASELINE="271 485 365 486" 
                    HPOS="269"
                    VPOS="450"
                    WIDTH="95"
                    HEIGHT="45">
            <Shape><Polygon POINTS="269 495 361 495 362 493 364 485 364 452 320 450 319 450 318 450 317 450 317 451 308 459 270 455 270 484"/></Shape>
            <String CONTENT="mat.16d"
                    HPOS="269"
                    VPOS="450"
                    WIDTH="95"
                    HEIGHT="45"
                    WC="0.9999288320541382"></String>
          </TextLine>
        </TextBlock>
        <TextBlock HPOS="266"
                   VPOS="613"
                   WIDTH="91"
                   HEIGHT="46"
                   ID="eSc_textblock_1cac8648"
                   TAGREFS="BT13">
          <Shape><Polygon POINTS="266 613 266 659 357 659 357 613"/></Shape>
          <TextLine ID="eSc_line_40b6329e"
                    TAGREFS="LT8"
                    BASELINE="270 645 356 647" 
                    HPOS="270"
                    VPOS="614"
                    WIDTH="86"
                    HEIGHT="54">
            <Shape><Polygon POINTS="332 614 325 614 319 614 312 614 305 614 298 614 291 614 285 614 280 614 276 615 271 624 270 645 270 665 300 668 301 668 302 668 302 667 312 658 323 661 324 661 325 661 326 661 332 657 339 660 340 660 341 660 355 656 356 647 356 618 340 614 339 614"/></Shape>
            <String CONTENT="Act̃.8.e"
                    HPOS="270"
                    VPOS="614"
                    WIDTH="86"
                    HEIGHT="54"
                    ></String>
          </TextLine>
        </TextBlock>
        <TextBlock HPOS="377"
                   VPOS="230"
                   WIDTH="126"
                   HEIGHT="126"
                   ID="eSc_textblock_94548874"
                   TAGREFS="BT10">
          <Shape><Polygon POINTS="377 230 377 356 503 356 503 230"/></Shape>
          <TextLine ID="eSc_line_1c57e2f7"
                    TAGREFS="LT9"
                    BASELINE="385 349 492 346" 
                    HPOS="382"
                    VPOS="224"
                    WIDTH="112"
                    HEIGHT="146">
            <Shape><Polygon POINTS="384 370 491 369 491 345 488 329 494 238 465 228 461 231 448 229 453 234 461 224 448 232 416 228 432 322 431 322 430 322 429 322 423 259 406 239 409 323 406 236 382 241 383 328 384 348"/></Shape>
            <String CONTENT="A"
                    HPOS="382"
                    VPOS="224"
                    WIDTH="112"
                    HEIGHT="146"
                    ></String>
          </TextLine>
        </TextBlock>
      </PrintSpace>
    </Page>
  </Layout>
</alto>
