902 1224
257 133 347 43 les aultres deux/ les autres plusieurs/

258 167 350 39 ⁊ aucuns quarante/ tellement q̃ en con¬

257 193 350 40 tant les heures du iour ⁊ de la nuict ilz

257 223 352 38 forment ung iour: laquelle difference de

255 254 353 34 obseruation na point maintenãt ny en

255 282 355 38 noz temps cõmence: mais long tẽps de¬

257 311 353 36 uant nous: de ceulx (cõme il semble) qui

259 340 353 38 non gardãtz simplemẽt ce qͥ estoit bail¬

260 370 351 36 le des aultres/ lont tourne en aultre cou

261 399 349 37 stume/ ou ont par negligẽce ou ꝑ igno¬

259 428 350 36 rance apres erre. Et iacoit qͥlz ayent este

257 458 351 35 entre eulx differẽtz en ceste obseruãce/ si

258 485 349 37 sont ilz neãtmoins tousiours paisibles

257 514 348 37 auec nous/ ⁊ la difference des ieunes na

257 544 346 34 point rõpu la concordance de la foy/ ⁊c.

280 571 322 40 Lesq̃lles superstitiõs ⁊ loix de ieunes

259 601 346 38 estimõs pieca estre descẽdues/ ⁊ premie¬

259 630 350 37 rement introduictes/ par ung nomme

261 656 349 40 Mõtanus pernicieux hereticque esmeu

259 686 352 40 dung mauuais esperit/ cõme recite Eu¬

257 714 353 41 sebe en lhistoire ecclesiastique au .5. liure

255 743 353 41 28. chap̃. Par lequel sans doubte nous

257 771 351 42 uoyõs maintenãt leglise estre infectee.

257 801 351 43 Auq̃l aussi a porte grãd faueur Gregoi

256 831 348 42 re pape .7. ð ce nom/ assez mal renõme en

257 858 346 43 sa uie quand il institua le ieune du ca¬

257 888 345 42 resme sur peine de peche mortel/ et quil

259 916 337 50 defendit chairs/ beurre/ fromage/ oeufz/

488 956 33 41 H
