900 1224
354 133 148 38 pour nous.

369 163 392 43 Car aussi ny a point aultre nom

353 197 412 41 soubz le ciel dõne aux hommes au

354 230 383 44 quel il nous faille estre sauuez.

384 272 379 45 ¶ Uoyez aultres passaiges/ cest assa

351 308 413 38 uoir Iehan.10.a. Matthieu.11.d. Hebrie.

352 337 410 39 7.d. Hebri.8.b.9.d. Et sainct Augustin

351 367 414 38 au p̃mier ⁊ au second traicte sur la pre¬

349 396 416 39 miere de sainct Iehan au second chap̃.a.

351 425 414 42 Et sainct Chrysostome en lhomelie du

350 454 413 39 prouffit de leuãgile au .6. tome. Ces do¬

350 484 415 37 cteurs prealleguez suyuantz la parolle

348 510 415 39 de Dieu: disent q̃ nul nest nostre aduo¬

347 541 415 39 cat ⁊ mediateur enuers le pere q̃ Christ.

348 570 415 42 Il nest dõc besoing de auoir aultres pa¬

346 601 416 35 trons enuers Dieu/ ne de beaucop cou¬

346 627 417 38 rir dũg couste ⁊ daultre pour doulcemẽt

348 656 411 41 parler a luy/ mais q̃ combiẽ que tu soys

348 686 412 44 seul ⁊ sans patrõs quand toymesme au

345 714 414 40 nom de Christ prie/ certes tu es exaulce

345 745 414 38 pour sa reuerence. Car cõme dit sainct

344 773 413 43 Hierosme sur lepistre aux Galat. au .6.

344 803 412 39 chap̃. au .9. tome: tandis que nous som¬

343 831 413 41 mes en ce present siecle nous pouõs ay¬

344 859 411 42 der lung a laultre ou par oraisons ou

343 888 410 42 par conseil. Mais quand nous serons

343 916 407 54 uenuz deuant le throsne de Christ/ il ny

255 160 96 52 Act̃.4.b
