902 1224
193 136 371 38 reurs intolerables/ au grand detriment

194 165 261 39 ⁊ dõmage de la chrestiente.

216 193 351 39 Parquoy ie prie ⁊ admonneste tous

193 223 375 36 princes ⁊ prelatz/ de ꝯsiderer loffice auq̃l

193 252 376 39 dieu les a constituez qui est reformer les

195 282 376 35 abuz: non seulement de ceste matiere de

195 312 376 36 excõmunication: mais aussi toꝰ aultres

197 342 374 34 q̃ auõs ou deburions auoir traictez/ ⁊ cy

198 370 372 33 notez) a lhõneur de dieu ⁊ a ledification

199 399 373 36 de leglise qͥ est gouuernee par la parol¬

199 428 372 36 le de dieu: selon laquelle iay diligem¬

197 456 375 36 ment (ou deburoye auoir faict) compile

197 484 375 38 ceste presente cõfession/ laquelle ie laisse

198 514 373 37 au iugemẽt de leglise: suyuãt ce que dit

198 542 372 38 S. Hierosme. Premier quon lise/ puis

200 572 370 37 apres quõ le desprise: affin quon ne soit

202 602 370 35 estime comme par presumption de hay¬

202 629 363 42 ne/ condemner les choses quon ignore.

227 685 274 40 Limprimeur aux Lecteurs.

204 728 322 44 Qui faire doibt/ ⁊ ne peult faire:

204 769 370 44 Son faict pour luy/ il luy doibt plaire.

280 828 219 41 Acheue dimprimer/ le

312 862 158 36 premier iour de

333 888 116 43 Decembre.

363 919 58 45 1533.
