900 1224
374 114 398 55 puissãce sinon de Dieu/ ⁊ les puis

372 159 403 42 sances qui sont/ elles sont ordon¬

370 190 405 45 nees de dieu. Parquoy qui resiste

372 223 404 43 a la puissance/ il resiste a lordõnã

371 255 401 45 ce de dieu. Et qui y resistẽt/ iceulx

375 288 396 42 acquierent dãnation a eulx mes¬

375 327 399 40 mes: car les princes ne sont point

375 359 399 36 a craindre pour la bonne oeuure:

375 385 399 43 mais poͬ la mauuaise. Et ueulx

375 420 398 39 tu ne craindre point la puissance:

372 453 404 40 fais bien/ ⁊ icelle te louera: car elle

371 486 401 41 est seruãte a dieu pour toy en biẽ.

371 520 405 40 Mais si tu fais mal/ crains: car

375 549 400 42 elle ne porte point le glaiue sans

365 584 413 42 cause: car elle est seruante a Dieu

366 617 410 41 pour faire uengeãce en ire/ diceluy

370 650 404 40 qui faict mal. Et pourtant soyez

369 683 407 39 subiectz a la necessite/ non poĩt seu

365 714 411 41 lement pour lire: mais aussi pour

366 745 409 43 la conscience. Pour ceste cause cer¬

366 778 410 43 tes uous payez les tributz: car ilz

368 810 406 44 sõt les ministres de Dieu/ seruãtz

366 843 409 44 a ceste chose. Rendez dõc a tous les

367 877 409 42 choses deues: a qͥ tribut/ le tribut: a

370 909 402 57 qͥ passage/ le passage: a qͥ crainte/

272 145 90 43 ◊1.qõ.1.c.

270 183 93 38 magnũ.

275 216 87 29 23.q.5.c.

270 240 90 39 prodest.

268 269 96 37 23.q.1.c.

268 297 96 38 mouet.

268 331 96 32 23.q.1.c.

268 355 96 37 qui cul¬

268 386 96 39 patur.

270 417 94 35 11.qõ.3.c.

280 448 98 33 qui resi¬

271 474 47 38 stit.

270 507 95 33 23.q.4.c.

272 533 89 51 quesitũ.
