900 1224
383 139 385 44 Toutes choses q̃ uoꝰ demãdez

367 178 403 42 en oraison: croyez q̃ uous laurez/ ⁊

370 210 401 42 ⁊ elles uoꝰ serõt faictes. Et quãd

370 244 402 42 uous serez pour faire oraisõ: par¬

370 277 402 42 donnez se uous auez quelque cho¬

372 309 402 44 se contre aucun: affin que uostre

370 346 109 40 pere ⁊c.

398 370 376 43 En uerite ie uous dis/ q̃ se uoꝰ

370 407 404 43 auez foy/ ⁊ que uous ne doubtez/

372 439 405 44 uous ne ferez point tant seulemẽt

372 471 400 45 ce dung figuier: mais aussi se uoꝰ

372 505 404 39 dittes a ceste mõtaigne: Oste toy

369 535 406 43 ⁊ te iecte en la mer: il sera faict. Et

371 570 406 44 quelcõque chose que uous deman

372 602 404 44 derez en oraison ayant foy/ uous

372 637 179 40 le obtiendrez.

401 661 378 46 Et si aucun de uous a faulte de

374 697 401 47 sapience/ quil la demande a dieu/

376 728 399 49 lequel dõne a tous abondãmẽt/ ⁊

377 761 398 47 ne le reproche point: ⁊ elle luy sera

376 797 398 40 donnee/ mais quil la demande en

374 830 321 46 foy ne doubtant en rien ⁊c.

406 860 366 49 De rechief/ ie uoꝰ dis q̃ si deux

378 891 397 46 de entre uous sont cõsentans sur

371 926 404 55 la terre: de q̃lque chose quilz demã

263 142 114 52 mar.11.d

273 371 90 50 mat.21.c

276 668 97 50 Iaco.1.a

277 880 94 47 mat.18.c
