902 1224
153 131 395 39 fois se glorifiantz de la foy) saichẽt que

149 159 401 40 se ilz ont uraye foy quilz aurõt pareille¬

146 191 404 37 ment ⁊ produyront les fruictz ⁊ oeuures

144 218 407 35 dicelle: ce que ne peuuent faire les infide¬

144 246 410 40 les. Car comme dit S. Paul des fideles

143 277 412 39 (apres auoir parle de la foy) Nous som

142 307 413 35 mes certes son oeuure/ crees en Iesus

144 335 413 39 Christ/ pour faire bonnes oeuures/ les¬

143 365 414 36 quelles Dieu a prepare: affin que nous

143 393 415 35 cheminiõs en icelles. Parquoy telle ma¬

142 422 417 37 niere de gens se seduyt ⁊ decoit/ ⁊ est in¬

142 452 417 33 excusable. Desquelz aussi parle ledict

143 480 414 40 Apostre a Tite/ Ilz cõfessent (dit il) qͥlz

143 512 412 36 cõgnoissent Dieu: mais ilz le nyent par

144 541 413 32 oeuures/ ueu quilz sont abhominables

145 572 412 30 ⁊ incredules ⁊ reprouuez a toute bonne

146 597 411 38 oeuure. Contre lesquelz aussi sainct

147 626 407 38 Iacques dit/ Que la foy sans oeuures

146 656 413 36 est morte: non pas quelle uiue (cõme au¬

145 684 415 37 cuns ont mal glosse) par les o´euures:

144 713 418 34 mais que icelles oeuures demonstrent la

146 742 415 37 foy estre uiue en nous. Daultres en

148 772 413 33 y a tout a lopposite: qui (comme anean¬

148 799 411 39 tissantz la foy ⁊ grace de dieu) attribuẽt

150 829 407 38 la iustification ⁊ salut a leurs oeuures

153 859 400 37 ⁊ merites: maintenantz aussi que neces

155 887 400 37 saires sõt premieremẽt les oeuures que

154 917 400 49 la foy: ⁊ q̃ apres icelles oeuures faictes

562 246 83 36 Eph.2.b

563 480 87 37 Titũ.1.d

567 624 83 38 Iaco.2.d
