900 1224
349 130 238 40 ra de nostre bouche.

372 159 387 49 Le seigneur dieu dit ces choses/

353 197 409 42 Malediction sur ceulx qui cousent

353 229 410 43 les coussins soubz toꝰ les couldes

354 263 408 40 des mains et font des aureilliers

355 297 408 40 soubz le chief de toute eage pour

354 329 410 40 prendre les ames. Et quãd ilz pre¬

355 363 409 40 noient les ames de mon peuple ilz

357 393 409 42 uiuifioient leurs ames ⁊ me uio¬

353 428 412 41 loiẽt enuers mon peuple pour une

353 460 413 43 poignee dorge/ ⁊ pour une piece de

353 492 413 43 pain: affin quilz peussent mettre a

352 527 414 39 mort les ames qui sont sans mou

353 557 413 44 rir/ ⁊ quilz peussent uiuifier les a¬

354 591 414 40 mes qui ne uiuent pas en mentãt

355 623 411 41 a mõ peuple qͥ croyt en mẽsonges.

389 655 379 42 Ilz me sont faictz tous comme

357 686 409 45 Sodome ⁊ ses habitantz me sont

359 720 405 42 faictz tous comme Gomorre/

357 750 407 46 ne uueillez escouter les parolles

357 784 407 45 des prophetes qui uous prophe¬

357 817 408 44 tisent et uous decoiuent: ilz par¬

357 850 406 44 lent la uision de leur coeur ⁊ non

357 883 353 43 pas de la douche du seigneur.

382 913 381 51 Maintenãt aussi est faict ce cõ¬

251 156 94 60 Ezec.13.c

260 663 87 43 Iere.23.

262 697 52 33 c.d.

258 910 97 51 mala.2a
