902 1224
114 136 402 43 plir en mõ uieil eage de son sainct

114 165 402 48 esperit. Il plaira aussi a uostre

112 202 402 41 sacree maieste de pardõner a mon

109 233 404 43 audace ⁊ trop grande presumptiõ

109 267 407 42 ce q̃ iay attente de luy desdier ceste

108 297 404 48 petite confession/ Laq̃lle chose iay

108 333 408 41 entreprins suyuant la respõce que

110 364 406 44 ung philosophe fit au roy Alexã¬

108 398 408 40 dre lors quil luy demanda a qui

107 430 405 37 il delaisseroit son empire. A celuy

108 462 406 45 (respond le philosophe) que tu cõ¬

108 496 406 40 gnois tresbõ. Et pour ce que ie ne

108 529 406 40 cõgnois nul en tout le monde qui

109 562 403 41 ayme mieulx a soustenir la foy ca

110 595 403 40 tholique que uostre royalle ⁊ tres¬

111 629 404 38 chrestienne maieste, ie me suis en¬

109 659 407 41 hardy ⁊ auãce de luy p̃senter ceste

109 693 409 40 miẽne derniere cõfession/ laquelle

109 726 407 41 iay faicte en nostre uulgaire fran¬

110 759 406 40 coys: affin q̃ ceulx qui nentendent

108 791 406 41 point le latin puissent cõgnoistre

110 826 403 38 ma derniere sentence sur les arti¬

111 858 399 40 cles cõtenus en icelle/ ⁊ affin aussi

112 892 398 39 de oster la mauuaise suspiciõ que

111 923 397 47 plusieurs auoient de ma doctrine.
