900 1224
346 146 398 44 ⁊ affin q̃ chascun cõgnoisse quelle

345 179 401 45 est ma foy/ Iay uoulu faire ung

346 214 402 41 petit extraict des principalles sen

346 245 404 41 tẽces de lescripture saincte/ auquel

345 278 404 43 ie cõfesse ⁊ recoy les propositions

348 316 396 34 (pour ce quelles sont chrestiẽnes)

348 346 403 38 cõtenues audict extraict: en admo

348 377 404 41 nestãt tous urays chrestiẽs de les

348 410 403 41 croyre, non point a cause de moy/

349 445 406 38 ou pour mõ autorite/ ains pour ce

348 476 405 40 que elles sont de la seule uraye pa

348 508 405 42 rolle de Dieu. Pour lesq̃lles aussi

348 543 408 39 deffendre/ soustenir/ et maintenir

346 576 409 38 ie me offre enuers toꝰ ⁊ cõtre tous

348 609 408 39 a disputation publicque. O a la

347 641 408 38 mienne uolunte que nous eussiõs

348 671 409 41 ung bon cõcil general par lequel

348 705 408 40 toute la chrestiente fut deumẽt re¬

351 739 405 42 formee, ⁊ tous les abuz des eccle¬

351 772 402 41 siastiques corrigez/ iouxte ⁊ selon

346 804 408 42 la parolle de Dieu: affin que les

350 836 404 43 Lutheriẽs ne eussent plus occasiõ

349 872 406 39 de cryer cõtre nous. Car sans cela

348 905 407 40 nous ne aurõs iamais paix auec

347 938 405 47 eulx/ a cause quilz ne cerchent q̃ la
