900 1224
355 144 405 46 c. Interrogo. dit que on ne doibt moins

354 175 407 41 de reuerence a la parolle de Christ/ q̃ au

356 204 405 45 corps de Christ: car la parolle de Christ

356 231 221 42 est le corps de Christ.

387 262 372 41 Item il dit (en parlant de la mãdu¬

358 292 402 43 cation qͥ se faict par la foy) a quoy pre¬

357 320 399 44 pare tu ton uentre ou tes dentz? croys ⁊

360 350 151 37 tu as mange.

387 378 375 41 Item sur S. Iehan des parolles du

359 408 402 41 seigñr au sermon .53. dit S. Augustin:

357 438 404 38 Que tous les croyantz en la saincte

357 467 302 38 egsise sont le corps de Christ.

384 497 374 38 Item ledict au sermon des sacremẽtz

354 527 405 37 des fideles en la .2. ferie de Pasq̃s: Les

353 554 405 38 fideles cõgnoissẽt biẽ le corps de Christ/

355 584 406 36 silz ne mettẽt pas en non chaloir destre

355 612 406 37 le corps de Christ. Quilz soyent faictz

356 640 407 33 le corps de Christ/ silz ueulent uiure de

357 669 406 37 lesperit de Christ. Rien ne uit de lesperit

357 698 405 37 de Christ/ sinon le corps de Christ. Et

357 728 405 37 puis tãtost apres se escriãt dit. O sacre¬

357 756 402 37 ment de pitie O signe de unite. O lien

357 785 403 37 de charite. Celuy qui ueult uiure/ il a

355 815 404 38 bien pour uiure: quil se approche/ quil

355 845 405 36 croye/ quil soit incorpore/ quil soit ui¬

353 874 406 33 uifie/ qͥl ne se departe point de la cõiun¬

353 903 404 36 ction des mẽbres/ quil ne soit pas ung

352 931 404 45 mẽbre pourry qͥ ayt deseruy destre coup¬
