902 1224
244 146 364 38 toute leglise ne pouoit faire. Car cõme

244 174 366 41 dit maistre Iehan Gerson/ leglise ne

242 206 366 37 peult obliger personne sur peine de pe¬

241 235 367 34 che mortel. Que ieune soit en liberte

240 263 370 39 auõs aussi Origene entre les docteurs

242 293 365 36 anciẽs disant ainsi. Si tu ueulx ieuner

244 320 365 37 selon Christ/ ⁊ humilier ton ame/ tout

243 349 367 38 le temps de lan te est cõuenable/ mesme

244 379 365 37 prens tous les iours de ta uie/ pour hu¬

243 406 363 40 milier ton ame ⁊c. Et ung peu apres.

242 436 364 37 Cest ueritablemẽt la liberte chrestienne

240 465 365 39 de ieuner en tout tẽps: non point par su

239 494 365 40 perstition de obseruance/ mais par uer¬

238 524 183 34 tu de continence ⁊c.

260 550 344 45 Item sainct Hierosme reprouuãt plu

238 582 361 38 sieurs aultres abuz du ieune a Nepotiã

239 609 366 41 au .1. Tome dit: Metz en toy telle mode

240 638 367 39 de ieuner/ q̃ tu le puisse porter. Que tu

239 667 368 41 aye pures/ chastes/ simples et moderees

237 696 370 42 ieunes/ et non pas superstitieuses. Que

235 724 371 40 prouffite il de point mãger dhuyle: et de

234 754 368 42 chercher aucunes molesties ⁊ difficultez

235 782 367 44 de uiandes/ cõme figues/ poiure/ noix/

234 810 369 44 les fruictz des palmes/ la fleur du fro¬

234 840 365 44 ment/ du miel/ ⁊ telles manieres de uiã¬

235 867 360 44 des? Tout le labeur des Iardins est tra¬

234 897 359 45 uaille affin q̃ ne mangiõs point de uiã¬

233 927 356 51 de de pain: ⁊ la ou nous ensuyuons noz

617 176 70 40 Gerson

616 265 64 37 Orige.

607 557 66 42 Hieros.
