900 1224
389 119 405 41 cides/ paillardises/ yurõgneries/ dãses/

392 150 403 40 ieux dissolus/ detractions/ põpes/ ⁊ plu

395 180 400 40 sieurs aultres pechez ĩnumerables/ dõt

393 209 400 39 le pouure mõde est infecte. Toutes¬

396 239 398 37 foys ie ne ueulx pas dire quon ne puisse

393 268 401 40 licitemẽt de son labeur continuel a tẽps

392 296 402 41 cesser (nõ poĩt par maniere de obligatiõ

393 327 402 39 mais par liberte) affin de mieulx uacq̃r

391 357 404 36 ⁊ entẽdre ce iour la a la parolle de dieu/ ⁊

392 384 403 40 a oraisõ. Et aussi poͬ dõner repos ꝑ cha

391 415 404 38 rite a sa famille: sãs les opprimer par cõ

392 442 402 41 tinuelz labeͬs/ sachãs (cõe dit s. Paul)

389 472 406 37 que le seigneur des seruiteurs ⁊ des mai¬

389 499 405 44 stres est es cieulx/ ⁊ q̃ enuers luy il ny a

387 530 338 41 point de acception de personnes.

390 586 404 45 ¶ De excõmunicatiõ. Eha.22.

421 644 374 44 ¶ Ie cõfesse/ q̃ excõmunication est se

392 677 402 41 paratiõ ⁊ reiectiõ de la saincte assẽblee

393 705 400 43 de nr̃e seigñr Iesus Christ: laq̃lle ne se

391 735 402 43 doibt faire sinon par leglise contre les

393 767 324 42 pecheurs publicques ⁊ obstinez.

504 801 291 46 E ton frere a peche cõtre

509 838 286 42 toy: ua/ ⁊ le reprẽs entre

504 865 286 53 toy ⁊ luy seul. Sil te oyt:

389 903 401 55 tu auras gaigne tõ frere. Mais sil

296 432 91 45 Eph.6.b

290 795 100 35 mat.18.b

291 828 98 41 Luc.17.a

408 808 90 114 S
