902 1224
215 149 385 38 celuy qui ignore ce q̃ tu demande: la ou

216 178 383 39 il le cõgnoist deuãt que tu le pense/ car

215 209 382 36 aussi urayemẽt ne scauẽt ilz quilz diẽt.

214 238 386 36 Les leures seullemẽt se remuẽt/ mais lẽ

214 267 385 37 tendemẽt est sans fruict: ⁊ ses aureilles

219 295 380 38 sont sourdes. Tu ne oys poĩt ton orai¬

218 324 380 39 son: ⁊ si ueulx q̃ le seigñr oye ta req̃ste/

216 354 382 38 Iay ploye (diras tu) les genoulx. Tu

215 382 383 38 as urayemẽt ploye les genoulx dedans

215 412 382 38 le tẽple: mais ta pẽsee est uague par de¬

214 440 380 37 hors. Ton corps est dedans: mais ton

214 469 381 38 sẽs est dehors. La bouche parloit: mais

212 497 382 40 la pẽsee pensoit aux usures/ elle nõbroit

210 527 382 38 le reuenu des possessions/ elle regardoit

210 554 380 41 la description des maisõs ⁊c. Et tãtost

212 584 378 40 apres: Aye pitie de moy. Ie nay pas (dist

212 613 379 37 elle) la cõscience de bõnes oeuures/ ne la

212 641 379 40 cõfidence de droicte uie. Ie prẽs mon re¬

211 671 378 38 fuge a ta misericorde: au uray port des

208 699 382 42 pecheurs. Elle ne prie point Iacq̃s/ elle

207 726 381 43 ne faict point sa requeste a Iehan/ ⁊ ne

207 758 379 41 ua point a Pierre/ elle ne enflãme poĩt

205 785 381 43 la cõgregation des apostres/ elle na poĩt

204 813 380 43 demãde de mediateur. Mais au lieu de

203 843 375 43 toutes ces choses a prins penitẽce pour

204 873 372 42 sa cõpaigne/ laq̃lle a remply le lieu de

202 902 373 41 laduocat: ⁊ ainsi sen est allee a la souue¬

200 930 370 47 raine fontaine. Pour ce (dist elle) est il
