902 1224
171 146 384 40 utilement mettre en memoire q̃ la chair

169 175 385 39 diceluy a este blessee ⁊ crucifie poͬ noꝰ.

189 203 370 41 Item S. Iehã en ce mesme sur la let¬

165 233 390 37 tre.g. Ie suis le pain de uie/ qͥ uiẽt a moy

163 264 392 37 il ne aura point fain: ⁊ qͥ croyt en moy

163 293 343 37 il ne aura pas soif eternellement.

191 320 369 39 Sur quoy. S. Aug. en .1. qͥnquagene

164 350 396 38 en la prefation du .3. Psal. Pareillemẽt

165 379 396 38 dit Tertulian au .1. ⁊ .3. liure. cõtre Mar

163 409 397 34 cion: ⁊ Gratian au Decret. de peni. dist.

162 437 398 33 2. Donc qͥ ne uit eternellemẽt ne a point

162 467 395 36 mange le pain uif eternel/ mais celuy

163 497 395 35 qui ne la point mange na point creu en

161 524 393 39 luy: car cela est manger le pain uif/ croy

161 552 138 38 re en Christ.

191 581 361 40 Item S. Hierosme sur Lecclesiaste:

163 611 392 39 La chair du seigñr est uraye uiãde: ⁊ son

167 639 393 37 sang uray breuuage. En ce mõde pre¬

165 669 394 36 sent nous ne auõs q̃ ce seul bien/ si noꝰ

163 697 396 39 mangeõs sa chair ⁊ beuuons son sang:

163 731 396 29 non pas seullement au mystere: mais

163 754 397 38 aussi a la lecon des escriptures. Certes

161 784 400 36 le uray mãger ⁊ boire est la science des

164 812 395 42 escriptures qui se prent de la parolle

166 839 133 35 de Dieu ⁊c.

189 869 366 41 Semblables choses dit Orig. sur le

169 898 256 39 Leuitique en lhomelie .13.

195 927 354 52 Item S. Augustin au Decret. 1.qõ.1.

567 350 77 36 Tertu¬

567 379 47 37 lian.

566 582 68 40 Hieros.
