902 1224
163 139 398 35 pture/ a laq̃lle seulle il fault obeyr (reie

160 166 401 36 ctant toute coustume au cõtraire/ tẽps ⁊

159 196 403 38 personnes) si nous uoulõs estre les di¬

157 224 404 39 sciples de Iesus Christ. Car cõe dit S.

157 254 402 36 Iehan.15.a. Se uous faictes ce q̃ ie uoꝰ

155 283 409 35 cõmande maintenant ne uous appelle¬

155 312 408 37 ray ie pas seruiteͬs/ mais amys: sur les¬

157 341 407 39 quelles parolles dit S. Cyprian ad Ce¬

156 370 408 38 cilium au .2. liure/ en la .2. epistre. Que

156 399 405 37 Christ doibue estre seul ouy le pere le tes

155 429 409 38 moigne du ciel/ disãt: Cestuy est mõ filz

154 459 407 34 le bien ayme auquel ay mis mon cõsen

154 487 409 38 temẽt/ escoutez le. Parquoy sil est ainsi

157 515 406 38 q̃ Christ seul doibt estre escoute/ noꝰ ne

155 548 406 32 debuõs point regarder q̃lle chose aucun

156 576 405 31 deuãt nous a estime destre bon de faire:

157 602 406 37 mais quelle chose Christ qui est deuant

158 631 405 36 tous les aultres. Car aussi ne fault il

157 660 407 36 pas ensuyuir la coustume de lhõe: mais

157 688 406 38 la uerite de Dieu/ attendu q̃ le seigneur

155 718 408 36 parle ⁊ dit par le prophete Esaie.29.d.

157 746 408 38 Matth.15.a Il me font hõneur sãs cau

157 776 406 35 se en enseignãt les mãdementz ⁊ doctri

156 805 408 37 nes des hõmes. Et de rechef en leuãgile/

159 834 404 34 uous reiectez les cõmandementz de dieu

161 863 401 36 pour establir uoz traditiõs. Et pourtãt

160 893 399 37 cher frere: si aucun de noz predecesseurs/

161 922 396 48 ou par ignorance/ ou par simplesse na

389 948 75 46 C .iiii.

568 341 85 39 Cypriã.

568 429 88 36 mat.17.b
