902 1224
137 133 409 39 que nul ne les pouoit tenir in sana con¬

138 161 408 37 scientia: cest adire/ en bonne conscience ⁊

138 190 408 40 sans peche. Mais reiectant telle inter¬

135 219 412 40 pretation/ ie me tiens a la uraye intelli¬

134 248 409 39 gence du texte en ensuyuãt sainct Chry

136 278 413 40 sosto. ⁊ sainct Hierosme/ lesquelz linter¬

133 306 411 38 pretent de une seule femme. Et le reue¬

132 331 415 40 rẽdissime Tho. Caietanꝰ en ses Quod¬

133 365 414 34 libetz ou il dit/ que le prebstre de leglise

133 394 414 37 latine se peult marier/ en se fondant sur

134 422 412 37 ce passage. Ceste matiere certes se deb¬

134 452 414 38 uroit bien traicter en ung bon cõcil (leq̃l

134 483 413 34 nous doint dieu) pour euiter tãt de scan

136 511 410 35 dales/ las: que font auiourdhuy les gẽs

136 539 357 40 deglise parmy toute la chrestiente.

205 592 309 47 ¶ Du Roy. Chap̃.9.

168 654 387 40 ¶ Ie confesse que les roix/ princes/ ⁊

140 687 411 35 gouuerneurs sont ordõnez ⁊ establis mi

138 715 412 35 nistres de dieu/ ausquelz on doibt obeyr:

139 745 411 38 car ilz portent le glaiue pour la deffen

140 777 411 35 ce des innocentz/ ⁊ punition des mal¬

141 801 107 36 faicteurs.

247 842 302 49 Oute ame soit subiecte

253 883 297 39 aux souueraines puissan

254 915 295 47 ces: car il ny a point de

554 302 85 62 Thom̃.

555 358 86 40 Caieta¬

554 388 44 38 nus.

559 842 79 49 Ro.13.a

152 834 85 126 T
