902 1224
213 141 363 48 tre moy. Iay peche a toy seul/ ⁊ ay

214 176 260 44 faict le mal deuant toy.

237 198 360 58 Confessez que le seigneur est

212 240 373 55 bon/ pource sa misericorde est a

212 279 126 35 tousiours.

241 290 344 64 Si nous cõfessons noz pechez/

214 340 373 42 Dieu est fidele ⁊ iuste pour nous

214 373 374 42 pardõner noz pechez/ ⁊ pour nous

214 407 296 35 nettoyer de toute iniquite.

236 432 348 48 Ne soys pas confus de confesser

212 469 375 47 tes pechez: et ne te submetz pas a

213 505 272 40 tout hõme pour le peche.

236 525 342 56 Iay torne ma face uers mõ sei¬

214 571 367 43 gneur dieu: pour prier ⁊ faire dep̃¬

215 605 368 36 cation/ en ieunes/ en sac/ ⁊ en cen¬

214 635 370 39 dres: ⁊ priay a mon seigneur dieu/

214 665 372 44 ⁊ me cõfessay/ ⁊ dis: Ie te prie sei¬

214 699 372 40 gneur dieu/ qͥ es grãd ⁊ terrible ⁊c.

213 730 373 42 Nous auõs peche/ noꝰ auõs faict

213 765 372 40 iniquite/ nous auons faict iniu¬

216 798 129 43 stement ⁊c.

236 828 341 48 Qui est celuy qui entend les pe

217 868 361 38 chez? seigneur dieu nettoye moy de

215 897 361 42 mes pechez: ⁊ pardonne a ton ser¬

214 929 282 47 uiteur les pechez de crime.

424 963 69 46 G .iii.

592 201 75 48 Ps̈.105a

588 290 68 56 1.Ioã.1.

592 425 74 58 eccłi.4.c

584 542 81 61 dani.9.a

586 838 74 46 Ps̈.18.d
