902 1224
129 127 394 46 mais soyez de courage lexẽplaire

130 161 395 43 du troupeau. Et quand le prince

129 192 396 44 des pasteurs apparoistra uous re

128 225 400 43 ceurez la couronne incorruptible

127 261 126 41 de gloire.

157 280 368 54 Il ne sera point ainsi entre uoꝰ

127 322 409 43 mais quiconque de uous uouldra

129 356 407 41 estre grand soit uostre ministre: et

130 387 405 42 qͥ entre uous uouldra estre le pre¬

129 420 406 42 mier sera ur̃e seruiteur/ tout ainsi

129 452 408 43 que le filz de lhõme nest point ue¬

130 486 405 43 nu pour estre seruy/ mais pour

131 520 120 40 seruir ⁊c.

157 539 377 57 Faictz que nul ne mesprise ton

133 584 407 39 adolescence: mais soys lexemple

134 616 405 41 des fideles/ en parolle/ en cõuersa

134 648 406 41 tiõ/ en charite/ en foy/ en chastete/

134 681 406 40 ce tẽps pendant que ie uiendray/

136 713 407 40 soys attentif a lecon/ ⁊ admoni¬

136 745 229 39 tion ⁊ doctrine ⁊c.

156 772 384 46 Presche la parolle/ ꝑseuere opor

138 813 406 37 tunement/ importunemẽt/ argue/

140 843 405 43 supplie/ blasme/ en toute patiẽce ⁊

141 876 139 37 doctrine ⁊c.

170 900 369 60 Nul ne p̃sume a soy cest hõneur

535 283 87 42 mat.20d

539 535 92 51 1.tim̃.4c

545 772 91 52 1.tim̃.4a

546 898 89 77 Hebr.5.b
