900 1224
337 145 387 46 Dieu est esperit ⁊ fault q̃ ceulx

324 181 403 45 qui le adorent le adorent en espe¬

327 209 157 38 rit et uerite.

330 237 309 51 Certes Dieu est esperit.

330 273 396 48 A nous il nest que ung Dieu le

332 308 392 42 pere duquel sont toutes choses/ et

325 343 401 44 ung seigñr Iesus Christ/ par leq̃l

323 380 403 38 sont toutes choses ⁊ nous par luy.

342 408 382 44 Il ny a que ung mesme Dieu

321 446 403 37 qui oeuure toutes choses en tous.

322 480 402 38 ¶ De ceste matiere amplemẽt ont trai¬

320 512 403 38 cte S. Augustin/ ⁊ S. Hilaire en leurs

319 541 404 33 liures de la trinite ausquelz ilz demon¬

319 571 406 38 strent par le texte de lescripture saincte

321 600 402 37 quil nest q̃ ung seul Dieu/ duquel on

320 630 405 35 doibt esperer ⁊ attendre tout bien: car il

319 657 404 36 est tout puissant/ tout bon/ ⁊ sur tous fa

319 685 404 39 cile ⁊ misericordieux. Malheureux sõt

319 716 402 36 ceulx donc qui adorẽt/ inuocquẽt ⁊ priẽt

319 744 401 37 aultre que luy/ ⁊ ailleurs cerchẽt ayde/

316 771 402 40 confort/ grace/ ⁊ salut: qui est se deffier

317 803 310 39 de la clemence ⁊ bonte de dieu.

319 860 384 47 ¶ De Iesus Christ. Chap̃.2.

344 900 373 44 ¶ Ie cõfesse q̃ Iesus Christ est le filz

314 934 401 45 ⁊ limage du pere/ en qͥ habite toute ple¬

222 136 103 44 Ioã.4.c

221 234 99 46 2.cor.3.d

221 277 99 38 1.cor.8.b

224 411 94 37 1.cor.12a
