902 1224
185 122 397 45 selon charite. Ne fays poĩt perir poͬ ta

182 153 399 47 uiãde celuy pour leq̃l Christ est mort.

214 209 346 53 ¶ Des festes. Chap̃.21.

210 270 381 44 ¶ Ie cõfesse que le sabbath ⁊ aultres

181 304 410 37 certains iours qui estoient baillez aux

182 331 411 42 Iuifz pour umbre ⁊ figure/ nous sont

182 361 411 40 faictz (par la liberte que Iesus nous a

182 395 317 34 donne) egaulx ⁊ semblables.

293 419 295 50 E ne souffriray plus ur̃e

286 462 310 37 uouuelle lune: ne le sab¬

287 493 306 46 bath/ ne les aultres festes.

180 528 411 43 Uoz cõgregatiõs sõt ꝑuerses/ mõ

180 561 413 40 ame hayt uoz iours de calẽdes/ et

183 591 410 42 uoz solẽnitez/ icelles me sõt en char

182 622 412 44 ge/ ⁊ ay eu peine en les soustenãt.

214 652 379 42 Nul ne uous iuge en uiãde/ ou

180 688 417 42 en breuuage/ ou en partie du ioͬ de

180 722 415 38 la feste/ ou du nouueau moys/ ou

182 753 411 42 des sabbathz: qui sont lombre des

182 788 413 42 choses qui estoient a aduenir/ le

182 820 270 40 corps certes de Christ.

215 855 369 35 Uous obseruez les iours/ ⁊ les

182 884 407 42 moys/ ⁊ les tẽps/ ⁊ les annees ⁊c.

217 919 361 50 Certes se uous entendiez q̃ cest:

465 967 30 36 I

597 391 82 79 Esai.1.d

599 649 82 47 colos.2.f

593 841 91 52 Gał.4b

588 921 94 40 mat.12.a

189 433 93 109 I
