902 1224
163 144 381 44 gneur/ ce q̃ ie uous ay baille: que

161 180 380 40 nostre seigñr Iesus en la nuyct en

158 212 384 40 laquelle il fut liure print le pain

157 244 388 41 ⁊ en rendãt graces le rõpit/ et dit:

159 278 387 40 Prenez ⁊ mãgez: ce est mon corps

157 310 389 40 qui sera liure pour uous. Faictes

157 342 391 40 ce en memoire de moy. Semblable

155 374 394 41 ment aussi le calice apres quil eust

158 407 390 41 souppe/ disant: Ce calice est le nou

155 437 391 42 ueau testamẽt en mon sang. Fai¬

155 470 391 44 ctes ce/ toutes les foys q̃ le beuurez

154 503 390 43 en memoire ð moy. Car toutes les

157 535 386 42 foys q̃ uoꝰ mãgerez ce pain ⁊ beu¬

155 567 389 40 urez ce calice uoꝰ ãnõcerez la mort

158 597 388 45 de nr̃e seigneur iusques ad ce quil

158 631 389 44 uiẽne. Parquoy qͥcõques mãgera

156 663 393 42 le pain ⁊ beuuera le calice de nr̃e

155 697 393 40 seigñr indignemẽt: il sera coulpa¬

152 726 396 44 ble du corps ⁊ du sãg de nostre sei¬

153 759 393 42 gneur. Mais lhõe se esprouue soy¬

153 790 393 45 mesme: ⁊ ainsi mãge de ce pain et

153 823 391 41 boiue de ce calice. Car qui mange ⁊

155 856 386 43 boit indignemẽt: il mange et boit

159 889 379 49 son iugemẽt ne discernãt point le

156 922 282 53 corps de nostre seigneur.

376 954 81 48 E .iiii.
