902 1224
141 126 396 51 cõme en dõnant la conclusion de toutes

144 162 397 45 ses cõfirmations/ dit en ce lieu icy. Ou

141 188 405 48 est donc ta gloriation? ⁊c. Et dit que la

141 221 403 42 seule iustification de dieu suffit/ tellemẽt

141 252 405 41 que celuy qui croyt seulemẽt est iustifie:

141 281 406 39 uoire aussi quand nulle oeuure ne sera

143 310 404 42 faicte par luy. Car par la foy a este iusti

142 340 403 41 fie le larron/ sans les oeuures de la loy:

142 369 406 41 car sur ceste foy le seigneur ne demande

143 398 405 41 point q̃lle chose il auoit faict parauant:

142 427 407 39 ⁊ ne attẽdit pas apres quil eust creu q̃lle

142 456 408 40 oeuure il feroit/ mais le receut cõe iusti¬

143 486 403 40 fie par seule foy pour entrer auec luy en

143 515 404 40 paradis. Mais aussi ceste femme qͥ est

140 546 405 37 recitee en leuãgile selon sainct Luc/ la¬

144 573 403 40 quelle ouyt aux piedz de Iesus/ Tes pe¬

146 603 404 38 chez te sont pardonnez: ⁊ de rechief/ Ta

148 631 400 40 foy ta sauuee/ ua en paix. Et aussi en

146 660 405 40 plusieurs passages de leuangile lisons

146 688 404 36 que Iesus Christ a use de telles parolles

145 718 408 35 la ou il dit la cause du salut/ estre la

146 747 407 39 foy de celuy qui croyt. Lhõme est donc

146 779 404 36 iustifie par foy: auquel ne seruent rien

148 807 392 37 pour la iustice les oeuures de la loy ⁊c.

151 835 399 38 ¶ Mais pour aduertir le simple peuple

151 865 397 34 quand ie parle de la foy iustifiãte/ ie nẽ¬

151 894 397 36 tendz poĩt de une froide/ oysiue/ ⁊ morte

154 923 392 46 foy: cõe croyãt seulemẽt q̃ dieu est/ et que

550 162 67 73 Ro.3.d

555 528 80 50 Luc.7.g
