902 1224
184 131 379 44 ne tere/ de laquelle parle Dauid: Ton

185 167 387 40 bon esperit me cõduyra en la bõne terre/

186 197 392 39 seigneur tu me uiuifieras a cause de ton

183 225 391 40 nom ⁊c. Or maintenãt si aucun ueult

183 254 389 39 ⁊ demãde aultre satisfactiõ que le sang

182 283 396 40 ⁊ mort de Iesus christ/ il luy faict iniure

184 312 396 40 en denyãt la uertu ⁊ efficace de sa saĩcte

187 343 392 39 passion. Et est par trop arrogant ⁊ pre¬

188 372 390 38 sumptueux de uouloir satisfaire par ses

187 403 391 33 oeuures/ ueu quil nest que peche/ et que

187 428 387 38 Iesus christ dit en S. Luc.17.c. Quand

187 459 389 36 uous aurez tout faict/ distes: nous som¬

187 489 389 35 mes seruiteurs inutiles. Encore plus

187 517 388 37 est oultrecuyde lhõme qui les ueult par¬

187 546 381 38 dõner a aultruy/ ⁊ pire que les iuifz qui

191 575 383 38 ont creu qͥl ny auoit que ung seul dieu

193 603 261 36 qui pardonnoit les pechez.

220 629 358 40 Puis quil est ainsi que les pechez sõt

194 660 386 39 pardonnez par ung seul Iesus Christ:

193 689 388 40 de quoy nous seruent ung tas de bulles

191 720 388 39 ⁊ pardons controuuees par les papes ⁊

190 748 390 39 cardinaulx? Ung tas de uoyages ⁊ pe¬

190 776 388 40 regrinations? Ung tas de confraries et

191 805 386 42 associations aux biensfaictz? Certes de

190 835 52 38 rien.

207 881 346 51 ¶ De penitence ou repentance.

314 916 117 59 Chap̃.16.

575 132 79 45 Ps̈.142.

585 427 79 54 Luc.17.c

581 544 73 47 mar.2.b
