<?xml version="1.0" encoding="UTF-8"?>
<alto xmlns:xsi="http://www.w3.org/2001/XMLSchema-instance"
      xmlns="http://www.loc.gov/standards/alto/ns-v4#"
      xsi:schemaLocation="http://www.loc.gov/standards/alto/ns-v4# http://www.loc.gov/standards/alto/v4/alto-4-2.xsd">
  <Description>
    <MeasurementUnit>pixel</MeasurementUnit>
    <sourceImageInformation>
      <fileName>S.45.4.pdf_page_64.png</fileName>
      <fileIdentifier>pdf//S.45.4.pdf</fileIdentifier>
    </sourceImageInformation>
  </Description>
  <Tags>
    <OtherTag ID="BT7" LABEL="CustomZone" DESCRIPTION="block type CustomZone"/><OtherTag ID="BT8" LABEL="DamageZone" DESCRIPTION="block type DamageZone"/><OtherTag ID="BT9" LABEL="DigitizationArtefactZone" DESCRIPTION="block type DigitizationArtefactZone"/><OtherTag ID="BT10" LABEL="DropCapitalZone" DESCRIPTION="block type DropCapitalZone"/><OtherTag ID="BT11" LABEL="GraphicZone" DESCRIPTION="block type GraphicZone"/><OtherTag ID="BT12" LABEL="MainZone" DESCRIPTION="block type MainZone"/><OtherTag ID="BT13" LABEL="MarginTextZone" DESCRIPTION="block type MarginTextZone"/><OtherTag ID="BT14" LABEL="MusicZone" DESCRIPTION="block type MusicZone"/><OtherTag ID="BT15" LABEL="NumberingZone" DESCRIPTION="block type NumberingZone"/><OtherTag ID="BT17" LABEL="QuireMarksZone" DESCRIPTION="block type QuireMarksZone"/><OtherTag ID="BT18" LABEL="RunningTitleZone" DESCRIPTION="block type RunningTitleZone"/><OtherTag ID="BT19" LABEL="SealZone" DESCRIPTION="block type SealZone"/><OtherTag ID="BT20" LABEL="StampZone" DESCRIPTION="block type StampZone"/><OtherTag ID="BT21" LABEL="TableZone" DESCRIPTION="block type TableZone"/><OtherTag ID="BT22" LABEL="TitlePageZone" DESCRIPTION="block type TitlePageZone"/>
    <OtherTag ID="LT7" LABEL="CustomLine" DESCRIPTION="line type CustomLine"/><OtherTag ID="LT8" LABEL="DefaultLine" DESCRIPTION="line type DefaultLine"/><OtherTag ID="LT9" LABEL="DropCapitalLine" DESCRIPTION="line type DropCapitalLine"/><OtherTag ID="LT10" LABEL="HeadingLine" DESCRIPTION="line type HeadingLine"/><OtherTag ID="LT11" LABEL="InterlinearLine" DESCRIPTION="line type InterlinearLine"/><OtherTag ID="LT12" LABEL="MusicLine" DESCRIPTION="line type MusicLine"/><OtherTag ID="LT1262" LABEL="default" DESCRIPTION="line type default"/>
  </Tags>
  <Layout>
    <Page WIDTH="900"
          HEIGHT="1224"
          PHYSICAL_IMG_NR="63"
          ID="eSc_dummypage_">
      <PrintSpace HPOS="0"
                  VPOS="0"
                  WIDTH="900"
                  HEIGHT="1224">
        <TextBlock HPOS="334"
                   VPOS="113"
                   WIDTH="456"
                   HEIGHT="855"
                   ID="eSc_textblock_7a94d0e2"
                   TAGREFS="BT12">
          <Shape><Polygon POINTS="365 113 372 480 334 968 790 966 790 113"/></Shape>
          <TextLine ID="eSc_line_516fd2a0"
                    TAGREFS="LT8"
                    BASELINE="372 153 485 153 776 163" 
                    HPOS="371"
                    VPOS="127"
                    WIDTH="405"
                    HEIGHT="45">
            <Shape><Polygon POINTS="773 143 766 142 759 142 753 141 746 140 739 140 732 139 725 138 719 138 718 137 704 138 699 136 698 136 691 135 685 134 680 138 670 132 664 132 661 131 656 133 629 130 629 130 628 130 619 135 615 131 615 130 614 130 614 130 605 129 603 129 596 129 592 129 569 134 562 129 562 129 555 129 548 129 544 129 542 131 538 129 535 129 528 128 521 128 514 128 508 128 501 128 494 128 487 128 480 128 479 127 477 130 467 127 466 127 465 127 465 127 454 131 450 127 446 127 440 127 434 127 427 127 419 129 415 127 413 127 408 127 403 129 382 127 379 127 372 127 372 153 371 161 407 159 453 163 454 163 455 163 464 160 496 164 497 164 536 162 551 167 551 167 552 167 553 167 553 167 560 163 570 167 571 167 572 167 572 167 584 164 588 168 589 168 589 168 590 168 627 165 632 170 633 170 634 170 634 170 653 167 680 171 680 172 775 172 776 163 776 143 773 143"/></Shape>
            <String CONTENT="sans ⁊ deuant la foy/ que Dieu par cõ¬"
                    HPOS="371"
                    VPOS="127"
                    WIDTH="405"
                    HEIGHT="45"
                    WC="0.9792525386198973"></String>
          </TextLine>
          <TextLine ID="eSc_line_53393085"
                    TAGREFS="LT8"
                    BASELINE="374 182 487 182 774 191" 
                    HPOS="373"
                    VPOS="156"
                    WIDTH="401"
                    HEIGHT="45">
            <Shape><Polygon POINTS="374 182 373 190 442 188 456 193 457 193 457 193 458 193 459 193 465 189 527 194 528 194 559 191 562 195 563 195 563 195 563 195 564 195 585 197 585 197 627 193 629 197 630 197 630 198 631 198 631 198 632 198 654 195 706 200 736 201 736 201 737 201 738 201 742 197 773 199 774 191 774 168 684 168 677 163 676 163 676 163 675 163 657 167 646 163 646 163 645 163 626 166 606 162 605 162 604 162 594 165 560 160 544 160 543 160 542 160 542 160 538 164 522 159 521 159 521 159 520 159 508 163 500 159 499 159 466 157 465 157 443 161 419 156 418 156 374 159 374 182"/></Shape>
            <String CONTENT="gruite est tenu ⁊ oblige de la donner/ et"
                    HPOS="373"
                    VPOS="156"
                    WIDTH="401"
                    HEIGHT="45"
                    WC="0.995929075450432"></String>
          </TextLine>
          <TextLine ID="eSc_line_60e79d49"
                    TAGREFS="LT8"
                    BASELINE="374 210 494 211 776 221" 
                    HPOS="373"
                    VPOS="184"
                    WIDTH="403"
                    HEIGHT="47">
            <Shape><Polygon POINTS="374 210 373 218 416 216 425 221 426 221 427 221 450 218 461 223 461 223 462 223 463 223 463 223 463 222 469 218 505 218 510 223 510 223 511 223 512 223 512 223 513 223 514 223 518 219 528 225 529 225 529 225 530 225 539 221 551 225 551 225 552 225 577 221 663 229 708 229 709 229 727 225 744 231 744 231 745 231 775 226 776 221 776 199 759 195 758 195 740 198 733 193 732 193 731 193 731 193 695 197 688 192 687 192 687 192 686 192 653 195 643 191 642 191 642 191 641 191 640 191 634 195 623 191 623 191 622 191 576 193 553 188 552 188 521 190 508 187 508 187 507 187 489 191 486 187 485 187 485 186 485 186 484 186 463 185 463 185 462 185 451 189 404 184 403 184 374 187 374 210"/></Shape>
            <String CONTENT="par ainsi de iustifier celuy qͥ a faict tel¬"
                    HPOS="373"
                    VPOS="184"
                    WIDTH="403"
                    HEIGHT="47"
                    WC="0.9880204756151546"></String>
          </TextLine>
          <TextLine ID="eSc_line_ee60f76e"
                    TAGREFS="LT8"
                    BASELINE="373 239 470 239 654 247 773 248" 
                    HPOS="372"
                    VPOS="216"
                    WIDTH="401"
                    HEIGHT="41">
            <Shape><Polygon POINTS="373 239 372 247 415 245 443 245 448 250 448 250 449 250 450 250 451 250 451 250 451 249 455 246 510 247 521 252 521 252 522 252 543 249 561 254 561 254 562 254 563 254 578 250 585 255 585 255 586 255 587 255 619 251 631 256 632 256 633 257 772 257 773 248 773 229 727 224 726 224 685 227 617 225 610 221 610 221 609 221 608 221 580 223 557 219 557 219 517 222 486 217 485 217 485 217 475 221 470 216 469 216 468 216 468 216 448 220 444 216 443 216 442 216 442 216 441 216 429 219 373 216 373 239"/></Shape>
            <String CONTENT="les oeuures/ en laquelle opinion misera"
                    HPOS="372"
                    VPOS="216"
                    WIDTH="401"
                    HEIGHT="41"
                    WC="0.9944243568640488"></String>
          </TextLine>
          <TextLine ID="eSc_line_ce5993ae"
                    TAGREFS="LT8"
                    BASELINE="378 267 768 278" 
                    HPOS="378"
                    VPOS="241"
                    WIDTH="390"
                    HEIGHT="46">
            <Shape><Polygon POINTS="378 267 378 273 389 277 389 277 390 277 441 276 453 280 454 280 455 280 472 276 478 280 478 280 479 280 480 280 498 277 510 281 510 281 511 281 512 281 522 278 574 283 575 283 595 280 604 284 605 284 606 284 672 282 678 286 678 286 679 286 680 286 680 286 692 282 695 286 695 286 695 286 696 286 697 286 697 287 768 287 768 278 768 256 723 256 711 250 710 250 710 250 709 250 692 254 662 254 658 250 657 250 657 250 656 250 636 252 598 246 597 246 597 246 596 246 592 250 571 246 570 246 570 246 569 246 564 251 550 251 500 244 500 244 474 247 459 243 459 243 458 243 457 243 457 243 453 246 447 242 446 242 446 242 445 242 414 246 404 241 403 241 402 241 378 245 378 267"/></Shape>
            <String CONTENT="blement est tõbee. S. Thomas Daqͥn"
                    HPOS="378"
                    VPOS="241"
                    WIDTH="390"
                    HEIGHT="46"
                    WC="0.9999092136110578"></String>
          </TextLine>
          <TextLine ID="eSc_line_0ef7962e"
                    TAGREFS="LT8"
                    BASELINE="374 297 772 306" 
                    HPOS="374"
                    VPOS="272"
                    WIDTH="398"
                    HEIGHT="44">
            <Shape><Polygon POINTS="374 297 374 302 395 308 395 308 421 304 434 309 435 309 436 309 436 309 453 305 487 310 487 310 515 306 526 311 527 311 527 311 528 311 541 308 581 312 582 312 623 309 636 314 636 314 637 314 676 310 715 316 716 316 772 312 772 306 772 286 736 286 732 282 731 282 731 282 730 282 697 284 689 279 688 279 687 279 668 279 668 279 667 279 666 279 661 284 650 278 649 278 648 278 648 278 636 283 621 278 621 278 620 278 619 278 607 282 591 278 590 278 589 278 589 278 588 278 581 282 565 277 565 277 564 277 563 277 563 277 558 281 506 276 505 276 504 276 495 279 489 274 489 274 488 274 487 274 465 279 431 273 387 272 387 272 386 272 374 276 374 297"/></Shape>
            <String CONTENT="en la premiere partie de la secõde/ ⁊ gene"
                    HPOS="374"
                    VPOS="272"
                    WIDTH="398"
                    HEIGHT="44"
                    WC="0.9999528915383095"></String>
          </TextLine>
          <TextLine ID="eSc_line_e01c2e93"
                    TAGREFS="LT8"
                    BASELINE="375 325 772 335" 
                    HPOS="374"
                    VPOS="301"
                    WIDTH="398"
                    HEIGHT="44">
            <Shape><Polygon POINTS="375 325 374 332 378 335 379 335 380 335 380 335 381 335 388 332 407 335 408 335 426 333 431 336 432 336 433 336 434 336 515 335 519 338 519 339 519 339 520 339 521 339 548 336 559 340 560 340 561 340 606 337 612 342 612 342 613 342 614 342 638 338 665 343 666 343 695 340 753 345 754 345 771 341 772 335 771 312 701 313 695 309 694 309 693 309 670 308 669 308 640 312 613 306 612 306 589 310 575 306 574 306 574 306 535 309 526 304 525 304 525 304 486 308 478 303 478 303 477 303 428 301 427 301 375 304 375 325"/></Shape>
            <String CONTENT="ralemẽt tous les thomistes. Et cest par"
                    HPOS="374"
                    VPOS="301"
                    WIDTH="398"
                    HEIGHT="44"
                    WC="0.9864310801029206"></String>
          </TextLine>
          <TextLine ID="eSc_line_7e216cad"
                    TAGREFS="LT8"
                    BASELINE="376 355 774 363" 
                    HPOS="376"
                    VPOS="330"
                    WIDTH="398"
                    HEIGHT="43">
            <Shape><Polygon POINTS="376 355 376 363 379 365 380 365 380 365 381 365 442 363 452 367 453 367 542 369 542 369 573 366 642 371 643 371 734 369 740 373 740 373 741 373 742 373 774 369 774 363 773 339 757 343 712 343 705 337 704 337 704 337 703 337 680 342 678 338 677 338 677 337 676 337 676 337 675 337 650 339 644 335 644 335 643 335 642 335 642 335 629 340 607 340 600 335 599 335 598 335 597 335 546 339 530 334 529 334 529 334 528 334 527 334 521 338 512 332 512 332 511 332 510 332 489 335 485 333 485 332 485 332 484 332 456 331 455 331 455 331 445 335 439 331 438 331 438 331 412 331 411 331 410 331 410 331 406 334 397 330 396 330 395 330 395 330 376 335 376 355"/></Shape>
            <String CONTENT="faulte q̃ les ungz ne les aultres ne ont"
                    HPOS="376"
                    VPOS="330"
                    WIDTH="398"
                    HEIGHT="43"
                    ></String>
          </TextLine>
          <TextLine ID="eSc_line_e0e2df6b"
                    TAGREFS="LT8"
                    BASELINE="376 385 777 393" 
                    HPOS="375"
                    VPOS="359"
                    WIDTH="402"
                    HEIGHT="42">
            <Shape><Polygon POINTS="376 385 375 393 379 395 380 395 380 395 381 395 404 393 408 396 408 397 408 397 409 397 410 397 442 393 476 398 476 398 509 395 569 395 575 400 576 400 576 400 577 401 776 401 777 393 776 367 746 371 740 367 740 366 740 366 739 366 738 366 697 369 689 365 688 365 687 365 687 365 676 369 643 365 642 365 618 368 577 363 576 363 576 363 575 363 569 367 507 361 506 361 506 361 492 365 463 365 440 360 439 360 417 364 411 359 410 359 410 359 409 359 376 363 376 385"/></Shape>
            <String CONTENT="point bien entendu la doctrine de sainct"
                    HPOS="375"
                    VPOS="359"
                    WIDTH="402"
                    HEIGHT="42"
                    WC="0.9817572280764579"></String>
          </TextLine>
          <TextLine ID="eSc_line_cdca9c2a"
                    TAGREFS="LT8"
                    BASELINE="373 412 775 422" 
                    HPOS="372"
                    VPOS="387"
                    WIDTH="403"
                    HEIGHT="46">
            <Shape><Polygon POINTS="373 412 372 421 442 422 454 427 455 427 455 427 456 427 469 423 472 427 473 427 474 427 509 428 510 428 510 428 521 425 533 429 534 429 534 429 535 429 547 425 566 429 567 429 610 427 641 431 642 431 667 428 701 433 702 433 702 433 717 429 725 433 725 433 726 433 727 433 736 430 774 430 775 422 775 402 763 397 763 397 762 397 721 401 710 395 710 395 709 395 708 395 700 399 685 395 684 395 683 395 682 395 667 399 634 399 629 394 629 394 628 394 627 394 627 394 616 398 602 393 601 393 600 393 600 393 599 393 593 397 560 397 533 391 506 390 505 390 504 390 504 390 496 395 480 395 473 389 472 389 472 389 471 389 470 389 470 389 470 390 465 394 446 388 446 388 429 388 428 388 427 388 427 388 422 393 399 387 398 387 373 391 373 412"/></Shape>
            <String CONTENT="Paul/ ⁊ de. S. Iacques laquelle semble"
                    HPOS="372"
                    VPOS="387"
                    WIDTH="403"
                    HEIGHT="46"
                    WC="0.9690191353622236"></String>
          </TextLine>
          <TextLine ID="eSc_line_8f0a64e3"
                    TAGREFS="LT8"
                    BASELINE="374 443 772 450" 
                    HPOS="373"
                    VPOS="419"
                    WIDTH="399"
                    HEIGHT="40">
            <Shape><Polygon POINTS="374 443 373 450 389 454 389 454 412 451 420 454 421 454 421 454 445 452 453 455 453 455 454 455 492 452 510 456 510 456 511 456 512 456 516 453 538 456 771 459 772 450 772 426 732 429 674 425 674 425 642 427 630 423 629 423 629 423 628 423 617 427 612 422 611 422 610 422 610 422 609 422 600 427 590 422 589 422 589 422 588 422 574 426 553 422 553 422 552 422 536 426 520 422 519 422 519 422 496 425 492 421 492 420 491 420 491 420 490 420 462 423 442 420 442 420 441 420 425 424 393 419 392 419 374 422 374 443"/></Shape>
            <String CONTENT="estre cõtraire (ce qͥ nest rien moins) quãd"
                    HPOS="373"
                    VPOS="419"
                    WIDTH="399"
                    HEIGHT="40"
                    WC="0.9729493618011474"></String>
          </TextLine>
          <TextLine ID="eSc_line_3cf698ff"
                    TAGREFS="LT8"
                    BASELINE="381 473 403 473 768 480" 
                    HPOS="379"
                    VPOS="444"
                    WIDTH="388"
                    HEIGHT="45">
            <Shape><Polygon POINTS="380 472 379 483 765 489 767 479 766 455 380 444 380 472"/></Shape>
            <String CONTENT="lung dit q̃ lhõme est iustifie par la foy"
                    HPOS="379"
                    VPOS="444"
                    WIDTH="388"
                    HEIGHT="45"
                    WC="0.9814002343586513"></String>
          </TextLine>
          <TextLine ID="eSc_line_bc35607e"
                    TAGREFS="LT8"
                    BASELINE="373 503 767 508" 
                    HPOS="372"
                    VPOS="478"
                    WIDTH="395"
                    HEIGHT="40">
            <Shape><Polygon POINTS="373 503 372 512 519 512 523 515 524 515 525 515 525 515 645 514 717 518 718 518 766 514 767 508 767 488 724 488 712 482 712 482 711 482 710 482 693 486 661 482 660 482 619 486 604 481 604 481 603 481 550 484 539 480 538 480 538 480 537 480 521 484 480 484 472 479 472 479 471 479 434 479 433 479 432 479 431 479 431 480 427 483 410 478 409 478 408 478 373 480 373 503"/></Shape>
            <String CONTENT="sans les oeuures/ ⁊ lautre dit q̃ cest par"
                    HPOS="372"
                    VPOS="478"
                    WIDTH="395"
                    HEIGHT="40"
                    WC="0.9871127818311963"></String>
          </TextLine>
          <TextLine ID="eSc_line_1641f242"
                    TAGREFS="LT8"
                    BASELINE="368 531 770 537" 
                    HPOS="367"
                    VPOS="506"
                    WIDTH="403"
                    HEIGHT="41">
            <Shape><Polygon POINTS="368 531 367 537 418 542 419 542 447 539 488 544 489 544 516 541 531 544 531 544 532 544 564 541 574 545 575 545 576 545 602 542 608 546 609 546 610 546 641 543 648 546 649 546 650 547 770 547 770 537 770 515 699 512 698 512 697 512 691 516 651 510 650 510 587 514 580 510 580 510 579 510 578 510 530 513 521 508 520 508 502 508 502 508 501 508 500 508 500 509 497 512 494 509 493 509 493 509 492 509 410 511 393 511 389 507 389 506 389 506 388 506 387 506 368 510 368 531"/></Shape>
            <String CONTENT="les oeuures. Car certes S. Paul cõstã"
                    HPOS="367"
                    VPOS="506"
                    WIDTH="403"
                    HEIGHT="41"
                    WC="0.9953470260669024"></String>
          </TextLine>
          <TextLine ID="eSc_line_824caa63"
                    TAGREFS="LT8"
                    BASELINE="365 560 769 565" 
                    HPOS="364"
                    VPOS="536"
                    WIDTH="405"
                    HEIGHT="37">
            <Shape><Polygon POINTS="365 560 364 570 768 573 769 565 769 546 682 545 668 539 667 539 666 539 619 544 596 539 595 539 595 539 580 543 550 538 549 538 516 542 498 542 493 537 493 537 492 537 491 537 467 541 445 537 444 537 444 537 443 537 438 541 434 537 433 537 432 537 431 537 408 539 379 536 378 536 378 536 365 540 365 560"/></Shape>
            <String CONTENT="ment dit: que nul par quelcõques oeu¬"
                    HPOS="364"
                    VPOS="536"
                    WIDTH="405"
                    HEIGHT="37"
                    WC="0.9888201685328233"></String>
          </TextLine>
          <TextLine ID="eSc_line_ffcbee1e"
                    TAGREFS="LT8"
                    BASELINE="364 589 770 595" 
                    HPOS="363"
                    VPOS="565"
                    WIDTH="407"
                    HEIGHT="38">
            <Shape><Polygon POINTS="363 596 517 602 517 602 557 599 618 603 619 603 770 603 770 595 770 575 750 570 749 570 721 574 696 571 695 571 607 572 603 569 603 568 602 568 602 568 576 568 576 568 575 568 574 568 569 572 538 567 537 567 536 567 523 571 519 567 519 567 518 567 517 567 517 567 474 571 468 566 467 566 466 566 465 566 416 570 399 565 398 565 397 565 397 565 380 569 365 566 364 589 363 596"/></Shape>
            <String CONTENT="ures nest iustifie deuãt dieu: mais par la"
                    HPOS="363"
                    VPOS="565"
                    WIDTH="407"
                    HEIGHT="38"
                    WC="0.9786521002303722"></String>
          </TextLine>
          <TextLine ID="eSc_line_a607b9ea"
                    TAGREFS="LT8"
                    BASELINE="366 619 770 624" 
                    HPOS="365"
                    VPOS="593"
                    WIDTH="405"
                    HEIGHT="41">
            <Shape><Polygon POINTS="366 619 365 626 420 626 426 631 427 631 427 631 428 631 429 631 437 626 452 631 453 631 453 631 454 631 470 626 480 631 481 631 482 631 482 631 498 627 514 631 515 631 516 631 517 631 527 627 550 632 551 632 589 629 597 633 598 633 599 633 636 629 640 633 641 633 642 633 673 633 674 633 674 633 675 633 682 629 712 633 713 633 714 633 724 630 728 633 728 634 729 634 729 634 730 634 770 629 770 624 770 602 694 598 693 598 618 600 613 597 612 597 612 597 611 597 593 599 589 596 589 596 588 596 587 596 504 599 481 595 480 595 441 598 424 594 423 594 423 594 393 597 366 593 366 619"/></Shape>
            <String CONTENT="seule foy. Et quãd S. Iacques dit que"
                    HPOS="365"
                    VPOS="593"
                    WIDTH="405"
                    HEIGHT="41"
                    WC="0.9870375096797943"></String>
          </TextLine>
          <TextLine ID="eSc_line_6d3be789"
                    TAGREFS="LT8"
                    BASELINE="364 646 770 651" 
                    HPOS="363"
                    VPOS="622"
                    WIDTH="407"
                    HEIGHT="40">
            <Shape><Polygon POINTS="363 655 412 654 422 658 423 658 423 658 448 655 457 658 457 658 458 658 459 658 459 658 464 656 467 658 467 658 468 658 468 658 469 658 470 658 480 655 527 659 528 659 529 659 537 656 541 660 542 660 542 660 543 660 580 657 629 660 630 660 631 660 641 657 665 661 666 661 687 658 712 662 712 662 770 658 770 651 770 631 729 631 719 626 719 626 718 626 694 631 680 626 680 626 679 626 678 626 662 631 655 626 655 626 654 626 653 626 653 626 652 626 647 630 640 626 639 626 638 626 638 626 637 626 633 630 603 630 594 624 593 624 593 624 592 624 591 624 580 630 539 630 528 624 527 624 527 624 526 624 514 627 496 624 495 624 495 624 494 624 488 628 471 623 470 623 470 623 427 628 406 622 405 622 404 622 371 626 365 623 364 646 363 655"/></Shape>
            <String CONTENT="lhõme est iustifie par les oeuures il en¬"
                    HPOS="363"
                    VPOS="622"
                    WIDTH="407"
                    HEIGHT="40"
                    WC="0.9808546276319594"></String>
          </TextLine>
          <TextLine ID="eSc_line_436c38eb"
                    TAGREFS="LT8"
                    BASELINE="364 676 770 681" 
                    HPOS="363"
                    VPOS="652"
                    WIDTH="407"
                    HEIGHT="38">
            <Shape><Polygon POINTS="364 676 363 684 368 687 368 687 369 687 370 687 421 684 430 688 431 688 431 688 432 688 438 684 442 688 442 688 443 688 444 688 479 684 506 688 507 688 534 685 558 689 559 690 582 690 582 689 583 689 584 689 584 688 587 686 606 690 607 690 770 689 770 681 770 659 756 656 755 656 712 660 698 655 697 655 697 655 663 659 653 654 653 654 652 654 625 658 619 654 619 654 618 654 617 654 617 654 604 658 597 655 597 655 596 655 554 658 535 653 534 653 534 653 533 653 520 657 492 654 491 654 491 654 480 657 468 652 467 652 466 652 465 652 456 656 418 652 417 652 364 655 364 676"/></Shape>
            <String CONTENT="tend q̃ par les oeuures exterieures/ est"
                    HPOS="363"
                    VPOS="652"
                    WIDTH="407"
                    HEIGHT="38"
                    WC="0.9753091320395469"></String>
          </TextLine>
          <TextLine ID="eSc_line_5f5fc268"
                    TAGREFS="LT8"
                    BASELINE="363 706 767 709" 
                    HPOS="362"
                    VPOS="682"
                    WIDTH="405"
                    HEIGHT="36">
            <Shape><Polygon POINTS="363 706 362 712 392 716 393 716 521 714 542 718 542 718 592 715 611 718 612 718 766 716 767 709 766 688 719 688 713 684 712 684 712 684 711 684 710 684 702 688 633 688 627 684 626 684 625 684 625 684 624 684 610 687 606 683 605 683 604 683 604 683 603 683 592 686 578 683 577 683 576 683 512 686 507 682 506 682 506 682 505 682 471 686 449 682 448 682 448 682 447 682 444 685 440 682 439 682 438 682 438 682 363 684 363 706"/></Shape>
            <String CONTENT="manifestee ⁊ declairee la foy qui est inte"
                    HPOS="362"
                    VPOS="682"
                    WIDTH="405"
                    HEIGHT="36"
                    WC="0.9990550676981608"></String>
          </TextLine>
          <TextLine ID="eSc_line_80a1fbe5"
                    TAGREFS="LT8"
                    BASELINE="361 735 763 738" 
                    HPOS="360"
                    VPOS="710"
                    WIDTH="403"
                    HEIGHT="39">
            <Shape><Polygon POINTS="361 735 360 743 419 743 451 747 452 747 453 747 453 747 459 743 482 747 482 747 483 747 493 743 563 748 563 748 564 748 578 744 602 748 603 748 630 745 653 748 653 748 654 748 663 745 693 749 694 749 763 745 763 738 763 718 727 713 726 713 602 716 585 711 584 711 583 711 530 716 523 711 522 711 521 711 521 711 520 711 510 715 491 711 490 711 470 715 463 711 462 711 461 711 461 711 421 714 372 710 371 710 370 710 361 714 361 735"/></Shape>
            <String CONTENT="rieure. Car la foy est ung don de Dieu/"
                    HPOS="360"
                    VPOS="710"
                    WIDTH="403"
                    HEIGHT="39"
                    WC="0.9954461654027303"></String>
          </TextLine>
          <TextLine ID="eSc_line_2d0bba2d"
                    TAGREFS="LT8"
                    BASELINE="360 765 763 767" 
                    HPOS="359"
                    VPOS="740"
                    WIDTH="404"
                    HEIGHT="37">
            <Shape><Polygon POINTS="360 765 359 773 761 777 763 767 762 744 743 741 742 741 742 741 741 741 741 742 736 747 719 747 706 741 706 741 705 741 704 741 704 741 704 742 698 746 683 742 682 742 682 742 681 742 680 742 676 747 646 747 629 741 628 741 627 741 627 741 614 745 597 742 596 742 595 742 587 745 573 741 572 741 572 741 545 745 524 741 523 741 495 745 485 741 484 741 483 741 463 745 448 740 447 740 370 740 370 740 369 740 360 744 360 765"/></Shape>
            <String CONTENT="incõgneu aux hões/ laquelle ne se peult"
                    HPOS="359"
                    VPOS="740"
                    WIDTH="404"
                    HEIGHT="37"
                    WC="0.9759292907831145"></String>
          </TextLine>
          <TextLine ID="eSc_line_c29be14f"
                    TAGREFS="LT8"
                    BASELINE="359 793 763 796" 
                    HPOS="359"
                    VPOS="770"
                    WIDTH="404"
                    HEIGHT="35">
            <Shape><Polygon POINTS="359 793 359 800 368 803 368 803 369 803 455 801 523 805 524 805 593 802 601 805 602 805 602 805 763 803 763 796 763 777 714 773 713 773 712 773 712 773 712 773 708 777 683 777 661 772 660 772 659 772 643 776 628 772 627 772 627 772 626 772 618 776 608 772 607 772 606 772 559 775 549 771 548 771 548 771 523 775 519 771 519 771 519 771 518 771 517 771 517 771 453 775 434 770 433 770 432 770 431 770 431 770 426 773 420 770 419 770 419 770 418 770 410 774 359 774 359 793"/></Shape>
            <String CONTENT="a nul manifester q̃ par les oeuures. Cõ¬"
                    HPOS="359"
                    VPOS="770"
                    WIDTH="404"
                    HEIGHT="35"
                    WC="0.987690954673581"></String>
          </TextLine>
          <TextLine ID="eSc_line_deba80b1"
                    TAGREFS="LT8"
                    BASELINE="357 822 763 825" 
                    HPOS="356"
                    VPOS="797"
                    WIDTH="407"
                    HEIGHT="38">
            <Shape><Polygon POINTS="357 822 356 828 393 833 393 833 434 830 458 834 459 834 484 830 489 834 489 834 490 834 491 834 629 831 633 834 633 835 634 835 634 835 719 835 719 835 720 835 735 832 761 835 763 825 762 803 704 804 697 799 696 799 695 799 646 799 645 799 644 799 633 803 620 799 619 799 619 799 618 799 617 799 610 804 591 804 572 799 571 799 570 799 570 799 569 799 563 803 523 803 512 798 511 798 510 798 510 798 509 798 503 803 476 803 459 797 458 797 457 797 457 797 440 802 416 797 415 797 414 797 397 802 382 797 381 797 380 797 357 801 357 822"/></Shape>
            <String CONTENT="me Abraham duquel parle. S. Iacques"
                    HPOS="356"
                    VPOS="797"
                    WIDTH="407"
                    HEIGHT="38"
                    WC="0.9996049761772156"></String>
          </TextLine>
          <TextLine ID="eSc_line_703f9ba9"
                    TAGREFS="LT8"
                    BASELINE="358 850 763 854" 
                    HPOS="357"
                    VPOS="826"
                    WIDTH="406"
                    HEIGHT="39">
            <Shape><Polygon POINTS="358 850 357 859 523 863 524 863 559 860 585 864 586 864 621 861 631 864 631 864 632 864 694 862 703 865 704 865 704 865 762 862 763 854 763 834 757 830 757 830 756 830 728 830 727 830 727 830 726 830 721 835 707 835 694 829 693 829 693 829 692 829 678 834 632 834 629 829 628 829 628 828 627 828 627 828 626 828 605 833 565 828 564 828 563 828 556 833 494 833 488 828 487 828 487 828 486 828 444 831 440 828 440 827 440 827 439 827 422 826 421 826 421 826 407 830 393 826 392 826 391 826 391 826 390 826 386 830 365 826 365 826 364 826 358 829 358 850"/></Shape>
            <String CONTENT="demõstra par oeuures sa foy/ en uoulãt"
                    HPOS="357"
                    VPOS="826"
                    WIDTH="406"
                    HEIGHT="39"
                    WC="0.9940101951360703"></String>
          </TextLine>
          <TextLine ID="eSc_line_5c5d0228"
                    TAGREFS="LT8"
                    BASELINE="356 881 763 882" 
                    HPOS="355"
                    VPOS="857"
                    WIDTH="408"
                    HEIGHT="33">
            <Shape><Polygon POINTS="356 881 355 890 762 890 763 882 761 858 748 861 740 858 739 858 738 858 738 858 725 862 636 862 598 858 597 858 580 861 559 857 559 857 558 857 557 857 553 860 523 857 522 857 504 861 468 861 464 858 464 857 463 857 463 857 462 857 446 860 432 857 431 857 431 857 356 860 356 881"/></Shape>
            <String CONTENT="pour le cõmandemẽt de Dieu immoler"
                    HPOS="355"
                    VPOS="857"
                    WIDTH="408"
                    HEIGHT="33"
                    WC="0.9950341780980428"></String>
          </TextLine>
          <TextLine ID="eSc_line_3d2b30e8"
                    TAGREFS="LT8"
                    BASELINE="355 911 760 912" 
                    HPOS="354"
                    VPOS="885"
                    WIDTH="406"
                    HEIGHT="39">
            <Shape><Polygon POINTS="355 911 354 921 532 919 549 922 550 922 551 922 557 919 563 923 564 923 565 923 565 924 600 924 600 923 601 923 602 923 606 920 617 923 617 923 618 923 619 923 632 920 642 923 643 923 644 924 666 924 666 923 667 923 668 923 668 922 671 920 759 923 760 912 760 889 655 886 655 886 654 886 653 886 648 890 585 890 553 885 552 885 551 885 538 888 525 885 524 885 523 885 500 888 467 885 466 885 355 888 355 911"/></Shape>
            <String CONTENT="son filz Isaac. Ainsi lexpose S. Augu."
                    HPOS="354"
                    VPOS="885"
                    WIDTH="406"
                    HEIGHT="39"
                    WC="0.9968599880996504"></String>
          </TextLine>
          <TextLine ID="eSc_line_7ceed6a2"
                    TAGREFS="LT8"
                    BASELINE="352 938 760 941" 
                    HPOS="351"
                    VPOS="915"
                    WIDTH="409"
                    HEIGHT="46">
            <Shape><Polygon POINTS="352 938 351 952 385 958 386 959 432 959 432 958 433 958 434 958 439 954 461 958 461 958 462 958 463 958 463 957 467 954 517 959 518 959 519 959 519 959 523 956 526 959 526 960 527 960 527 960 528 960 589 960 589 960 589 960 590 960 597 956 615 960 616 960 617 960 627 955 668 955 676 961 677 961 678 961 678 961 679 961 696 956 736 961 736 961 737 961 747 956 759 957 760 941 760 922 751 918 750 918 749 918 748 918 740 921 653 917 652 917 627 920 617 917 617 917 616 917 598 920 587 917 587 917 586 917 514 920 449 920 434 915 433 915 432 915 352 918 352 938"/></Shape>
            <String CONTENT="en la p̃miere quinquagesne au ꝓlogue"
                    HPOS="351"
                    VPOS="915"
                    WIDTH="409"
                    HEIGHT="46"
                    WC="0.9862075514263577"></String>
          </TextLine>
        </TextBlock>
        <TextBlock HPOS="275"
                   VPOS="372"
                   WIDTH="95"
                   HEIGHT="128"
                   ID="eSc_textblock_5610e8f0"
                   TAGREFS="BT13">
          <Shape><Polygon POINTS="275 372 275 500 370 500 370 372"/></Shape>
          <TextLine ID="eSc_line_c501174b"
                    TAGREFS="LT8"
                    BASELINE="279 408 359 410" 
                    HPOS="278"
                    VPOS="376"
                    WIDTH="81"
                    HEIGHT="43">
            <Shape><Polygon POINTS="279 408 278 415 319 419 320 419 359 416 359 410 359 384 330 384 310 376 309 376 284 377 279 383"/></Shape>
            <String CONTENT="Ro.4.a"
                    HPOS="278"
                    VPOS="376"
                    WIDTH="81"
                    HEIGHT="43"
                    WC="0.9999506175518036"></String>
          </TextLine>
          <TextLine ID="eSc_line_13150422"
                    TAGREFS="LT8"
                    BASELINE="278 473 369 473" 
                    HPOS="277"
                    VPOS="437"
                    WIDTH="91"
                    HEIGHT="81">
            <Shape><Polygon POINTS="277 518 317 510 335 516 336 516 337 516 338 516 339 516 345 511 367 513 368 472 365 437 353 446 277 439 277 472"/></Shape>
            <String CONTENT="Iaco.2.d"
                    HPOS="277"
                    VPOS="437"
                    WIDTH="91"
                    HEIGHT="81"
                    ></String>
          </TextLine>
        </TextBlock>
      </PrintSpace>
    </Page>
  </Layout>
</alto>
