900 1224
361 152 170 42 mon peuple.

389 181 371 42 Malediction sur uous enfantz

362 216 401 43 apostatz/ dit le seigneur: qui auez

365 249 394 44 faict le cõseil/ ⁊ non point de moy/

367 282 394 44 ⁊ auez ourdy la toille ⁊ non pas

368 312 397 47 par mon esperit/ ⁊ auez adiouste

368 347 196 47 peche sur peche.

372 383 396 44 ¶ De ces matieres ont amplemẽt parle

370 415 398 41 les sainctz docteurs qui sensuyuẽt Ori

372 446 396 39 ge. au .2. tome sur Esaie en la .7. homeli.

370 476 398 36 Hierosme au .6. tome sur Ieremie au .9.e.

370 503 395 40 Ambro. au liure de paradis/ au. 12.c. Cy

370 533 398 41 prian ad Cecilium/ au .2. liure/ en la .3.

370 561 396 40 epistre. Ce mesme au .3. traicte de la sim¬

370 588 399 45 plesse des prelatz. Chrysosto. en son oeu

370 619 400 39 ure imparfaict au. 7.c. sur ces motz: Et

371 647 400 43 les enseignoit cõme ayant la puissãce.

371 675 400 45 Hiero. sur S. Matth. au. 24.c. au .4. li¬

371 705 399 43 ure. Et sur Malach. au .2. chap̃. Augu.

371 735 397 42 au .3. liure du baptesme cõtre les Dona

371 762 397 40 tistes au. 9.c. Castus euesque au .5. chap̃.

372 790 396 46 Cyprian ad Põpeium. En ensuyuãt

370 821 400 39 donc lescripture ⁊ les docteurs prealle¬

372 850 398 43 guez il ne fault receuoir aucune doctri¬

370 878 402 42 ne: (cõbien quelle semble saincte ou bel¬

369 910 402 41 le en apparẽce) qui contreuient directe¬

368 937 401 54 ment ou indirectement a la saincte escri

261 179 83 50 esa.30.a
