900 1224
344 152 413 40 corde ⁊ clemence quil demonstroit

346 184 416 41 enuers ses ennemis. Que diray ie

346 217 417 40 de la profonde mer ⁊ inscrutable

346 249 414 42 abysme de la grãde clemẽce qui est

346 282 416 42 en nostre dieu? Lequel (cõme ainsi

348 316 415 41 soit que lhõme fut son ennemy ca¬

348 348 414 42 pital) a dõne son filz unique pour

344 380 418 42 le sauuer sans auoir esgard a noz

345 411 418 43 demerites. A ceste clemence Iesus

345 444 419 44 Christ nous admõneste en sainct

348 476 415 44 Matthieu: disant/ Aymez uoz en¬

344 510 419 44 nemis affin que soyez les enfantz

345 542 418 42 de uostre pere celeste/ qui faict re¬

343 575 422 43 luyre son soleil sur les bõs ⁊ mau¬

343 607 421 43 uais. En ceste noble uertu uostre

345 639 416 45 sacree maieste oultrepasse Cesar/

348 672 416 45 ⁊ est plus que Dauitique/ par ce

343 705 420 42 elle est bien loing de degenerer de

346 738 414 44 son bon pere celeste: car enuers toꝰ

344 769 419 44 elle est doulce/ misericordieuse/ et

344 802 419 42 clemente ainsi que ont experimẽte

345 834 418 45 plusieͬs. Parquoy il plaira a icel¬

342 868 422 43 le uostre sacree maieste nauoir re¬

344 898 416 45 gard ne memoire sur ⁊ des choses

344 932 412 50 desq̃lles iay este accuse. Car si iay

247 478 93 42 Mat̃.5.
