902 1224
203 125 380 42 grace aux fideles ⁊ a ceulx qͥ ont

203 158 382 39 cõgneu la uerite: Car toute crea¬

202 188 381 39 ture de dieu est bonne: ⁊ nulle nest

199 223 386 40 a reiecter de laquelle on use auec

199 255 385 42 action de graces. Car elle est san¬

201 289 384 44 ctifiee par la parolle de dieu/ et

202 323 152 39 par oraison.

203 350 380 41 ¶ De ceste matiere Theophilacte au li

202 384 381 35 ure des expositiõs sur les Hebrieux/ dit:

201 412 382 40 Icelles choses ueritablemẽt sont ces do

198 441 385 39 ctrines estranges. Et reprent ceulx qui

197 470 385 37 auoient amenez labstinence Iudaicque

198 497 382 39 des uiãdes ⁊ telle obseruation. Car (dit

196 527 383 39 il) uous debuez estre fortifiez de grace

197 556 380 39 cest adire de foy: ⁊ debuez estre trescer¬

198 585 376 37 tains/ q̃ rien nest aucunemẽt souille: ⁊ q̃

199 614 380 38 toutes choses sont pures a celuy qͥ croit.

199 643 380 37 Et ainsi ceste foy est necessaire ⁊ nõ pas

198 670 382 39 lobseruation des uiãdes. Car ceulx qͥ se

197 699 383 40 gardent des uiãdes: cestadire ceulx qui

197 728 383 39 ont leur affection tousiours en telle ma

193 757 384 40 mere de obseruer les uiãdes: cest une cho

195 785 383 42 se tresmanifeste q̃ telz ne ont rien proffi¬

194 814 381 42 te/ non plus q̃ ceulx qͥ se separent hors

195 844 378 40 des termes de la uraye foy/ ⁊ seruent to¬

195 871 376 45 tallemẽt a loy inutile. Car q̃l proffit

194 901 347 49 auoient ilz de telles obseruations?

589 351 70 36 Theo¬

589 384 77 34 philacte

589 411 78 39 Hebr.13.b
