900 1224
382 152 376 45 nous nettoye de tout peche ⁊c.

380 179 401 53 Si nous cõfessons noz pechez/

378 213 407 50 il est fidele ⁊ iuste pour nous par¬

378 247 408 50 dõner noz pechez/ ⁊ nous nettoyer

380 280 211 43 de toute iniquite.

411 312 375 48 Car si le sãg des boucz ⁊c. le sãg

380 346 410 46 de Christ (qui par le saĩct esperit se

380 379 411 47 est offert a dieu soymesme sãs ma¬

378 412 413 44 cule) cõbien plus fort nettoyera il

377 446 412 41 noz cõsciences des oeuures mortes

378 478 354 41 pour seruir a dieu uiuant? ⁊c.

406 506 382 47 Car aussi Christ est mort une

383 544 405 43 foys pour noz pechez/ le iuste pour

374 576 415 42 les iniustes: affin quil nous offrit

376 609 414 41 a Dieu/ mortifiez certes en chair:

378 640 330 42 mais uiuifiez en esperit ⁊c.

404 674 384 40 Et uous quãd uoꝰ estiez mortz

379 711 410 35 en peche ⁊ en la circoncision de ur̃e

378 739 407 40 chair/ il uous a uiuifiez auec luy:

380 772 407 40 uous pardõnant tous les pechez/

378 804 409 42 effaceant lobligation qui estoit cõ

377 840 295 38 tre nous par le decret ⁊c.

377 874 412 48 ¶ Notez biẽ ce que dit S. Hilaire sur le

377 913 412 36 p̃s.142.c. que par merites ne aucunes sa¬

375 939 413 46 tisfactions nul ne peult entrer en la bõ¬

283 171 74 50 Ibidẽ.d

289 295 89 57 Heb.9.d

278 504 108 57 1.Pet̃.3.c

282 664 98 43 colos.2.c
