900 1224
370 133 412 45 lhypocrisie de ceulx qui parlent mẽson

372 162 410 44 ges/ ⁊ ont leur conscience cauterisee/ de¬

370 191 412 44 fendantz soy marier/ cõmandantz de se

375 223 404 42 abstenir des uiandes/ lesquelles dieu a

375 248 402 45 cree ⁊c. Et Origene sur S. Matth. en

372 278 410 45 la .25. homeł. cõformemẽt dit/ Il reprent

371 308 409 42 dõc telle maniere de p̃dicateurs/ lesquelz

370 339 413 40 non seulemẽt ne font pas ce quilz dient:

368 370 416 38 mais aussi cruellemẽt ⁊ sãs misericorde/

370 397 414 40 et non pas selon lestimation des forces

370 427 412 39 dung chascun escoutant/ mais plus qͥlz

369 456 413 39 ne ont de puissances leur enioingnẽt: cõ¬

368 485 416 38 me ceulx qui defendent de marier/ ⁊ con¬

368 515 414 37 traignẽt les gẽs a une ordure ĩmoderee/

367 544 413 37 par ce qͥlz defendent ce qui est expedient.

368 572 415 40 Ceulx aussi qui enseignent de soy abste¬

372 600 411 39 nir des uiãdes ⁊ aultres telles manieres

370 628 416 40 de choses: ausquelles choses ne doibuẽt

371 658 397 38 nullement les fideles estre contrainctz.

380 690 398 37 Item S. Augu. parlant de telz faulx

370 718 411 36 prophetes au liure contre Adamantium

371 745 411 38 Manicheen au .14. chap. dit: Et les a si¬

372 775 408 37 gnifie manifestemẽt en q̃lque lieu/ disãt:

377 806 402 35 Que es derniers iours uiẽdroiẽt aucũs/

371 833 410 39 qui defendroiẽt marier/ ⁊ se abstiendroiẽt

370 863 302 32 des uiandes que dieu a crees.

384 894 396 35 Item S. Hierosme sur Malachie au

365 921 411 48 2.chap̃. Decliner a la dextre/ cest de soy

273 237 79 64 Orige.

272 585 92 50 1.tim̃.4a

272 677 88 52 s. Aug.

267 795 101 48 1.tim̃.4a

267 884 77 56 Hieros.
