902 1224
168 124 332 54 ¶ De Dieu. Chap̃.i.

143 186 377 49 ¶ Ie confesse quil nest que ung seul

115 218 404 45 Dieu/ qui est esperit/ oeuurãt ⁊ faisant

116 252 235 40 toutes choses en tous.

255 284 261 50 Scoute: Israel le sei¬

255 323 266 45 gneur nostre Dieu est

259 361 145 39 ung Dieu.

273 385 250 47 Nauõs noꝰ poĩt dõc

114 425 409 45 tous ung pere/ ung seul dieu/ ne

115 459 402 44 nous a il pas toꝰ cree? Pourquoy

117 489 400 47 donc desprise ung chascun de noꝰ

120 521 401 46 son frere/ en uiolant laliance de

120 558 138 41 noz peres?

151 583 369 46 Ung est le souuerain createͬ de

121 618 397 45 toutes choses/ tout puissant/ ⁊ roy

123 652 402 43 puissant/ ⁊ fort a craindre: seant

122 684 403 51 sur le throsne dicelle/ ⁊ le dieu do¬

121 725 111 39 minant.

155 746 365 50 Il est ung dieu/ ⁊ est ung me¬

123 786 398 40 diateur de dieu/ ⁊ des hõmes ⁊c.

155 811 365 50 Il est ung seigneur/ une foy/

129 850 390 44 ung baptesme/ ung Dieu ⁊ pere

127 884 392 44 de tous qui est sur tous ⁊ par tou

127 921 310 44 tes choses ⁊ en nous tous.

523 258 99 72 deut̃.6.a

524 382 96 49 Mala¬

524 420 96 37 chi.2.c.

524 582 76 45 eccłi.1.b

527 746 87 47 1.tim̃.2.b

530 809 82 47 Eph.4a

127 299 116 139 E
