1080 1660
322 138 197 63 Prescce.

60 197 636 71 de uerĩte, de la sapiẽce de dieu ont

63 260 632 69 puissancc, ⁊ peuuẽt selon leur de-

63 318 632 69 sir cõduyre la puissance ordonnee

60 372 626 72 de dicu, le glaiue, a qui appartiẽt

59 427 627 73 de deffendre les bons, ⁊ punir les

58 485 628 73 mauuais, cõment ilz enraigent

59 542 627 69 apres le sang des iustes, ne desi-

58 600 628 75 rant que la mort diceulx, uoyre

60 655 629 69 aucuns mesmes dẽtre eulx font

60 712 629 76 loffice des bourreaux en tormen

60 770 626 65 tant horriblemẽt les poures qͥlz

59 830 630 69 peuuent tenir en leurs mains, cõ

59 885 627 70 me si par force ⁊ tormẽtz l on deb-

59 940 626 71 uoit tirer les gens a Nesus ⁊ a la

60 997 615 77 foy, cõbien que nostre sauueur cõ-

56 1052 619 78 mãde doulceur ⁊ benignite, ⁊ que

63 1113 612 73 par l enite ⁊ toute benignite luy⁊

60 1170 621 72 ses apostres ayẽt uoulu tirer les

59 1228 625 77 pecheurs sans tirer autre glaiue

693 366 137 66 Rom̃.i.

696 421 64 53 a.b.

693 533 139 65 oãas.s.

693 593 107 47 g'.is. a.

693 626 135 61 Aci .x. s.

682 1029 143 62 mat.ii. d

682 1077 140 54 Luc .is. fi

682 1117 139 56 Act.⁊. b.c

685 1163 136 54 ⁊⁊ tim̃.⁊ T

432 1296 239 79 A iii que
