1080 1660
541 138 187 73 Presace.

378 197 625 78 que la parolle, qui est le glaiue de

379 260 624 74 l esperit, ⁊ la ou ilz ne peuuẽt exe-

378 315 623 76 cuter leur uolunte meurtriere, ⁊

380 374 621 74 faire tuer; par mẽsonges toutes

379 431 623 64 patẽtes tachent ⁊ procurẽt diffa-

376 488 627 72 mer la saĩcte doctrine de nr̃e sei-

378 543 625 67 gneur, ⁊ ceulx qui la tiennẽt. Ne

376 601 625 69 crient ilz point, que ces maulditz

378 658 624 72 chiens hereticques qui ueulẽt te

376 715 625 74 nir ceste nouuelle loy, uiuent cõ-

376 777 627 61 me bestes, renõceans tout, ne te-

376 830 625 70 nãt ne foy ne loy, renõceãs tous

378 890 623 70 les sacremens, ⁊ qu ilz ne ueulẽt

379 944 620 71 point baptiser, ⁊ne tiennẽt rien

378 1000 623 72 de la saincte table de nostre sei-

379 1056 622 76 gneur, qu ilz mesprisent la uierga

376 1120 626 64 maris, ⁊ les sainctz ⁊ sainctes, et

378 1170 624 75 qͥlz nont point de mariage;. Qui

379 1229 623 78 uouldroit et pourroit racompter

902 1293 100 72 tout

242 251 118 57 Epb. C.
