1080 1660
178 143 363 70 de nostre scigneur.

52 208 625 75 saire la cene ⁊ prendre le pain,ne

49 265 629 73 nous est point escript, car cela est

52 325 623 66 frãc a l eglise de nostre seigneur;

49 380 626 72 cõme le temps de baptiser aussi;

49 437 623 70 mais bien est monstre cõme l on y

49 491 630 76 doibt uenir, ainsi q̃ les exhorta-

48 551 633 72 tions qui sensuyuent nous mon-

52 605 630 75 sirent. Pourtãt le seruiteur de la

52 665 630 68 saincte cõgregation qui presche ⁊

51 723 630 68 porte la parolle, aura regard a le-

49 774 635 78 dificatiõ du peuple ⁊ de tous, uoi-

54 836 628 65 re tãt qu il pourra des ignorãs et

51 890 621 75 infideles, saisant tout en bon or-

52 946 630 73 dre. ⁊ par le cõsentement de la cõ-

58 1007 623 70 gregation regardera le tẽps plus

55 1063 629 69 apte ⁊ cõuenable, soy cõformant

52 1119 630 70 aussi aux autres eglises, sans su

55 1177 629 66 perstition pour garder la paix et

56 1239 626 72 union auec toꝰ, ⁊ pour attirer les

692 886 122 70 cor. it g

512 1297 172 68 ignorãs
