1080 1660
211 143 367 71 de nostre seĩgneur.

78 204 628 76 presumẽt point uenir a ceste sain

73 266 634 61 cte table, en laquelle doibuent ue

73 322 633 69 nir seulemẽt ceulx qui sõt uerita-

73 376 631 73 blemẽt du corps de Christ, unis ⁊

73 432 630 77 enracinez en luy ꝑ uraye ⁊ uifue

73 491 633 74 foy laquelle soit ouurãte par cha

73 549 620 69 rite. Car silz y uiennẽt ce sera a

72 604 621 73 leur iugemẽt ⁊ condẽnation; ⁊ cõ-

72 661 621 73 me traistres, ⁊ successeurs de Iu-

72 717 621 68 das seront reiectez. Mais pour-

72 778 621 64 tant que ce pendant q̃ nous con-

70 831 624 77 uersons en ce monde enuironnez

72 890 621 71 de ce corps de mort ⁊ de peche-

70 947 623 69 nous sommes tous pouures pe-

69 1001 624 79 cheurs; ⁊ ne pouuõs dire q̃ soyõs

72 1061 621 69 sans peche, auãt que nous uenõs

69 1117 624 71 c ceste saĩcte table, faisãt memoi-

69 1173 624 74 re de nostre sauueur qui est mort

72 1233 621 78 pour noz pechez, ⁊ est resuscite poͬ᷑

703 852 143 58 Eccl.n.c

703 895 125 58 Ro.z. d.

703 1013 134 70 Boã.i. d

703 560 133 58 i. cor.ii.

703 753 140 61 Goã.i. U

703 1238 126 67 ro.⁊. d.

569 1294 130 72 nostre
