1080 1660
181 143 364 72 de nostre seigneur.

52 208 632 72 mentãt en nous; afsin q̃ par icelle

54 265 626 79 puissiõs uaincre toute la malice

55 323 622 75 de nostre ennemy, en laq̃lle foy

56 380 625 77 desirons uiure en faisant conses-

58 437 382 73 sion dicelle; disant,

120 495 568 70 Ie croy en dieu le pers tout

58 551 540 71 puissant createur du ciel lc.

101 607 587 69 Mes tres chiers freres ⁊ seurs

59 665 627 72 uous scauez cõme nostre tres bon

60 723 625 72 pere ne destre point la mort des

62 836 618 67 sent ⁊ uiuent; car luy estant plair

60 896 620 70 de toute bonte ⁊ misericorde, desi

65 948 615 75 grande charite a ayme le monde

65 1007 619 73 qu il a dõne son seul filz pour sau

69 1073 611 64 uer le monde, lequel ouuertemẽt

67 1120 613 68 a dit, qu il estoit uenu po᷑ sauuei

70 1175 611 75 ce qͥ estoit perdu; car cest la parol

70 1233 620 81 le trescertaine que esuchrist est

692 269 134 62 i. Soã.

692 316 65 49 A.G.

700 741 130 55 nec.is.e.

701 944 129 76 oãs. b.

702 1135 132 51 mat..s. b

700 1175 134 62 Luc.is. b

581 1297 112 62 uenu

700 1248 134 73 a timacci
