1080 1660
533 132 344 71 De lu uisitation

396 196 636 77 gez, ⁊ sur tout ceulx qui sont ma-

394 258 637 75 lades, ausquelz il fault adnoncer

394 319 636 68 la tres grande bonte ⁊ miscricor-

396 374 634 70 de de dicu, monstrant que de ce-

394 432 633 70 luy qui est fontaine de tout bien-

394 488 633 70 ne peult sortir que biẽ; et que luy

394 545 636 71 qui est tout puissant est nostre pe-

394 603 636 72 re tres misericordieux plus soin-

396 664 632 66 gneux de nous, que iamais pere

393 716 635 75 ne mere ne fut de son filz; disãt-

402 773 626 80 Que combiẽ que la mere oublies

393 836 634 68 roit son enfant, et la mere nour-

390 890 638 64 rice celuy qu elle allaicte qu elle a

393 947 631 75 porte en son uentre, neãtmoins

391 1005 632 71 nostre pere ne noꝰ oubliera poĩt,

393 1059 630 79 saisant tout pour nostre prouffit,

389 1121 634 71 enuoyant tout pour nostre bien-

390 1175 636 74 et que s il estoit meilleur qu il fut

391 1233 632 82 ultremẽt, deuons croyre ferme-

252 790 136 62 esa. ⁊s. d

901 1297 123 64 ment
