1080 1660
264 150 278 69 des malades.

76 221 627 68 nent que dieu l enuoycroit et le

77 278 626 70 feroit. Donc nous deuons soub-

74 337 625 69 mettre nostre esperit a luy, ⁊ croy

76 392 623 68 re fermement qu il nous ayme, ⁊

76 448 626 77 en nous aymant il nous chastie-

76 506 624 65 ⁊ ne deuõs auoir esgard a la dou

76 568 624 62 leur ⁊ pourcte q̃ nous endurons-

78 619 636 80 ne penser que pource dieu nous

74 679 626 70 haysse ou noꝰ reiecte, mais plus

76 738 624 69 tost penser destre plus en sa gra-

73 795 627 72 ce, regardãt non point ceulx qui

77 852 624 72 flourissent en ce monde, ayans

73 908 627 74 leur consolations; mais Iesus

74 961 635 84 le plus ayme du pere que tous

74 1022 626 72 uray filz de dieu, leq̃l a este plus

74 1079 632 73 afflige que tous, plus tormente

76 1139 631 70 q̃ tous, ⁊ plus pourement traicte

74 1191 633 71 en sa fin. Car non seulement la

74 1251 632 79 passion tres amere luy a este gran

706 431 142 53 puer .i. S

722 470 122 55 heb... C.

723 646 118 53 eb.ie.⁊

723 810 105 52 ds.s.

721 983 123 64 sa.il

545 1312 166 83 dement
