1080 1660
272 154 281 61 des malades.

91 213 631 76 cõment scruent pour soulaiger le

91 273 631 75 corps plain de tormẽt affin q̃ lasse

90 330 631 67 destre en ung lieu soit tourne en

92 385 632 74 lautre: tout nest il pas attache et

92 445 629 65 de gros cloux cloue cruellemẽt:

92 500 629 74 Quel apprestemẽt faict on a ce

91 558 630 72 tres bon ⁊ tres grãd sauueur pour

92 618 629 66 manger ou pour boyre, la ou du

95 673 626 69 gros tormẽt il est tant trauaille-

90 729 634 70 ⁊ des doules la bouche toute sei-

88 787 633 72 che ⁊ il meurt de soif; Il n y a q̃ du

91 841 630 74 fiel du uinaigre, ⁊ de la myrrhe.

92 900 630 71 Quelle cõsolation, quel cõfort a

88 958 637 68 ce bon sauueur. Rien que toute

90 1012 630 67 peine, douleur, gros tormẽt ⁊ an-

91 1072 629 67 goisse. A quoy doibt regarder le

90 1128 630 72 malade qͥ n est ainsi traicte, ne si

90 1186 635 70 ameremẽt cõme ce bon sauueur a

90 1243 631 76 este pour nous, dequoy il en doibt

441 1301 45 85 F

573 1314 145 81 rendre
