1080 1660
261 143 292 63 des malades.

73 206 629 70 apres sa mort, si dieu l appelle de

73 268 629 64 te mõdesordonnant du tout cõme

72 325 624 69 ung uray fidele doibt faire. Et q̃

69 377 632 78 lamais il ne oublie nostre seigñr

72 437 631 63 s⁊ qͥl ne se desfie de sa grãde mise-

69 491 631 72 ricorde; mais en toutes ses affli-

69 551 630 64 ctiõs ⁊ angoisses, cõtinuellement

69 610 628 66 recoure a la grãd mer de tout biẽ

69 661 626 70 ai nostre pere, auq̃l seul il aye tou-

69 717 624 74 te sa fiãce. Telles ⁊ semblables

65 777 631 66 aidmonitiõs fera le uray seruiteur

67 831 629 75 de dieu, regardãt cõme il est expe

66 889 621 71 diẽt au malade. S il. a sa fiance a

67 947 607 71 ses bõnes ocuures qͥl a faict, luy

65 1005 627 68 mõstrant q̃ par icelles il ne pcult

63 1058 630 72 euiter le iugemẽt qͥl ne soit condẽ

63 1116 627 65 ne deuãt dieur ⁊ q̃ tout ne luy ser-

65 1173 627 72 uiroit de riẽ, si dieu ne luy faisoit

67 1231 628 77 misericords ⁊ grace, par laq̃lle il

708 392 132 63 O sal.⁊i

698 892 141 65 e sa. et.s

695 940 142 54 Luc .rz. c

697 982 135 62 Epb.r. G

433 1289 107 83 Fq

572 1289 120 75 doibt
