3128 4670
311 243 2682 104 ¶ Articles ueritables sur les horribles/ grandz ⁊ importables abuz de la Messe papalle:

311 334 1251 70 inuentee directement contre la saincte Cene de Iesus Christ.

253 416 829 109 Ie inuocque le ciel ⁊ la terre/

1098 400 1963 94 en tesmoignage de uerite: contre ceste pompeuse ⁊ orgueilleuse messe papalle/ par laquelle le mõde (si Dieu

1102 451 1951 86 bien tost ny remedie) est/ ⁊ sera totallement ruine/ abysme/ perdu ⁊ desole: quand en icelle nostre Seigneur est

244 513 2816 81 si oultrageusemẽt bsaspheme: ⁊ le peuple seduict ⁊ aueugle: ce que plus on ne doibt souffrir ny endurer. Mais affin que plus aysemẽt le cas soit dung chascun

244 562 776 71 entendu: par articles il conuient proceder.

233 642 483 120 Premierement/

728 607 2329 112 a tout fidele chrestien/ est ⁊ doibt estre trescertain que nostre Seigneur ⁊ seul sauueur Iesus Christ cõme grand euesque ⁊ pasteur

728 684 2333 82 eternellement ordõne de Dieu/ a baille son corps/ son ame/ sa uie/ ⁊ son sang pour nostre sanctification en sacrifice tresparfaict:

245 739 2816 78 lequel ne peult/ ⁊ ne doibt iamais estre reitere par aucun sacrifice uisible: qui ne ueult entieremẽt renõcer a iceluy cõme sil estoit inefficax/ insuffisãt/ ⁊ impar

244 791 2819 67 faict. Laquelle chose non seulement dire: mais aussi pẽser/ est horrible/ ⁊ execrable blaspheme. Et toutesfoys la terre a este/ ⁊ est encore de p̃sent en plusieurs

241 840 2822 62 lieux chargee/ ⁊ rẽplie de miserables sacrificateurs: lesquelz cõme silz estoiẽt noz redẽpteurs se mettẽt au lieu de Iesus christ: ou se font cõpaignons diceluy/

238 884 2827 62 disans: Quilz offrẽt a Dieu sacrifice plaisant/ ⁊ aggreable cõme celuy de Abraham/ Isaac ⁊ Iacob/ poͬ le salut tãt des uiuãs que des trespassez: laq̃lle chose

238 934 2827 67 ilz font apertemẽt cõtre toute uerite de saincte escripture. Car par le grãd ⁊ admirable sacrifice de Iesus christ/ tout sacrifice exterieur et uisible est aboly et

238 978 2827 70 euacue: ⁊ iamais aultre nest demoure. Ce q̃ ie dis est tresamplemẽt monstre en lepistre aux Hebrieux es chap̃. 7.9. ⁊ .10. lesq̃lz ie supplie a tout le mõde diligen

244 1032 2821 60 temẽt cõsiderer. Toutesfoys poͬ ung peu le toucher/ ⁊ ayder lesperit des plus petis/ au .7. il est ainsi escrit: Il estoit cõuenable q̃ noꝰ eussiõs ung euesq̃/ saĩct/

251 1068 2812 70 innocẽt/ ⁊ sans macule: leq̃l na point necessite de offrir tous les iours sacrifices: premieremẽt pour ses pechez/ puis apres poͬ ceulx du peuple: car il a faict ce/

244 1120 2821 70 en se offrãt une foys. Notãment il dit: En se offrant une foys. Car iamais ceste oblatiõ ne fut ny ne sera reiteree/ ne aucune pareille. Itẽ au .9. cha. Christ

244 1159 2821 81 euesque des biens a aduenir par son propre sang est entre une foys es sanctuaires. Uoicy ou de rechief il dit que par se estre presente une foys/ redemption

238 1211 2830 73 eternelle est faicte. Parquoy il est euident que en nostre redẽption ne auõs besoing de telz sacrificateurs/ si nous ne uoulõs renõcer a la mort de Iesus christ.

282 1255 2788 73 Item au .10. chap̃. Uoicy ie uiens: affin sire Dieu que ie face ta uolunte/ par laquelle uolunte/ nous sommes sanctifiez par loblation une foys faicte du

236 1302 2834 78 corps de Christ. Et aussi le sainct esperit le testifie/ disant: ie nauray plus souuenance de leurs iniqͥtez: ⁊ la ou est remissiõ dicelles/ il ny a plus doblation pour

238 1354 2830 67 le peche. Ce q̃ par argumẽt ineuitable de S. Paul/ ie mõstre ainsi. Aux chap̃. 5.7.8. ⁊ .10. des Ebrieux. Le saĩct apostre dit: q̃ pour limperfection des sacrifices

236 1398 2832 70 de lanciẽne loy/ falloit tous les iours recõmencer iusque a ce que il en ayt este offert ung du tout parfaict: ce qͥ a este faict une foys par Iesus Christ. Dõc ie

236 1439 2832 76 demãde a tous sacrificateurs: si leur sacrifice est parfaict ou imparfaict. Sil est imparfaict/ pourquoy abusẽt ilz ainsi le paoure mõde? Sil est parfaict pour

241 1491 2030 76 quoy le fault il reiterer? Mettez uous en auant sacrificateurs/ et si uous auez puissance de respondre/ respondez.

225 1572 464 124 Secondement

701 1556 2380 109 en ceste malheureuse messe on a ꝓuocque quasi luniuersel mõde a idolatrie publicq̃/ quad faulcemẽt on a dõne a entẽdre/ q̃ soubz les

708 1622 2369 90 especes de pain ⁊ de uin/ Iesus christ corporellemẽt/ reallemẽt/ ⁊ de faict/ entieremẽt ⁊ personnellemẽt en chair ⁊ en os/ aussi grãd ⁊

222 1673 2855 82 parfaict cõe de p̃sent il est uiuãt/ est cõtenu ⁊ cache. Ce q̃ la saĩcte escripture ⁊ nr̃e foy pas ne noꝰ enseigne/ mais du tout est au cõtraire. Car Iesus christ apres

233 1727 2848 81 sa resurrectiõ est mõte au ciel/ assis a la dextre de Dieu le pere tout puissãt/ ⁊ de la uiẽdra iuger les uifz ⁊ les mortz. Aussi S. Paul aux Colos.3. escript aĩsi.

233 1779 2848 76 Si uous estes resuscitez auec Christ cerchez les choses qͥ sont en hault/ ou Christ est seand a la dextre de Dieu. Il ne dit point cerchez Christ qͥ est a la messe/ ou

231 1834 2852 65 au sacraire/ mais au ciel. Parquoy il sensuit bien/ si sõ corps est au ciel/ pour ce mesme tẽps, il nest point en la terre: ⁊ sil estoit en la terre/ il ne seroit point au

231 1880 2850 71 ciel/ car pour certain iamais ung ueritable corps/ nest q̃ en ung seul lieu pour une foys. Ce que S. Augustin a bien cõgneu quãd en parlãt de Iesus christ/

231 1922 2850 75 il a ainsi escript: Donec finiatur seculum sursum dñs est: sed tamen hic nobiscum est ueritas dñi. Corpus enim in quo resurrexit in uno loco esse oportet/ ueritas autẽ eius ubiqꝫ

225 1965 2852 85 diffusa est. Item Fulgence escrit ainsi: Absens erat celo secundum humanam substantiã/ quum esset in terra/ ⁊ derelinquẽs terram/ quum ascẽdisset in celum: secundum uero

244 2021 2837 72 ◊iuinam ⁊ immẽsam substantiã/ nec celum dimittens quum de celo descendit/ nec terram deserens quum ad celum ascendit. Oultre nous auõs infallible certification par

231 2070 2852 70 la saincte escripture Matth.24. que laduenement du filz de lhomme quand il luy plairra partir du ciel/ sera uisible ⁊ manifeste: ⁊ se aucun uoue dict/ icy

229 2109 2856 85 est Christ/ ou la/ ne le croyez point. Iesus christ dit ne le croyez point/ ⁊ les sacrificateurs disent: Il le fault croyre. Disposez uous paoures idolatres a

233 2166 2853 75 recõgnoistre uostre erreur/ ⁊ confesser uerite/ ou en brief temps uous cõuiendra respõdre a ung petit traicte/ lequel (Dieu aydant) sera cõpose particulie¬

233 2223 2396 67 rement de ceste presente matiere/ si clairemẽt ⁊ apertement quil ny aura femme ne enfant qui ne congnoisse uostre damnable cecite.

229 2315 405 125 Tiercement/

625 2303 2461 89 iceulx paoures sacrificateurs pour adiouster erreur sur erreur ont en leur frenaisie dict et enseigne apres auoir souffle ou parle sur ce

634 2362 2455 89 pain que ilz prennẽt entre leurs doigtz/ ⁊ sur le uin quilz mettent au calice quil ny demeure ny pain ny uin, mais cõme ilz parlent de

228 2415 2863 86 grans ⁊ prodigieux motz/ par Transsubstantiation/ Iesus christ est soubz les accidens du pain ⁊ du uin cache ⁊ enueloppe/ qͥ est doctrine des diables/

233 2467 2856 85 cõtre toute uerite/ ⁊ apertement cõtre toute lescripture. Et ie demãde a ces gros enchaperõnez ou ont ilz inuẽte ⁊ troune ce gros mot Trãssubstãtiation?

233 2525 2859 90 S. Paul/ S. Matthieu/ S. Marc/ S. Luc/ ⁊ les anciẽs peres nont point ainsi parle: mais quãd ilz ont faict mẽtion de la saincte Cene de Iesus christ/ ilz ont

228 2589 2866 65 apertement ⁊ simplement nõme le pain ⁊ le uin. Uoyez S. Paul comme il escript: Lhomme se espreuue soymesme/ il ne dit point uoyse a ung tondu pour

233 2635 2858 71 estre esprouue/ mais il dit se espreuue soymesme: puis sensuyt/ ⁊ ainsi mangeusse de ce pain/ il ne dit point mangeusse le corps de Iesus christ qui est soubz

233 2685 2861 70 la semblance/ soubz lespece ou apparence de pain/ mais apertement ⁊ purement il dit/ mangeusse de ce pain. Or est il certain que lescripture ne use point de

231 2731 2863 73 deception/ ⁊ que en icelle il ny a point de faintise/ donc il sensuyt bien que cest pain. Item en ung autre lieu il est ainsi escript. Et ung iour de sabbat

233 2781 2861 72 quand nous estions assemblez pour rõpre le pain. Ausquelz tant euidens passages la saincte escripture dit ⁊ prononce expressement estre pain/ non point

231 2833 2863 72 espece/ apparence/ ou semblance de pain. Qui pourra donc plus soubstenir/ porter/ ⁊ endurer telz mocqueurs/ telles pestes/ faulx antechristz? Lesquelz cõme

231 2882 2863 75 presumptueux ⁊ arrogans/ selon leur ordinaire coustume/ ont este si temeraires et hardis/ de conclurre ⁊ determiner au contraire. Parquoy cõme ennemys de

231 2931 1708 73 Dieu/ et de sa saincte parolle/ a bon droict on les doibt reiecter/ et merueilleusement detester.

218 3019 440 117 Quartement/

662 3004 2434 97 le fruict de la messe est bien contraire au fruict de la saincte Cene de Iesus christ/ qui nest pas de merueilles/ car entre Christ ⁊ Belial

658 3066 2434 82 il nya rien commun. Le fruict de la saincte Cene de Iesus christ est publicquemẽt faire protestation de sa foy/ ⁊ en confidẽce certaine

228 3128 2868 70 de salut/ auoir actuelle memoire de la mort ⁊ passion de Iesus christ/ par laquelle nous sommes racheptez de dãnation et perdition. Auoir aussi souuenance

231 3180 2863 73 de la grande charite et dilection dequoy il nous a tant aymez que il a baille sa uie pour nous/ et de son sang nous a purgez. Aussi en prenãt tous dung pain

233 3230 2866 75 ⁊ dung breuuage/ nous sommes admonnestez de la charite ⁊ grande union en laquelle tous dung mesme esperit nous debuons uiure et mourir en Iesus

233 3279 2866 78 christ. Et cecy bien entendu resiouyst lame fidele/ la remplissant de diuine cõsolation/ en toute humilite croissante en foy de iour en iour/ se exerceant en toute

231 3333 2865 76 bonte/ tresdoulce et amiable charite. Mais le fruict de la messe est bien autre/ mesme comme experiẽce nous demonstre/ car par icelle/ toute cõgnoissance

233 3380 2861 80 de Iesus christ est effacee/ predication de leuangile reiectee ⁊ empeschee/ le temps occupe en sonneries/ urlemens/ chãteries/ ceremonies/ luminaires/ encense¬

231 3435 2863 72 mens/ desguisemẽs/ ⁊ telles manieres de singeries/ par lesquelles le paoure monde est cõme brebis ou moutons miserablemẽt entretenu ⁊ pourmene/ et par

231 3484 2863 78 ces loups rauissans/ mãge/ ronge/ ⁊ deuore. Et qui pourroit dire ne pẽser les larrecins de ces paillardz? Par ceste messe ilz ont tout empoigne/ tout destruict/

233 3536 2863 67 tout englouty/ ilz ont desherite princes ⁊ roys/ marchans/ seigneurs/ ⁊ tout ce que on peult dire/ soit mort ou uif. Par icelle ilz uiuent sans soucy/ ilz nont

233 3585 2861 73 besoing de faire rien/ destudier encore moins/ que uoulez uous plus? Il ne se fault donc esmerueiller se bien for ilz la maintiennẽt/ ilz tuent/ ilz bruslent/

233 3634 2861 83 ilz destruisent/ ilz meurtrissent comme brigans/ tous ceulx qui a eulx contredisent/ car aultre chose ilz nont plus/ que la force/ Uerite leur fault/ Uerite les

231 3689 2333 117 menasse/ Uerite les suyt et pourchasse/ Uerite les espouuante. Par laquelle briefuement seront destruictz. Fiat, Fiat, Amen.

88 692 135 88 Ps̈.109.

85 1031 129 97 Christũ

81 1093 133 70 mori/ et

81 1132 133 78 eñdẽ pre

77 1175 137 82 sentari/

80 1229 99 60 idem.

83 1273 111 57 Uoyez

80 1312 117 63 toꝰ les

75 1354 109 65 chap̃.

80 1429 127 73 Non est

77 1481 125 65 dare me

72 1520 112 70 dium.

77 1691 133 81 mat.28.

77 1748 128 60 mar.16.

75 1792 119 65 Act̃.1.

72 1834 112 57 Ebr.1.

75 1880 104 65 Act̃.8

77 1980 133 86 Fulgen

77 2034 130 64 tius ad

77 2080 133 70 thrasim

74 2120 140 106 libro.2.

70 2475 136 85 1.corĩ.11.

70 2529 136 78 mat.26.

75 2589 135 62 mar.14.

72 2628 125 62 Luc.22.

72 2674 130 91 1.corĩ.11.

67 2791 127 138 Act̃.20.
