1085 1619
97 134 614 72 uraye foy, noz cocurs sõt purifiez,

95 183 614 65 noz ames uiuifices. Et qui na

97 226 607 70 ceste foy mais demãde autre chose-

97 279 611 60 si se fie en ses oeuures, es indulgen

95 321 608 68 ces, cõfessiõs, suffrages, ou en q̃lq̃

94 364 615 73 chose que ce soit, il demeure en la

93 414 615 67 mort; car il ne croit pas au nom du

94 457 615 70 seul filz de Dieu. Car si par autre

91 503 620 69 chose nous pouuiõs estre absoulz q̃

95 554 618 65 par Iesuchrist, pour neant il seroit

93 600 619 65 mort. Et si autremẽt nous pou-

91 650 618 56 uions estre n ettoyez de noz pechez ⁊

93 696 612 59 guaris de noz maulx, pour neant

94 733 619 69 Christ auroit espandu son sang et

87 779 618 72 souffert tant de playes. En quoy

90 825 618 74 on uoit bien l escripture accõplie de

94 874 619 67 ceulx qͥ renõcent ⁊ font renõcer ce-

93 917 616 73 luy qui nous a racheptez; c est nostre

94 963 614 71 sauueur Iesus uraye puissance et

95 1011 620 69 uertu de Dieu, parfaicte ⁊ suffisã-

95 1059 618 60 te pour nous sauuer. Quand en

95 1109 618 62 autre que en luy on faict cercher la

95 1149 618 69 remission des pechez ⁊ pardon;tant

95 1196 620 74 en pelerinages, indulgences ⁊ au-

713 511 131 65 gebã.iii.

716 643 113 55 Gala-

713 693 89 50 tes.ii.

712 786 132 61 ii. Pier.

712 839 72 75 re. ii.

716 926 130 73 i. seban

711 975 60 65 iui.

475 1245 109 74 On

632 1249 76 73 tres
