1085 1619
79 161 618 79 faulsist que tout ce qu il a porte fust

79 214 617 65 de nulle uigueur ⁊ efficace, et que

78 257 616 72 noꝰ deussiõs appaiser sire de Dicu

80 303 610 72 portantz noz pechez. Laquelle blas

82 350 610 69 pheme on ne scauroit assez uitupe-

78 398 612 82 rer ne cõdamner comme trespleine

78 441 275 66 de Lantechrist.

124 470 568 84 Sache tout Chrestien, qu il ne se

72 532 616 68 peult trouuer deuãt Dieu, ne fuyr

75 582 606 68 ⁊ euiter son ire, sinon par Iesus, qͥ

72 628 614 65 est nostre mediateur entre Dieu et

70 674 618 66 nous. Et qu is ne peult estre dessie ⁊

72 720 614 69 descharge de ses pechez, ne euiter la

68 766 621 70 peine qͥ luy est deue sinon par le seul

72 812 606 63 Iesꝰ, ⁊ autre moyẽ ne peult auoir.

99 856 577 68 Il fault croire q̃ Iesus noꝰ a pur

68 903 613 69 ge, ⁊ a porte noz pechez, ⁊ la peine

64 948 613 67 q̃ nous deuiõs porter. Et pourtãt,

63 994 619 70 rien q̃ nous faisõs ⁊ que deuõs fai-

63 1044 618 66 re ne doit estre poͬ noz pechez; mais

66 1087 615 66 seulemẽt pour l hõneur ⁊ gloire de

67 1131 614 69 Dieu. Lequel pleinemẽt se tient cõ

66 1177 614 68 tent de ce que Iesus a soufsert pour

66 1222 615 82 nous. Re demãdãt autre chose sinõ

682 839 135 85 ¶sa lii.

421 1273 122 70 Oii

611 1284 66 59 que
