1085 1619
387 148 619 66 que croyons fermemẽt nostre salul

387 194 618 66 estre accõply par sa grace/ don ⁊ mi

388 238 617 72 sericorde par Iesus/ ⁊ q̃ nous l ay-

387 286 615 64 mons/ luy en rendãt graces/ secou-

387 333 615 65 rantz ⁊ aydãtz nostre prochain po᷑

388 380 617 62 lamour de luy/ en suy donnant

390 423 616 65 tout hõneur ⁊ gloire que luy seul

388 470 617 65 nous iustifie/ sauue ⁊ sanctisie/ ne

391 519 613 74 donnantz rien a noz oeuures/ uer-

392 567 312 61 tus ⁊ puissances.

469 597 452 92 ¶ De excommuniement.

569 658 244 63 Chap̃.xx.xii.

395 721 162 176 E

558 688 450 71 cõmumiement/ ou excõ-

557 748 448 57 municatiõ est reiection de

554 794 448 58 la table de nostre Scigñr-

554 843 458 60 diceluy qͥ est en peche/ du-

396 883 614 73 quel il a este admõneste de ung de

396 940 616 59 deux/ ou de troys: puis de toute la

396 980 613 64 congregation de nostre Dcigneur

396 1024 608 68 c est de ceulx de sa parroisse /de soy

396 1072 533 65 retirer/ lequel n en a rien faict.

443 1110 569 73 Et cecy est faict affin q̃ par hõte

400 1162 612 65 ⁊ tristesse quil en a il reuiẽne a amã

398 1207 610 85 demẽt/ laissant sõ peche. Et poͬ-

919 1254 91 68 tans

260 885 131 75 i. Cor. v.

257 1144 135 70 ii. Cor. ii
