1085 1619
425 529 150 163 uii.

407 136 618 63 ment dune fueille de papier/ ou pe-

407 180 618 65 tit de parchemin auec ung peu de

408 237 616 53 cire ou de plomb/ comme la mort.

410 272 615 65 Mais la ou est foy/ son aduersaire

408 321 614 66 ne peult rien par ses lettres ⁊ ful-

407 365 221 65 minations.

514 408 413 69 ¶ Des faulx pasteurs.

584 457 256 63 Chap̃.xxxiii.

570 501 458 65 L

570 549 456 63 Es faulx pasteurs com

570 596 456 62 me dit le sauucur uiẽnẽt

577 644 448 60 soubz la couuerture ⁊ ue-

412 686 613 65 stementz de brebis/ et de-

412 732 614 69 dans sont loups rauissãtz: lesquelz

414 781 614 63 cõbien quilz semblẽt ⁊ disent seruir

410 824 615 63 a Dieu/ toutesfoys ne seruẽt que a

407 870 617 64 leur uẽtre/ ⁊ par parolles tres doul-

404 917 622 66 ces seduisent ⁊ pillent les simples.

404 968 622 60 Ceulxx icy ne preschent pas la pu

410 1010 615 57 re parolle de Dieu: mais leurs son

408 1055 614 63 ges ⁊ adinuẽtions/ meslãtz la pail

408 1100 612 65 le auec le froment/ la doctrine des

408 1148 608 63 hõmes. qͥ est appellee diabolique

410 1194 611 76 auec la doctrine de nostre Seigñr-

848 1242 170 59 controuuãtz tout plein de nouuel-

271 515 135 58 les inuẽ-

275 569 63 43 Matth.

269 777 126 40 Romaĩs

271 812 78 81 xui.

267 879 133 66 Ieremie

273 933 96 54 xxu.
