1085 1619
124 151 612 66 quest bon, ⁊ quon reiecte ce qui est

125 188 607 69 mauuais. Non point ainsi quil noꝰ

126 233 612 71 semble; mais comme la saincte escri

126 284 612 70 pture monstre quon doibt receuoir

128 339 210 52 ou reiecter.

179 366 560 73 Pourtant congnoissant que ie

125 420 613 72 suis debteur ⁊ tenu a tous de ce que

126 465 616 63 nostre Seigñr a mis en moy, pour

125 512 611 72 le bien, proffit, ⁊ salut dũg chascun

128 558 616 72 (ne uoulãt nuyre a personne; mais

130 605 613 66 desirant que tout le monde donne

130 651 616 72 honneur ⁊ gloire au seul Dieu) a

132 697 616 67 tous offre ⁊ presente ce que nostre

136 743 611 62 Seigneur ma donne, priant ung

136 789 614 67 chascun pour l amour diceluy qui

136 833 608 69 nous a tant ayme quil a donne son

136 881 610 71 seul filz treschier pour nous, qu en

137 924 617 70 toute diligẽce par une ardente affe

138 972 613 62 ction de congnoistre uerite, en la-

141 1019 606 69 quelle gist l honneur de Dieu, on

143 1064 607 69 examine tout ce quest contenu icy

147 1107 607 72 selon la loy de Dieu, selon le iuge-

145 1157 612 65 ment de l escripture. Priãt le pere

147 1202 614 95 tout plein de misericorde, qͥl uueille

500 1252 116 78 A iiii

653 1250 114 91 ⁊ soit
