1085 1619
183 134 341 57 ¶ Du bon pasteur.

215 179 276 58 Chap̃. .xxxiiii.

52 226 153 176 L

210 221 449 66 C bon, uray ⁊ fidele pa-

206 269 456 56 steur sus tous, est nostre

210 315 451 61 Seigneur Iesus, lequel a

203 358 452 65 mis sa uie poͬ ses brebis,

43 400 612 69 saissant sa refcction po᷑ nourrir les

45 449 620 66 affamez, uoire les drgoustez de la

44 493 615 68 parolle. Car sa uiande qͥl desire sus

43 542 618 66 tout, c est de faire la uolũte de dieu

43 585 620 66 son pere. En nourrissant les bre

41 636 617 62 bis, il ne parle point de soymesme-

44 685 614 59 ⁊ ne faict rien de soy, mais son pere

47 725 511 65 parle en luy, ⁊ oeuure en suy.

89 771 570 64 Sa doctrine, est la doctrine de sõ

40 817 611 59 pere, il ne cõtreuient point a la loy ᷤ

37 863 616 66 ne aux prophetes; mais les garde ⁊

37 907 622 68 les accomplist, ne permcttãt point

37 956 620 59 q̃ on contreuiẽne a l escripture; mais

39 999 619 68 faict q̃lle soit accõplie. Sclon laq̃lle

36 1052 622 58 il a enscigne ⁊ appris ses brcbis et

37 1090 621 62 disciples leur ouurãt l intelligẽce di

36 1141 621 63 celle. clon la pourtraicture ⁊ ma-

36 1184 615 74 niere de fairc qu on uoit en cestuy

665 213 128 93 desã.x.

662 362 105 67 seban

663 415 60 61 iiii.

662 783 131 80 Matro.

657 855 43 59 .v.

569 1242 76 54 bon
