1085 1619
388 134 621 61 bon pasteur, fault congnoistre les

388 179 621 61 autres. Car autant que l on suyura

395 223 611 69 Iesus, autãt sera l on bon pasteur;

390 276 616 62 autant que on tirera loing de luy-

390 315 620 72 tant plus sera lon prochain de Lan

394 368 166 63 techrist.

439 406 573 62 Et pourtant le bon pasteur ⁊ fi-

392 454 620 69 dele ministre, despẽsier, ⁊ seruiteur

394 501 618 65 des brebis pour lamor de Dieu ar-

391 546 614 69 dãment desirera la uie ⁊ salut des

394 599 620 63 paoures ames, oubliant soymesme

396 639 618 67 pour les nourrir de la parolle, cer-

398 685 616 67 chant ce qui est a Iesus ⁊ non pas

399 735 617 62 a soymesme, tirant en tout ⁊ ꝑ tout

396 775 618 66 les brebis a uiure selon la saincte ⁊

396 822 620 69 bõne uolũte de Dieu par saine do-

399 870 618 66 ctrine ⁊ exẽple de bonne uie. Il

398 916 620 67 ne controuuera rien de soy, ne aussi

402 970 616 54 proposera aucune chose cõtrouuee

403 1006 618 67 ꝑ autre, mesme quãd ce seroit ung

402 1053 620 65 ãge du ciel qͥ l auroit trouuee; mais

408 1098 618 70 seulemẽt proposera aux brebis ce qͥl

267 1144 757 68 Mu. croyt ꝑfaictemẽt ⁊ ce qui est ferme ⁊

271 1191 753 78 Gal. u approuue par la saincte escripture.

255 536 136 58 i. Corin.

256 605 98 39 L

265 1098 137 75 Psalme

807 1234 219 71 Ne souffrãt
