1085 1619
394 145 618 53 seigner ; affin q̃ de cocur entier tous

395 188 611 60 scruẽt a nostre Deigneur selon ses

394 233 446 61 sainctz commandemens.

445 279 568 58 Et en hõnorant le sainct estat de

395 326 615 53 mariage sera mary d une seulc fem

392 369 618 58 me, sobre ⁊ attẽpere, songneux ⁊ di

392 414 616 60 ligẽt apres les brebis, plem de bon-

394 461 615 63 nes meurs, logeant uoluntiers et

392 507 613 63 receuãt amiablemẽt en sa maison,

394 551 615 64 qͥ puisse enscigner ⁊ ĩstruire, n estãt

391 603 618 56 pas beuueur ne detracteur, ne adõ-

392 648 613 56 ne a deshonneste ⁊ uilain gaing;

394 693 608 62 mais de bõne cõscience ⁊ iuste, non

391 739 615 54 noyseux, ne batteur, sans auarice

392 789 614 54 scauãt bien gouucrner sa maison-

391 829 618 62 ayant enfãtz obeissãtz en toute hõ-

391 878 614 58 nestete, n estant pas nouice ⁊ inex-

392 921 616 58 pert; ainsi que la saincte escripture

392 968 614 58 nous propose. Selon laq̃lle fault q̃

395 1022 613 50 tous les sideles apprennent a con-

394 1061 616 57 gnoistre ce qui est de Dieu, ⁊ ce qui

395 1114 614 51 luy est cõtraire. Car tout est ordõne

394 1153 615 55 autrement de Dieu, qu il n est alle

395 1196 611 74 iusque a present. Car les pasteurs

252 377 136 65 T.Timo

255 433 130 90 cherii

257 478 116 45 Cile.i.

251 1207 140 63 i. Corin.

252 1262 111 53 es.iii.

881 1241 127 63 doiuẽt
