1085 1619
44 145 621 57 amener/ tant de miracles ⁊ signes/

47 188 618 64 ⁊ telles choses que les superstitieux

45 238 620 54 maintenãt adorẽt/ auant q̃ ie croye

44 280 619 62 quil soit q̃ ung seul Dieu/ ⁊ que ie

45 327 556 54 serue ⁊ inuocque autre que luy.

45 371 618 63 Mais uoulez uous plus grosse for

45 422 618 51 senerie et rage? la ou liberalement

45 465 617 58 on souffre farces pleines de toutes

44 508 615 55 mocq̃ries/ uilenies/ ⁊ paillardises/

47 555 616 56 chãsõs deshõnestes ⁊ folles/ liures

45 603 617 58 pleins de toute uanite/ ordure/ mẽ-

44 648 619 54 teries ⁊ blasphemes/ uillaines et

44 696 622 52 puantes ⁊ desordõnees parolles/ a

43 740 620 53 la corruption ⁊ perdition de tous

45 787 618 53 estatz/ en quoy lire de Dieu est inci

43 833 619 56 tee ⁊ ꝓuocquee sur tous. La nest

44 878 615 59 permis lyre le sainct euangile aux

43 925 622 54 simples gens/ a qui il est donne. La

40 971 623 53 le nouueau testamẽt/ contenant la

41 1015 620 56 mort ⁊ passion de Iesus/ la doctri-

40 1063 622 58 ne q̃ chascun Chrestien doit tenir et

41 1109 350 59 croire/ est deffendu.

89 1153 573 55 Hee Dieu/ q̃lle horreur? O so-

40 1203 621 58 leil peulx tu iecter tes rays sur tel

396 1257 272 61 H .ii. pays?
