1085 1619
400 151 624 54 scandale/ ⁊ son odeur uoꝰ est odeur

402 196 618 54 de mort) en uoulez uoꝰ priuer les

402 242 616 56 esleuz/ ⁊ ceulx a qͥ Iesus est uraye-

402 288 616 56 mẽt Iesus ⁊ sauueur? leq̃l par son

398 333 618 58 sainct euãgile destruict uostre chef

398 380 619 59 Lãtechrist. Faictes uous ce deshõ-

394 427 624 57 neur a Dieu q̃ sõ oeuure soit cachee

394 474 620 54 a ses enfans cõme nuysible ⁊ mor-

392 519 624 55 telle: Dictes uous q̃ le bienest mal

392 566 621 54 en le condẽnant/ ⁊ la lumiere tene-

390 612 623 53 bres? Dont uous uient ceste auda

391 657 619 58 ce ⁊ mauuais courage/ sinon de uo

390 702 622 57 stre pere ⁊ maistre le diable? Lequel

391 751 618 54 (cõme il a faict des le cõmẽcemẽt)

387 794 622 62 sefforce dẽpescher que la parolle de

387 847 621 48 Dieu ne regne ⁊ ayt son cours. Et

384 889 621 55 nõ sans cause: car cest le seul neces-

387 934 619 60 saire poͬ paruenir au royaume eter

387 979 619 51 nel/ dont il est tõbe par sõ orgueil.

385 1029 621 55 Cest aussi la lumiere enuoyee du pe

387 1072 622 51 re Eternel/ poͬ illuminer les coeͬs

377 1114 629 61 des paoures pecheurs seantz es te-

387 1162 618 61 nebres de mort/ ⁊ pour leur faire cõ

390 1207 611 104 gnoistre ⁊ entedre les grãdz abuz/

844 1261 155 61 ou il les

245 804 134 62 Genese

245 851 76 47 iii.

245 893 127 56 Luc.xi.

249 1114 109 70 Luc.i.
