1085 1619
79 147 620 60 ung des plus grandz des apostres

76 195 623 57 de Dieu/ ou ung ange du ciel qui

72 240 625 54 nous enseigneroit autre chose q̃ la

75 286 622 56 pure parolle de Dieu/ nous nen de-

72 331 625 54 uons rien tenir ne croire. Car autre

76 379 620 55 pasture ne deuõs prendre q̃ la pure

78 424 618 61 parolle de Dieu/ de laquelle lescri-

76 474 620 52 pture tesmoingne clairemẽt/ en sor

75 518 621 55 te q̃ tout ce qͥ nest apertement prou-

75 565 625 58 ue par lescripture/ on ne le doit poĩt

72 608 620 59 receuoir. Car Dieu ne faict riẽ nou

74 655 618 61 ueau sur la terre/ quil ne le ayt pre-

75 702 622 58 dict par ses seruiteurs les ꝓphetes.

128 748 569 54 Quand dõc la parolle est portee

75 796 624 55 puremẽt selon la saincte escripture

74 841 623 58 il fault obeyr a icelle: car on obeyt a

79 887 613 61 Dieu/ ⁊ receoit on nostre Seigͬ en

76 934 620 53 la receuant. Et doit on nourrir

74 979 619 59 celuy qui nous porte la doctrine de

80 1028 612 51 uie. Car Dieu a ordõne q̃ celuy qui

78 1071 619 54 euangelize ⁊ presche leuãgile/ quil

79 1117 611 60 uiue de leuãgile. Pourtant ceulx qͥ

78 1162 610 58 sõt enseignez ⁊ repeuz de la parolle

76 1208 617 65 de Dieu/ ilz doiuent cõmuniquer a

588 1258 96 68 celuy

705 605 97 53 Amos

697 648 54 61 iii.

699 957 134 73 i.Corin-

701 1014 101 50 tes.ix.

699 1099 114 68 Gala-

700 1156 108 55 tes.ui.
