1085 1619
412 134 582 58 Ceulx qͥ sont en superiorite ⁊ ont

371 184 620 58 le glaie, regardẽt bien ⁊ aduisent

371 223 616 61 cõmẽt ilz usent diceluy ⁊ de la puis-

369 269 624 68 sance, sachant q̃ la sus est celuy qui

371 315 618 62 est puissant sur tous, qui les a com

368 361 621 61 mis pour traicter ⁊ cõduire les sub-

368 407 617 66 iectz, cõe ung bon pere est sõgneux

367 453 626 70 de ses enfãs, rẽdantz a ung chascũ

368 503 617 62 ce qu il luy appartient, sans auoir

367 553 622 52 aucun regard ne du paoure, ne du

367 594 620 60 riche, ne du petit ne du grand, de

365 640 625 57 nul estat ne condition, exempte ou

368 688 621 62 non exẽpte cõme cõtre Dieu et la

369 735 610 56 saincte puissance a este cõtrouuee

369 775 616 68 soy gardantz bien de uendre iustice

361 827 620 60 nc de prẽdre dõs. Car d autãt qͥlz

369 872 610 60 sont plus grandz ⁊ appellez dieux-

367 921 618 61 ayantz tel honneur destre appellez

365 968 620 51 aussi filz du tres hault, d autãt le iu-

363 1009 618 64 gemẽt sera plus aigre sur eulx silz

364 1052 617 62 ne respondẽt a leur ofsice, ⁊ ne gar-

364 1102 617 56 dent sainctemẽt la saincte puissãce

373 1146 459 62 que Dieu leur a commise.

414 1189 565 79 Les subiectz aussi se donnẽt bien

228 412 137 61 Epo. V.

228 825 120 49 Edode

228 870 86 47 Oxii.

224 906 132 72 P salme

226 949 73 52 uiii.

225 1029 112 53 eban

222 1071 109 56 d uni.

221 1103 146 88 Sap. y.

860 1247 121 73 garde
