1085 1619
47 129 615 77 garde de se esleuer ⁊ rebcller contre

45 188 618 57 leurs seigneᷤs ne de resister a eulx.

45 234 621 60 Car qui resiste a la puissãce du glai

45 277 616 61 ue, il resiste a lordõnance de Dieu.

47 327 615 57 La foy ⁊ renouuellement de uie ne

45 371 617 60 oste point ceste subiection; ⁊ encore

43 418 619 59 moins le baptesme. Et pourtãt ne

43 461 622 65 fault dire q̃ celuy qui est baptize s il

43 512 620 57 estoit scrf et en seruitude corporelle

41 559 618 50 parauant q̃ par le baptesme il doi-

40 601 621 60 ue estre frãc, cõme le Pape a escrit.

43 646 608 63 Mais par la cõfession ⁊ ꝓtestation

37 693 614 57 qu il faict au baptesme, promettãt

39 737 619 57 de garder la loy de nostre Seig il

39 782 619 65 est tenu de scruir a son Seigñr cõ-

37 829 617 62 me parauãt. Uoire en toute fideli-

37 881 621 56 te, ⁊ non seulemẽt a l oeil; cõbiẽ que

39 921 615 69 son seigneur soit infidele. Affin que

35 968 619 65 le nom ⁊ la doctrine de dicu ne soit

37 1018 621 62 point blasphemce cõme iniq̃, ostant

35 1061 622 64 au seigneur ce qͥ luy appartient. Et

36 1106 622 66 quand le Seigñr est fidele, de meil

35 1152 622 64 leur coeur luy doit scruir le seif side

35 1199 622 74 le, comme a celuy qui est heritier du

670 143 137 56 Romaĩs

668 190 76 51 xiii.

663 658 121 73 Coloss.

661 712 51 51 iii.

655 912 143 71 Timo-

659 976 122 61 chee. ui.

480 1265 170 58 royaume
