1085 1619
232 311 141 60 Romaĩs

238 357 68 72 oiu.

373 134 621 65 quelque estat ou cõdition q̃lle soil.

373 183 617 65 Riẽ n y sert priuilege, prerogatiue,

375 225 622 70 dignite au autre exẽption; puis que

372 273 625 66 la parolle de Dieu dit; Toute ꝑsõ-

375 318 623 69 ne soit subiecte aux puissances sou

375 365 623 62 ucraines, lesquelles ne portent pas

375 415 622 66 le glaiue sans cause, elles sont mi-

377 464 305 64 nistres de Dieu.

524 511 301 51 ¶ Du mariage.

531 553 297 60 Chap̃. xxxuiii.

390 621 160 176 C

539 593 462 66 Est la nature de laduer

542 640 459 69 saire de nostre Scigneur-

541 685 463 63 q̃ tout ce que Dieu a hon-

545 733 457 60 nore ⁊ magnifie, de le mes

387 781 617 66 priser abbaisser, ⁊ deshõnorer ⁊ fai

385 832 624 63 re contẽꝑtible. Cõme au cõmence

387 872 622 71 ment nons lisons du uray sainct ⁊

390 917 619 71 pur cõmãdemẽt qu on deuoit tenir

388 960 622 76 ⁊ craindre, q̃ toutesfoys qu on man

391 1010 622 66 geroit du frutet de larbre de science

394 1056 620 65 de biẽ ⁊ de mal on mourroit. Mais

394 1103 622 72 le serpẽt le print en mocq̃tie, disant

396 1146 622 69 quon ne mourroit pas; ains grand

398 1192 615 95 uuien en aduiẽdroit en mãgeãt, cest

248 968 131 58 Genese

252 1056 52 17 .

913 1247 95 76 quon
