1085 1619
78 134 595 65 quon seroit faict sẽblable a Dieu.

76 182 624 64 Ainsi uoyõs noꝰ es choses q̃ Dieu

76 233 624 57 a uoulu estre hõnore. En la saincte

76 279 624 59 puissance du glaiue, laq̃lle par prcb

76 321 625 64 strise a este mise si bas q̃lle n a peu

78 368 616 61 faire son ofsice; estant en subiection

78 418 621 58 de ceulx qͥ deuoiẽt estre subiectz au

78 460 621 60 glaiue, pour ung peu de rasure ou

78 504 621 65 dhuyle, tenant soubz les piedz ceste

78 553 581 56 saincte ⁊ tresnecessaire puissance.

76 600 625 61 Pareillemẽt le sainct ⁊ digne estai

78 644 623 61 de mariage; lequel dignemẽt a este

78 690 619 54 institue sus tous par nostre Scig̾

78 736 627 61 auant le peche de l homme, hõnore

78 783 623 62 par la presẽce de nostre sauueur ou

75 829 626 62 il cõmenca a monstrer la puissance

74 872 623 68 de Dieu son pere, muant leaue cn

78 925 622 59 uin, uoulant q̃ le sainct mariage

76 967 620 66 feust mystere signe ⁊ represẽtation

76 1015 627 58 de nostre salut, de nostre bien, de no

78 1059 618 64 stre triũphe. C est que ainsi q̃ le ma-

75 1109 619 63 rs ⁊ la femme ne sont q̃ ung corps,

83 1152 621 58 une chair; aĩsi les chrestiẽs sõt une

82 1196 621 78 chose auec Iesus. Leq̃l est l espoux

705 600 139 74 Gene. ii.

701 867 137 80 Geba. ii.

704 1068 136 69 Matis.

704 1123 73 57 oix.

489 1246 81 77 I i

615 1252 89 83 de sa
