1085 1619
75 172 619 76 par paillardise. Ce sainct estat/ pur

74 229 622 61 ⁊ nect est ordonne/ uoire de Dieu

71 268 623 69 mesme. Et aussi poͬ exercer uraye

71 317 614 66 ⁊ parfaicte charite/ laq̃lle est la con

71 366 611 63 summation de la loy. Dieu a faict

68 411 616 66 la femme pour ayde a lhõe au saĩct

68 454 620 70 mariage. Quãd il est garde pu-

68 500 621 73 remẽt/ deux ne sont que ung coeur

68 550 618 61 en uraye charite ⁊ amour. Que on

67 599 623 63 regarde aussi q̃lle charite il ya des

68 643 621 65 pere ⁊ mere enuers les enfans qui

70 689 619 63 uiennẽt du loyal mariage la ou le

67 735 621 62 pere urayemẽt scait que ce sont ses

64 786 630 61 enfãs/ ⁊ la mere na eu le coeur a au

64 828 620 61 tre/ ne sest abandonnee a personne:

64 874 614 66 mais a este tousiours loyalle a son

64 921 621 65 mary. Quelz offices ⁊ oeuures de

66 966 616 68 uraye charite ya il en ce saĩct estat/

66 1013 619 64 si on proffite en bien/ q̃lle ioye a cau

66 1064 618 61 se du bien ⁊ incitation a faire tous-

62 1104 622 65 iours mieulx? sil aduient inconue-

63 1149 621 67 niẽt/ quelle cõpassion et tristesse sur

63 1195 621 69 le mal? Tellement q̃ au sainct estat

66 1242 620 72 de mariage sõt practiquees les oeu

431 1303 263 59 I .iii. ures

692 298 136 68 Romaĩs

692 358 74 49 xiii.

696 395 131 51 Geñ.ii.
