1085 1619
375 161 622 72 ures de uraye charite a loeil. Et

376 213 621 66 nya maniere de uiure ou charite

375 256 623 66 ayt tant de lieu en tout tẽps ⁊ toute

375 303 622 68 heure. Car celuy qͥ est charite/ la ĩsti-

376 349 617 69 tue/ hõnore/ ⁊ cõmande. Et celuy qͥ

376 396 617 64 est diable/ toute hayne/ la gaste/ des

379 443 575 68 hõnore ⁊ deffendu tant qͥl a peu.

427 488 572 71 Dieu ueult q̃ celuy qui ne peult

377 532 618 71 estre cõtinẽt sans cõuoiter femme/

377 580 622 70 quil se marie. Et que lhõme poͬ eui

377 630 622 63 ter fornicatiõ/ ayt sa femme: ⁊ q̃ la

377 674 620 68 femme/ ayt son propre mary: cõuer

379 720 618 67 santz ensemble en toute sainctete/

379 766 618 69 pour fuyr tentation de incontinẽce.

425 813 574 66 Et na dõne Dieu aucune exce-

380 858 624 74 ption de tẽps/ de persõnes/ sinon de

379 903 622 71 peu de degrez de parente (la ou nul

377 951 622 70 nest si rude quil nentende q̃ en telz

379 999 612 61 degrez mariage ne se doit faire)

381 1042 618 69 uoulant autremẽt que le mariage

381 1091 620 67 faict du cõsentemẽt des parties/ du

383 1135 616 69 pere ⁊ de la mere de ceulx qͥ se ma-

380 1181 621 64 riẽt (silz sõt encore soubz la charge

383 1229 618 82 ⁊ correctiõ diceulx) uiẽne en effect

902 1283 95 62 sans

236 562 141 65 i.Corin.

238 612 66 50 uii.

236 882 140 61 Leuiticq̃

238 932 100 59 xuiii.
