1085 1619
237 265 120 72 Eoode

237 321 100 59 xiiii.

376 118 619 65 qui ont cu fian ce en leur force, uer-

375 165 622 64 tu, sagesse, parens, amys, ou en q̃l-

376 210 621 67 que creature qui soit. Cõmẽt telz

377 254 621 72 se sont trouucz confonduz cõc Pha

372 308 627 58 rao ⁊ tous ceulx qui ont adore les

377 348 627 66 idoles. Aussi les enfans de Israel

376 395 625 67 ayantz fiance en leur tẽple, sacrisi-

376 442 628 63 ces ⁊ obseruation de la loy. D au

379 492 623 65 tre part leur donnãt a entendre cõ-

379 535 618 61 ment il a garde les siens qͥ nõt rien

380 581 624 70 presume de culx, ⁊ ne se sõt arrestez

380 636 625 57 en aucune creature mais suyuant⁊

381 673 627 64 la saincte uolẽte de Dieu, se sõt du

383 720 629 61 tout fiez en luy. Cõme Noe, Abra-

384 767 622 68 ham, Dauid, Eechias. A quoy

383 813 625 66 la cõgnoissãce des sainctes hystoi-

384 859 626 62 res sert fort, tant du uicil testamẽt

385 912 625 59 cõme du nouueau. Car poͬ bien in-

387 949 622 69 struire ⁊ enseigner la saincte escritu

387 1003 291 57 re est fort utile.

435 1042 578 67 Et pourtãt le pere ⁊ la mere doi-

390 1090 623 59 uent tacher que lcurs enfans, tant

392 1135 624 68 filz que filles ayẽt cõgnoissance de

395 1184 617 77 lescnpture, ⁊ de ce qui est cõtenu ex

238 416 131 62 seremie

241 465 65 65 Sii.

245 955 143 64 i. Timo

244 1007 137 53 ibee.iii.

897 1230 119 61 icelle.
