1085 1619
157 145 432 61 ¶ De la preparation a

157 192 419 61 la mort. Chap̃.xl.

76 265 137 162 L

221 240 457 56 A preparation a la mort ⁊

225 283 453 62 a bien mourir/ est la uie

219 327 458 60 en uraye/ entiere/ ⁊ parfai

221 373 453 68 cte foy: non point feinte/

60 423 614 54 laquelle oeuure par charite. Il

60 465 618 59 nest ia besoing den parler beaucop

60 514 622 60 au fidele: car ce seroit cõme qͥ uoul-

60 563 620 58 droit dõner tout plein dinstruction

62 605 618 66 ⁊ auertissemẽt a celuy qͥ a trauaille

60 654 625 61 tout le iour a tresgrãd peine/ cõmẽt

60 697 624 63 il se doit preparer au repos ⁊ a repo

63 743 619 63 ser/ luy dõnant peine de ce qͥl desire.

62 791 620 60 Car qui est celuy qui apres le grãd

60 840 621 58 trauail ⁊ peine ne repose uolũtiers?

107 885 575 55 Et de la uient que le coeur chre-

63 926 621 65 stien asseure de la bõne uolunte de

62 972 618 65 Dieu nostre pere par le sainct espe

60 1028 606 55 rit/ qͥ rẽd tesmoingnage aux esleuz

678 1009 142 54 Romaĩs

63 1065 614 65 (ausquelz il est dõne pour arre par

684 1055 70 54 uiii.

64 1113 614 66 foy) quilz sõt filz de Dieu/ ayantz

62 1158 616 65 aussi ferme foy q̃ nostre Seigneur

62 1206 618 93 a tout paye ⁊ satisfaict ce q̃ le fid̃ele

364 1256 312 64 K .ii. deuoit
