1085 1619
388 161 614 62 Et en croyant fermemẽt q̃ cecy luy

390 205 615 66 est octroye du pere, ne mect sõ coeur

388 252 617 63 en autre que en Dieu seul, ne demã

390 298 615 66 de autre por son ayde q̃ Dieu tres-

390 345 533 67 bon ⁊ tres misericordieux pere.

439 393 569 58 Et touchãt ceulx q̃ nostre Sei-

391 438 613 65 gneur luy a donne en charge, il en

390 483 615 64 laissera la cure ⁊ soing a Dieu, sãs

394 528 612 65 sen dõner trop grãd angoisse en sõ

392 580 614 60 coeur. Car Dieu est assez bõ, puis-

391 626 617 63 sant et sage pour en bien faire de

390 669 619 63 tout. Toutesfoys ainsi qu il doit

390 715 620 58 auoir faict toute sa uie, en la fin il

390 762 618 62 les doit inciter ⁊ admõnester de ꝑse

392 808 613 58 uerer en la saincte foy ⁊ doctrine de

387 856 619 60 Dieu, suyuãtz sa saincte parolle sõ

390 902 618 58 sainct euãgile, gardãtz ses cõman

390 945 616 60 demẽtz, soy gardantz de uenir con-

387 992 622 56 tre la uolunte de nostre Seig. Et

390 1038 616 58 ainsi qͥl uerra estre exxedient pour

390 1083 615 59 leur salut. Et pour dispenser ce q̃

394 1130 618 58 Dieu luy a mis entre les mains, il

390 1176 619 59 en distribuera aux siens, les incitãt

391 1226 617 96 a paix ⁊ toute amytie, ⁊ charite en-

253 814 112 52 Iehan

253 856 112 54 oiii. et

253 897 65 51 U.

866 1268 139 66 semble.
