1085 1619
102 156 619 62 Dõnez a luy seul la gloire, ne uoꝰ

102 199 619 61 arrestez point aux choses uisibles ⁊

106 249 615 64 presẽtes; mais aux inuisibles ⁊ qui

106 296 370 54 nous sont promises.

198 338 441 62 ¶Du iour du iugement.

298 388 204 59 Chap̃. .xlii.

269 431 451 58 A pleine rcuelation de la

271 478 449 60 gloire des esseuz, de leur

271 524 450 60 bien, salut ⁊ uie; ⁊ la con

282 576 433 54 ommatiõ de tout, apres

106 616 614 63 quoy toute creature souspire, scra

106 663 617 56 en laduenemẽt triumphãt ⁊ tresui-

106 712 622 59 ctorieux de nostre sauueur ⁊ redem

110 756 614 61 pteur, quand tous ses ennemys se-

103 800 623 59 ront mis soubz ses piedz, et q̃ tout

105 849 619 60 luy sera faict subiect, lors les esseuz

107 893 614 56 uiendrõt au deuãt de nostre Seigᷤ

105 940 614 59 en lair, ⁊ la sera ueue la tres grande

109 990 618 61 gloire ⁊ puissance de nostre Sci-

110 1037 254 54 gneur Icsus.

138 1075 592 59 Quelle ãgoisse ⁊ destresse a ceulx

107 1125 623 58 qui lõt persecute, le hayssãt a mort-

107 1172 620 62 ne le pouuant porter enragez d en-

107 1216 617 65 uie, ⁊ de maluucillance, le mettant

723 584 136 60 Romqĩs

727 634 71 62 uiii.

726 887 134 83 Tbess.

724 952 61 61 iiii.

591 1266 132 68 a mort
