1085 1619
367 136 622 55 preueu ⁊esleu les siens. Pourtãt

365 183 622 57 il ne dit pas; Uenez circonciz ⁊ ba-

368 226 617 60 ptisez, ou nombrez auec mes apo-

368 279 615 51 stres ⁊ disciples, ou nommez Iuifz

368 319 615 53 ou Chrestiens, qui auez este telz ou

365 364 618 54 telz. Mais a toute lãgue ⁊ nation-

365 408 622 58 il dit. Uencz, uous a qui mon pere

365 456 622 56 a donne sa benediction, ⁊ prepare le

365 501 622 60 royaume des le cõmencemẽt du mõ

367 547 619 54 de. Car rien ne peult empescher lele

368 594 618 61 ctiõ de Dieu, ⁊ son propos immua

365 643 622 57 ble, soit que celuy qu il a ordonne a

368 689 618 59 uie soit n ay ⁊ nourry au millieu de

368 733 618 57 Turquie, auquel meure dedans le

368 781 618 55 uentre de sa mere. Puis qu il est or-

367 824 620 54 dõne a uie, il est ayme de Dieu de-

365 871 618 55 dans le uentre de sa mere auec Ia-

364 917 618 63 cob. Le propos de Dieu est ferme;

363 967 618 55 Car lelection ⁊ grace de Dieu ⁊ son

365 1010 621 61 esperit duquel il sanctifie les siens

367 1057 619 61 en Iesus n est lie a aucun tẽps, au

368 1104 617 52 cun lieu, aucunes personnes, aucu-

369 1148 616 56 nes manicres de faire; mais frãche

371 1198 616 75 mẽt sans aucunz regard, ne des pa-

228 889 130 110 ramais

224 959 41 71 ix

890 1249 95 66 rens
