1085 1619
365 144 616 55 sion/ ⁊ espouuantemẽt/ dõnant fer

361 190 616 58 reur/ crainte/ ⁊ admiratiõ aux gẽs

363 234 615 64 sans foy. Il est necessaire de redui-

357 281 621 60 re a memoire aucuns passages de

358 329 619 59 la saincte escripture contre linuen-

358 379 227 55 tion dicelle.

403 415 571 65 Premieremẽt/ il est escrit en S.

357 468 617 58 Matthieu/ ⁊ en S. Marc: Qui croy

356 512 618 61 ra ⁊ sera baptize/ il sera sauue: mais

358 559 608 58 qui ne croyra point/ il sera cõdẽne.

358 605 617 60 Par ces parolles il appert par q̃lle

360 654 614 55 uoye la dãnation nous est donnee:

352 696 625 56 cestascauoir par ĩcredulite. Et par

354 744 621 60 q̃lle uoye salut noꝰ est octroye: asca

354 790 618 57 uoir par foy. Or est il certain q̃ noꝰ

350 833 622 61 mourrons fideles ou infideles. Si

349 885 625 56 nous mourõs en la foy/ noꝰ sõmes

353 933 619 55 sauuez: car il est dict/ qͥ croira il sera

353 976 617 56 sauue. Si nous mourõs infideles/

352 1019 616 56 nous sõmes dãnez/ iouxte ce qͥ est

352 1067 616 52 dict/ qui ne croyra/ il sera cõdemne.

399 1113 572 59 Secondemẽt il est dict par sainct

356 1157 612 62 Iehan: Dieu a tant ayme le mõde

353 1206 614 71 qͥl a dõne son seul filz: affin q̃ tout

847 1252 116 71 hõme

221 406 140 71 Matth.

218 464 123 54 xxuiii.

219 504 111 50 Marc

225 547 73 54 xui.

207 1158 137 100 Iehã.iii.
