1085 1619
117 147 615 60 de Christ, ne fut iamais en purgaz

114 192 618 56 toire pour faire penitẽce de ses pe-

117 237 611 61 chez. Car il luy dist; Lu seras auior

117 277 614 68 d huy en paradis auec moy. Ou est

117 330 611 58 donc sa purgation ⁊ n est ce pas par

113 373 617 68 le sang de Christ, par le l auemẽt de

114 419 614 65 regeneration qu il a espãdu sur noꝰ

117 470 615 64 abondãment; ⁊ par la foy qui pu-

118 519 292 61 rifie les cocurs:

168 554 571 67 Oultre ie leur demãde; si le pur-

117 604 619 67 gatoire estoit deuant ou apres lin-

117 651 622 68 carnation. De dire qͥl ayt este seulc

117 696 622 64 mẽt ap̃s l incarnatiõ, ce scroit trop

118 740 624 65 malheureusement parle, ⁊ ne seroit

118 790 618 69 point Iesu christ uray redempteur;

120 833 589 62 mais ung tirãt, ⁊ cruel exacteur.

122 883 617 65 Si on respõd qͥl estoit des le cõmẽ-

120 928 622 63 cemẽt du mõde; ꝑ q̃l texte du uicil

118 971 628 67 testamẽt le prouucrõt ilz; Ou sont

120 1018 624 73 escriptz en Moyse, ou aux prophe-

122 1068 622 61 tes, les remedes por subuenir ⁊ ay-

124 1111 602 65 der a ceulx qͥ estoiẽt en ceste peinc-

124 1156 622 73 Moyse au Leuiticq̃ a descript, tant

132 1203 606 94 de sacrifices bruslez, oblatiõs, l aue

738 350 137 72 ct. xL.

746 1169 140 81 L enltic̃

743 1237 73 66 ooi.

631 1254 112 66 mens
