1085 1619
125 121 576 75 Mais quelque petit sophistereau

80 183 619 55 me diroit: Distinguo/ quãtum ad pe-

82 226 614 60 nam/ sic nego. Uel quantũ ad culpã cõ-

78 272 623 57 cedo: Cestadire/ Dieu pardonne la

79 317 617 59 coulpe: mais non point la peine. O

79 362 617 58 paoure sophiste/ ou as tu trouue q̃

82 408 618 61 Dieu pardonne lung sans lautre.

82 456 623 60 Les oeuures du Seigñr sõt parfai

79 504 617 54 ctes/ il nous pardõne tout/ ou rien/

85 545 618 64 sans dimidier la grace. Ce q̃ assez

80 590 619 68 nous tesmoingne Ezechiel/ disant:

83 639 613 63 En quelcõque heure q̃ le pecheur ge

82 690 618 53 mira/ ie nauray point souuenãce de

82 732 615 58 tous ses pcchez/ S. Iehã dict aussi:

87 778 618 62 Si nous luy cõfessons noz pechez/

85 821 623 69 il est fidele ⁊ iuste pour nous pardõ

86 871 623 63 ner/ ⁊ nous nettoyer de toute iniqͥ-

86 914 617 62 te. Et si nous cheminõs en lumiere

87 964 616 57 nous auõs cõpaignie auec luy/ ⁊ le

91 1007 617 66 sãg de son filz Iesuchrist noꝰ net-

90 1053 613 60 toye de tout peche: car il sied a la

93 1100 623 64 dextre de Dieu faisãt la purgatiõ

91 1146 614 60 des pechez. Leq̃l aussi par une seu-

90 1195 615 78 le oblation a rendu parfaictz eter-

522 1246 191 61 nellement

704 597 136 55 Ezechie.

705 648 127 46 xuiii. et

707 689 98 48 xxiii.

708 731 136 62 i.Ieh.ii.

708 912 139 74 Ebri.ix.

711 972 143 53 i.Pier.i.

715 1021 135 47 Apocali

717 1059 81 58 pse.i.

717 1138 119 57 Ebri.i.

717 1191 122 58 Ebri.x.
