1085 1619
205 133 126 73 Psal.l.

344 134 612 75 ceu/ en tout ⁊ par tout cerche soy

344 192 614 60 mesme/ nestimãt q̃ soy ⁊ son prouf-

342 241 616 61 fit/ uoulant tousiours magnifier

344 286 611 60 ses oeuures/ puissances ⁊ uertus/

342 335 614 58 plein dingratitude ⁊ desobeissance:

342 377 614 60 plus est aspre ⁊ songneux de gar-

337 422 619 61 der ses inuentions/ loix ⁊ ordonnã

340 469 618 63 ces/ que celles de Dieu. Il ne

340 518 616 60 porter destre humilie/ deshonnore ⁊

340 565 615 51 mesprise: ains se ueult esleuer sus

340 608 615 59 Dieu/ sus sa saincte parolle/ loy/ ⁊

340 661 622 52 cõmandement. Et dautãt est

340 702 615 58 il plein de toute iniqͥte/ quil a plus

340 750 616 56 dapparẽce de iustice ⁊ sainctete. Et

336 793 619 62 pourtant est il mauldict/ malheu-

336 840 618 55 reux ⁊ menteur: cõme racine pour-

336 886 615 54 rie ⁊ mauuais arbre ne peult porter

337 933 615 53 q̃ mauuais fruictz: car tout est cor-

336 983 618 54 rompu en luy. Pourtant que mort

338 1024 614 58 par linobediẽce du premier homme

337 1071 618 54 ne peult fructifier que a la mort et

337 1121 615 52 dãnation/ ayant toutes cogitatiõs

336 1164 619 55 mauuaises/ pour ce q̃ toute la ꝓdu-

338 1208 617 72 ction des pẽsees de son coeur est tãt

211 427 120 56 Genese

198 470 63 60 iii.

198 879 133 58 Matth.

197 919 65 59 uii.

762 1257 190 62 seulement
