1085 1619
89 147 616 68 rez qui faict collectes, questes, ⁊ re-

90 198 615 63 cõmandatiõs, par tout ou il peult

93 242 622 61 poͬ les paoures frcres fugitisz, de-

91 288 625 68 solez, souffreteux ⁊ĩdigẽs, tellemẽt

93 335 622 65 qͥl se dit auoir pille les autres egli-

93 383 622 66 ses poͬ ẽuoyer aux paoures de Ie

91 429 626 63 rusalẽ; mais il ne fait nulles q̃stes

93 472 623 62 poͬ les trespassez. Ainsi q̃ ces larrõs

93 520 626 68 fõt iournellemẽt en leͬs tẽples dõt

93 569 622 62 sont enrichiz plus q̃ Cresus, nour-

91 611 624 71 rissantz grosses paillardes faisãtz

93 665 618 63 grãd chere auec leͬs macquereaux-

93 706 577 64 les paoures meurent de faim.

90 748 627 68 Malheur sur uous scribes, phari-

93 801 618 62 siẽs hypocrites, larrõs, meurtriers

91 844 628 66 qͥ laissez le cõmandement de Dieu

91 891 622 68 Cqͥ est subuenir aux paoures  pour

93 937 622 65 uoz traditiõs, ⁊ poͬ uostre grand

91 983 625 66 gouffre de purgatoire. Auq̃l sõt en-

93 1030 626 65 gloutiz les biens du monde. C est le

91 1077 622 65 sac perce, dõt parle le prophete, qui

91 1125 622 62 ne sera iamais plein. Et certes il est

91 1172 626 61 biẽ nõme pur gatoire. car par ce feu

93 1219 622 74 tout est racls, tout est purge, gre-

712 134 142 62 ii. Corln

713 191 108 58 tes.ix.

720 756 132 68 Matib.

717 813 65 53 B.

720 1065 130 81 Aigee i.

418 1262 289 64 Mui
