1085 1619
238 234 131 54 Prouer.

237 291 92 59 OOx.

375 134 622 58 niers, caues, boͬses, coffres, chãps

376 178 619 59 ⁊ uilles. Il est aussi a accõparer a

380 223 613 68 la sãgsue dõt parle Salomõ disãt;

377 268 618 67 qu elle a deux filles nõmces Appor

375 317 622 59 te, Apporte; ainsi disẽt ces malheu-

377 360 620 63 reux prebstres, apportez a la boyte

377 408 620 60 des trespassez. Noubliez point les

377 454 621 66 paoures trespassez, qͥ crient a uoua

377 500 621 67 Miseremini. O infame ⁊ traistre

377 547 622 66 faulsaire ose tu bien corrõpre la pa

377 592 621 65 rolle de Dieu po᷑ illuminer tes te-

377 639 632 61 nebres, esclarcir tes mẽsõges, ⁊ abu

379 684 622 67 ser le peuple;. Cest ce feu dont il est

379 732 620 59 escrit, qͥ ne dit i amais cest assez; Si

380 781 621 62 uous dõniez tous uoz biens a scs

377 829 621 57 sarrõs, ilz ne dirõt iamais c est assez

376 876 623 61 car ilz sõt l enfer insatiable, et la ter

377 918 589 60 re seiche qui engloutist les eaues.

427 961 575 67 Or reste maintenãt a respondre

379 1011 623 57 aux fondemẽtz ⁊ raisõs sophistic-

383 1057 621 62 ques qu ilz ont mis sus pour main-

384 1102 621 63 tenir ⁊ prouuer le purgatoire, ainsi

388 1153 575 57 par eulx nouuellement inuente.

439 1192 569 100 Et premierement sur ce passage

233 832 139 80 Prouer.

237 887 94 64 Ox.

896 1247 112 61 de .
