1085 1619
352 134 623 60 par icelle Christ nẽtend autre chose

350 178 622 59 q̃ de retirer aucũs des noyses/ hay-

350 221 622 65 nes ⁊ proces/ ou ilz sõt par trop at-

352 269 618 64 tẽtifz. Et que silz ne sen ueullẽt re-

349 315 621 64 traire/ ilz sont en dãger de ꝑdre les-

350 364 620 65 dictz proces ⁊ estre mis en la prisõ:

350 411 620 59 de laq̃lle ne sortirõt iamais/ qͥlz ne

349 457 619 59 ayent entieremẽt satisfaict et paye.

350 503 617 64 Et cestuy est le uray ⁊ naif sens.

348 549 615 60 Ainsi q̃ mesme prouue S. Luc/ di-

348 593 623 68 sant: Quand tu uas en la uoye au

345 644 623 61 prince/ metz peine destre deliure de

344 690 623 62 luy ⁊c. Il parle nõmemẽt du prin-

344 736 623 65 ce/ deuant lequel ilz se retirẽt pour

341 783 626 57 auoir droict ⁊ plaidoyer: ⁊ non pas

341 832 622 63 (ainsi quilz disent) q̃ pour satisfa-

341 881 623 58 ction de noz pechez/ soyons mis au

341 925 622 57 feu de purgatoire. Et a telle intelli

342 970 614 60 gẽce sont cõformes S. Ambroise qͥ

342 1018 618 55 dit: Quãd tu iras au magistrat ⁊c.

341 1063 622 63 Chrysostome/ Theophilacte. Et

340 1107 624 60 mesme Hilaire en ses canons ou il

340 1154 622 58 dit quil fault entẽdre ce passage de

334 1202 622 71 la recõciliation. Il est dõc assez eui-

862 1249 96 61 dent

207 561 134 71 Luc.xii.
