1085 1619
357 129 617 67 ceulx qui doiuẽt a la iustice diuine-

358 179 624 61 quand ilz aurõt satisfaict poͬ leurs

361 225 622 61 pechez; cestadire quand ilz auront

361 276 620 54 soussert au feu de purgatoire, ilz

363 318 619 57 uuiderõt. Ces refõdeurs des ames

363 362 620 61 pẽsent par leur Ergo estre au des-

364 418 622 51 sus de leur intẽtion, ⁊ leͬ glose estre

365 458 622 61 biẽ suffisante pour confondre tous

364 504 622 55 ceulx qui a eulx uouldroiẽt cõtre-

364 549 625 62 dire. Mais ce passage est tãt cuidẽt

365 597 624 55 qͥ ne seur pourra en rien ꝓffiter. Et

364 643 623 62 q̃ ainsi soit, fault seulemẽt regarder

365 690 625 54 la raison pourquoy la simisitude a

365 736 624 60 este dicte ⁊ alleguee par Christ; car

367 783 622 56 en icelle est dit; Mauuais garson ie

363 828 627 62 tay remis toute ta debte aĩsi que tu

364 881 625 52 mas supplie. Ne deuois tu pas dõc

364 921 619 61 auoir cõpassion de ton cõpaignon

367 967 619 59 luy faire misericorde, cõme ie tay

367 1013 615 62 faict. Et pour ce est il bien notoire q̃

367 1061 623 54 i celle similitude ne nous exhorte a

368 1110 619 57 autre chose, fors q̃ a par donner les

372 1149 617 57 ungz aux autres; aĩsi q̃ nous uou-

369 1198 621 74 lons que le eigñr nous pardõne

881 1245 106 77 s̃ face
