1085 1619
118 370 156 176 I

117 156 611 73 seulemẽt a mal en tout temps: Car

113 219 615 54 il est chair/ ⁊ ce qui uiẽt de son coeur

116 263 588 60 est mal/ ⁊ toute affection de chair.

184 307 544 57 ¶ De Iesuchrist. Chap̃.iii.

265 354 461 56 Esuchrist/ uray filz de

279 402 452 55 Dieu/ le bras/ puissance/

265 446 466 55 parolle/ ⁊ sapiẽce du pere.

265 496 467 55 Auquel cõme hõme/ Dieu

112 541 618 58 a esleu son sainct tẽple/ son habita-

112 585 616 51 tion/ son tabernacle/ le sainct des

112 628 619 62 sainctz/ le propitiatoire ou sõt tous

109 678 618 61 les thresors de sapience ⁊ sagesse/ ⁊

112 724 619 53 ou toute la diuinite habite: non pas

113 769 619 52 cõme en lombre ⁊ figure/ mais cõ-

109 813 619 55 me au corps ⁊ uerite/ auquel est cõ

110 859 620 58 sommee et parfaictement accõplie

109 907 615 57 toute loeuure de Dieu. Car par luy

109 951 618 55 sont restaurees ⁊ parfaictes toutes

109 997 615 62 choses/ tant au ciel que en la terre:

110 1044 616 63 pourtãt que pleine uie/ pleine puis-

109 1090 621 60 sance/ uertu/ sagesse/ grace ⁊ iustice

109 1135 617 64 sont en luy. Lequel faict obeissãt

109 1181 614 62 au pere/ nay de mere/ uoire uierge

110 1227 610 70 sans semence dhõme/ faict subiect

566 1279 155 56 a la loy/

740 157 122 61 Genese

742 211 128 54 ui.⁊.uiii

739 349 134 61 lehan i.

736 399 133 58 Isa.liii.

735 814 120 69 Ephe.i.

735 1134 108 60 Gala-

731 1187 112 50 tes.iiii.

731 1225 127 79 Jehã.u.
