1085 1619
103 140 623 71 ⁊ face misericorde de nostre offẽse.

101 190 623 67 Parquoy il est tout cler qͥl n ya nul

102 236 622 64 le quelcõque apparẽce a la glose de

102 280 621 70 ces sophisticques. Et pour respon-

105 327 622 68 dre a ce mot donec, ou ilz se fondent

105 372 622 66 disãt, qu il ne sortira iamais de pur

106 418 622 74 gatoire iusque a ce qu il ayt du tout

109 465 621 71 satisfaict ⁊ paye. Ie les renuoye au

109 512 625 68 Psalme. cix. Et pareillemẽt au pre

109 558 625 63 mier chap̃. de S. Matthieu, ou leur

112 603 622 67 donec necessairement est prins pour

113 652 623 65 eternite, s ilz ne ueulẽt corrõpre tou

110 698 625 69 te uerite descripture. D auãtage ie

113 742 623 67 leur demãde, qui sera celuy qͥ pour-

116 786 619 74 ra satisfaire a Dieu po᷑ ses pechez;

110 832 629 70 certes nul, cõe biẽ appert par Christ

118 881 616 68 qui s est faict nostre iustice a cause q̃

120 930 619 67 par le nostre propre ne pouuions

118 983 245 59 auoir salut.

121 1018 623 66 dõc deliurez par grace, ⁊ non point

125 1064 622 74 par nostre satisfaction. Car si par

124 1110 616 69 i celle on eust peu monter es cieulx-

125 1160 622 66 on n auoit que faire de la uenue de

129 1204 619 101 Christ. Et si par le feu il estoit ne-

614 1250 136 78 cessaire
