1085 1619
352 126 623 70 cessaire de purger noz pechez; ⁊ aĩsi

352 172 620 70 que disẽt ces rotisseurs estre fricas-

350 221 621 69 sez au feu de purgatoire. Dequoy

348 268 623 66 nous pourroit seruir sa passiõ; poͬ-

350 314 621 66 quoy a il porte linfirmite humai-

345 357 626 72 ne. Mais peult il estre dicte chose

346 404 622 72 plus folle, ne au plus grand blas-

348 450 620 70 pheme de Christ; ueu q̃ luy mesme

346 504 622 65 a dit, que par luy seul auons acces

344 546 622 65 au pere. Ce n est donc pas par la ro-

344 589 622 72 tisserie de purgatoire, cõe disẽt ses

342 643 621 63 attrappe denicrs; lesq̃lz poͬ mieulx

341 684 626 63 carreler leur uentre, ont inuẽte tel-

340 728 626 70 les peines, qͥ toutesfoys l eͬ retour-

337 777 629 70 nent a grãde cõsolation, ainsi q̃ ma

336 820 627 73 nifestemẽt on peult ueoir; car con-

334 868 629 71 tre ceste bruslure, ilz ont soubdaine

334 914 620 70 mẽt trouue une ꝓpre medecine. En

336 960 622 70 quoy sõt faictz semblables au tria-

334 1007 622 70 cleur, qui pour mieulx uendre ses

333 1051 623 72 drogues, annonce q̃lque peste pro-

331 1100 625 69 chaine aduenir, si on n y remedie; et

330 1149 625 69 quand ⁊ quãd tire ses drogues con

327 1194 627 83 tre la maladie, iurant qu il en a plu

825 1253 121 66 sieurs
