1085 1619
70 141 624 57 ment en enfer; quia in inferno nulla

70 188 623 56 est redemptio. Et par consequent il

74 236 614 56 sault dire que cest purgatoire. Uoy

68 281 624 61 la leur bel argumẽt, qui est tãt titu

70 330 620 55 bant ⁊ hors de raison, qui n est possi

70 371 622 64 ble de le croire ⁊ pouuoir pẽser. Cest

70 418 623 62 de merucilles que ces grenoilles de

71 465 622 57 Egypte, qui sont les sophistes cõe

71 515 621 51 dit  Ierosme  ayẽt oublie leurs

74 561 619 58 s illogismes. Mais q̃ ueullẽt ilz in-

71 608 617 57 ferer par ses deux propositions to-

68 651 616 58 tallemẽt negatiues. Nont ilz point

71 698 619 58 ueu en L apocalipse, sẽblables pro-

71 742 615 56 positions des animaulx qͥ n auoiẽt

68 789 620 59 repos ne iour, ne nuict. Il ne sẽsuil

76 839 609 59 pas donc, qͥlz eussent aucun repos.

121 881 572 62 D auantage, est il possible que

70 925 624 62 leur ignorance  affin que ie ne die

71 975 626 54 leur malice ⁊ mauuaistie ayt este si

72 1022 624 60 grande que d auoir fonde tel argu-

71 1071 626 58 ment sur ce passage; Lertes il me

74 1115 623 60 semble, qu il eust este trop meilleur

72 1160 616 62 de ueoir S. Marc, qui dit ainsi;

74 1210 614 66 Amen dics uobis; quoniam omma dimit

707 605 126 61 Ex nes

690 659 129 57 gatiuis

694 701 138 50 nihil se-

696 748 117 45 quitur.

700 783 140 52 Apocali

697 825 120 58 pse.iiii.

696 1158 100 67 Mart

696 1219 54 66 .iii.

601 1252 87 59 tẽtur
