1085 1619
87 145 625 66 plus en eulx q̃ le feu cõtre lor, lat-

89 195 620 58 gent, ou les pierres precieuses. Cer-

89 238 619 56 tes il apꝑt qͥl a administre la parol

89 283 620 59 le fidelemẽt; ⁊ a noblement edifie-

93 331 620 53 ueu q̃ ses auditeurs perdroient au

90 376 622 58 tẽps de persecutiõ  plus tost la uie

93 420 619 60 que la foy. Mais si aucun traicte la

91 468 625 56 parolle de Dieu tant laschement et

91 514 626 60 froidement, q̃ les auditeurs dicelle

91 559 622 61 suruenãt la persecution  renient ⁊

93 604 624 59 delaissent la foy; ieeulx serõt cõsom

94 655 625 54 mez par ladicte ꝑsecution; ainsi q̃ le

94 697 626 63 feu cõsõme le boys, le foin, ⁊ l esteu

93 744 619 64 le. Et alors apparoistra la paresse-

97 789 620 59 ⁊ negligẽce, du ministre ⁊ des audi

95 835 614 59 teurs. Car au iour du Seigñr, non

98 886 618 61 point au ioͬ du iugemẽt; mais tou-

97 928 619 56 tesfoys ⁊ quãtes qu il luy plaira les

98 976 614 58 uisiter par tribulation, les choses q̃

98 1021 619 58 on ne cõgnoissoit point scrõt reue-

98 1068 621 59 lecs. En ce iour la donc la doctri

98 1110 619 61 ne dũg chascun sera esprouuee. Et

99 1160 618 60 cõme dit est; si les auditeurs perse-

99 1204 624 69 uerent en la parolle il a edifie, or et

411 1250 309 69 Qn
