1085 1619
385 129 616 57 fins regnardz dẽtre eulx quãd pre-

384 179 617 57 mieremẽt en leur messe de Requiem

383 226 616 55 ilz ont faict une epistre de ce passa-

384 269 615 62 ge/ par grand cautelle ilz ont cop-

381 315 617 60 pe ⁊ reiecte ce mot sacrificium sachãs

379 364 619 58 bien q̃ iamais sacrifice ne fut faict

380 410 615 54 dor ne dargẽt. A quoy nõt pas pẽse

376 453 621 62 les paoures bestioles qͥ depuis sont

377 500 621 58 suruenues: neãtmoins il fault fina

376 549 621 56 blement que tout soit ramene a lu-

377 593 620 61 miere: ⁊ cela leur suffise poͬ respõse.

427 644 568 49 Leur sixiesme fõdemẽt est prins

376 681 617 66 en Lapocalipse ou S. Iehan dit: q̃

377 732 617 54 ceulx qui suyuẽt Laigneau sõt sãs

376 778 619 55 macule deuãt le throsne de Dieu: et

373 825 620 58 q̃ nulle chose souillee ne entrera en

375 871 618 55 la saincte cite celeste. Il nous fault

375 918 619 57 donc (disent ilz) premieremẽt estre

375 963 616 54 purgez en ce mõde par bõnes oeu-

375 1009 616 59 ures/ ou en lautre par le feu: car qͥ

377 1053 612 60 differe de faire penitẽce en ce mõde/

373 1094 621 66 necessairemẽt la fera en purgatoi-

375 1148 619 55 re. Miserables boutefeux/ qͥ est ce-

375 1192 619 96 luy qͥ ignore qͥ nous fault estre purs

879 1252 110 59 ⁊ netz
