1085 1619
87 145 624 68 ⁊ netz deuãt le throsne diuin; Mais

83 184 625 75 ou auez uous trouue q̃ le feu puisse

94 233 614 73 purger les pechez. Respondez icy si

94 280 618 69 uous pouez; ⁊ alleguez pour uous

87 325 624 68 ung seul texte descripture. Lho-

89 376 616 63 mas daquin la bien cerche; mais ai

94 419 623 65 dernier a este contrainct de dire que

97 465 619 66 le purgatoire n est point trouue en

99 507 624 71 la bible; ⁊ toutesfoys qu il en fault

103 557 620 69 croyre ung, a cause des raisons lu-

103 600 618 69 bieuses fondees sur gloses ⁊ mira-

103 654 320 63 cles qu il ameine.

161 693 566 67 Uoicy uoz beaulx fondemens

101 736 629 69 tant paourement ⁊ miserablement

112 785 612 69 poꝰ la seduction du peuple amenez.

110 831 620 67 Et pourtãt a bon droict ung cha-

113 874 617 77 scun uous doit renoncer, ayant re-

110 920 620 71 cours a celuy seul qui noꝰ a aymez

114 972 610 68 ⁊ lauez de noz pechez en son sang.

112 1011 622 73 lequel aussi par le S. Esperit sest

117 1063 617 64 offert a Dieu soy mesme sans ma-

121 1107 618 69 cule, pour nettoyer noz consciences

120 1153 622 72 des oeuures mortes Ausquelles pa

105 1196 641 85 rolles . Paul monstre a locil, par

732 947 143 67 Apoca.i.

734 1001 139 67 E brieux

742 1049 48 54 ..

735 341 119 54 Au.iisi.

719 385 136 65 de sentẽ.

446 1249 114 66 Q uii
