1085 1619
372 140 617 59 qui ⁊ cõmẽt nous sommes purgez;

372 186 615 52 il n est point icy qu estion du fcu de

372 233 617 54 purgatoire faulcemẽt ⁊ iniquemẽt

371 277 619 56 controuue par les papes ⁊ ses fla-

369 326 617 55 teurs. Ne du purgatoire de . Pa-

367 371 623 52 tris, auquel on ueoit plusieurs hor

367 415 618 55 ribles choses, ainsi que mentent les

365 464 621 51 moynes dudict lieu. Mais par tou

363 505 620 61 te l escriture est faict mẽtion tãt seu-

364 554 621 58 lemẽt du sãg de Christ qͥ nous pur-

367 599 618 62 ge abond ãment quãd nous croyõs

367 651 612 54 qu il a este respandu en la remission

363 692 260 58 de noz pechez.

410 742 572 51 Conclusion tres seure ⁊ ccrtaine

361 786 618 57 est, que en matier de foy, il ne noꝰ

358 825 631 64 est pas licite suyure nozcogitatiõs,

358 876 619 54 noz uaines pẽsees ⁊ imaginatiõs;

360 921 619 55 mais la seule parolle de Dieu, clai

360 967 619 57 re, euidẽte, ⁊ apꝑte; en quoy faisãt

358 1013 617 56 on ne doibt auoir crainte de faillir;

357 1065 617 54 mais bien ensuyuant les ergotz de

356 1109 618 56 noz maistres qui scauent tirer ⁊ con

354 1150 617 53 clure l ung de l autre tout ainsi qu il

350 1195 618 71 leur plaist. Si cela se manifesta i a-

862 1252 104 56 mais
