1085 1619
82 145 621 60 mais en aucune maniere, signãte-

83 191 618 58 ment en ceste cy. Car comme uous

87 241 613 55 uoyez ces insideles nont point en

82 283 622 52 honte de espouãter le paoure mõde

83 330 618 53 pour le piller ⁊ desrober, fondans

80 372 621 61 leur purgatoire sur gloses, cxposi-

80 422 624 59 tions, ⁊ faulces intelligẽces totalle

79 466 625 58 ment cõtraires au sens de l escriptu

82 515 618 51 re dont il en ressourt plusieurs hor

80 558 621 54 ribles ⁊ exccrables blasphemes; car

80 605 617 61 par leur satisfaction inuẽtee en pur

83 659 621 46 gatoire ilz renoncẽt appertemẽt la

80 697 621 58 passion de Christ, ⁊ reicctent le me-

78 742 619 54 rite dicelle; mais celuy qui croit fer-

78 786 616 62 memẽt que Christ est mort poͬ soy-

80 836 617 55 ueritablemẽt il meurt a peche auec

76 879 621 57 suy; ⁊ par ceste creance il est finable

76 925 620 57 ment receu a la uie cternelle sãs en-

79 972 621 57 burer pcine, a cause que Christ cõ-

75 1018 617 57 me dit Isaie urayemẽt a souffert

76 1065 616 61 noz lãgueurs, ⁊ porte noz douleͬs;

76 1110 617 55 ⁊ a este naure pour noz iniquitez.

75 1154 621 56 Autant en brefues parolles en dit

78 1200 608 72 Iehan baptiste; Uoicy lagneau de

696 1013 140 74 gsa. lui.

576 1250 112 81 Dieu

693 1179 136 98 Ie ban.i.
