<?xml version="1.0" encoding="UTF-8"?>
<alto xmlns:xsi="http://www.w3.org/2001/XMLSchema-instance"
      xmlns="http://www.loc.gov/standards/alto/ns-v4#"
      xsi:schemaLocation="http://www.loc.gov/standards/alto/ns-v4# http://www.loc.gov/standards/alto/v4/alto-4-2.xsd">
  <Description>
    <MeasurementUnit>pixel</MeasurementUnit>
    <sourceImageInformation>
      <fileName>206_73e8d_default.jpg</fileName>
      <fileIdentifier>https://www.e-rara.ch/gep_g/i3f/v20/1954265/full/full/0/default.jpg</fileIdentifier>
    </sourceImageInformation>
  </Description>
  
  <Tags>
    <OtherTag ID="BT766" LABEL="DropCapitalZone" DESCRIPTION="block type DropCapitalZone"/><OtherTag ID="BT767" LABEL="MainZone" DESCRIPTION="block type MainZone"/><OtherTag ID="BT768" LABEL="MarginTextZone" DESCRIPTION="block type MarginTextZone"/><OtherTag ID="BT769" LABEL="NumberingZone" DESCRIPTION="block type NumberingZone"/><OtherTag ID="BT771" LABEL="RunningTitleZone" DESCRIPTION="block type RunningTitleZone"/><OtherTag ID="BT772" LABEL="StampZone" DESCRIPTION="block type StampZone"/><OtherTag ID="BT773" LABEL="TableZone" DESCRIPTION="block type TableZone"/><OtherTag ID="BT996" LABEL="TitlePageZone" DESCRIPTION="block type TitlePageZone"/><OtherTag ID="BT999" LABEL="GraphicZone" DESCRIPTION="block type GraphicZone"/><OtherTag ID="BT1359" LABEL="QuireMarksZone" DESCRIPTION="block type QuireMarksZone"/>
    <OtherTag ID="LT265" LABEL="HeadingLine" DESCRIPTION="line type HeadingLine"/><OtherTag ID="LT266" LABEL="DefaultLine" DESCRIPTION="line type DefaultLine"/><OtherTag ID="LT267" LABEL="DropCapitalLine" DESCRIPTION="line type DropCapitalLine"/>
  </Tags>
  
  <Layout>
    <Page WIDTH="1085"
          HEIGHT="1619"
          PHYSICAL_IMG_NR="206"
          ID="eSc_dummypage_">
      <PrintSpace HPOS="0"
                  VPOS="0"
                  WIDTH="1085"
                  HEIGHT="1619">
        
        <TextBlock HPOS="50"
                   VPOS="141"
                   WIDTH="655"
                   HEIGHT="1128"
                   ID="eSc_textblock_d56cb74f"
                   TAGREFS="BT767">
          <Shape><Polygon POINTS="50 151 78 1269 705 1257 705 141"/></Shape>
          
          
          <TextLine ID="eSc_line_652ffea5"
                    TAGREFS="LT266"
                    BASELINE="74 196 693 187" 
                    HPOS="74"
                    VPOS="145"
                    WIDTH="619"
                    HEIGHT="60">
            <Shape><Polygon POINTS="682 147 627 145 626 145 612 145 599 145 585 145 572 145 558 145 545 145 531 145 518 145 504 145 491 145 487 149 480 145 477 145 464 145 454 145 446 149 430 145 423 145 410 145 396 145 395 145 387 151 377 145 369 145 356 145 342 145 329 145 325 145 315 147 311 145 302 145 288 145 275 145 261 145 248 145 234 145 221 145 207 145 194 145 180 145 167 145 153 145 152 145 128 155 126 156 82 156 75 178 74 196 74 205 692 192 693 187 690 152 682 147"/></Shape>
	    <String CONTENT="malades, consoler les prisonniers-"
                    HPOS="74"
                    VPOS="145"
                    WIDTH="619"
                    HEIGHT="60"></String>
          </TextLine>

          
          
          <TextLine ID="eSc_line_57711fd3"
                    TAGREFS="LT266"
                    BASELINE="78 242 636 237 690 238" 
                    HPOS="75"
                    VPOS="188"
                    WIDTH="614"
                    HEIGHT="62">
            <Shape><Polygon POINTS="534 188 520 188 507 190 502 190 483 195 477 196 458 195 402 191 399 191 385 191 372 191 358 191 352 191 334 196 326 198 309 196 276 192 264 192 251 192 237 194 236 194 224 196 209 201 161 201 155 196 152 195 143 195 129 195 116 195 102 195 101 195 75 196 76 241 76 250 688 244 689 237 688 195 543 188 534 188"/></Shape>
	    <String CONTENT="uisiter les orphelins ⁊ uesues en"
                    HPOS="75"
                    VPOS="188"
                    WIDTH="614"
                    HEIGHT="62"></String>
          </TextLine>

          
          
          <TextLine ID="eSc_line_a84b9fe3"
                    TAGREFS="LT266"
                    BASELINE="71 287 693 280" 
                    HPOS="70"
                    VPOS="238"
                    WIDTH="623"
                    HEIGHT="60">
            <Shape><Polygon POINTS="650 238 636 238 623 238 609 238 596 238 589 238 565 242 449 240 448 240 434 240 421 240 407 240 394 240 380 240 367 240 353 241 340 241 326 241 321 241 310 245 267 241 259 241 245 241 232 241 218 241 205 242 191 242 183 242 128 246 101 242 97 242 83 242 80 240 80 240 70 245 71 287 71 298 337 290 541 294 542 294 543 294 578 287 690 292 693 280 690 242 653 238 650 238"/></Shape>
	    <String CONTENT="leurs tribulations, on se amuse a"
                    HPOS="70"
                    VPOS="238"
                    WIDTH="623"
                    HEIGHT="60"></String>
          </TextLine>

          
          
          <TextLine ID="eSc_line_603e33c1"
                    TAGREFS="LT266"
                    BASELINE="72 334 692 326" 
                    HPOS="71"
                    VPOS="281"
                    WIDTH="621"
                    HEIGHT="58">
            <Shape><Polygon POINTS="665 281 651 281 638 281 634 281 630 284 614 281 611 281 597 281 584 281 570 281 557 283 543 283 535 283 481 288 422 288 418 284 408 284 398 284 392 287 388 284 381 284 368 284 354 284 345 284 311 288 302 286 300 286 287 286 277 286 273 290 213 286 206 286 192 287 179 287 165 287 152 287 138 287 133 287 71 292 72 334 72 339 690 331 692 326 689 286 666 281 665 281"/></Shape>
	    <String CONTENT="faire chãter messes, porter oblatiõs"
                    HPOS="71"
                    VPOS="281"
                    WIDTH="621"
                    HEIGHT="58"></String>
          </TextLine>

          
          
          <TextLine ID="eSc_line_b1b946c8"
                    TAGREFS="LT266"
                    BASELINE="75 380 690 373" 
                    HPOS="74"
                    VPOS="331"
                    WIDTH="616"
                    HEIGHT="60">
            <Shape><Polygon POINTS="75 380 75 384 195 391 197 391 322 383 677 385 678 385 680 385 681 385 690 379 690 373 686 331 74 335 75 380"/></Shape>
	    <String CONTENT="de pain ⁊ de uin, bailler force argẽt"
                    HPOS="74"
                    VPOS="331"
                    WIDTH="616"
                    HEIGHT="60"></String>
          </TextLine>

          
          
          <TextLine ID="eSc_line_8bd17851"
                    TAGREFS="LT266"
                    BASELINE="75 426 689 418" 
                    HPOS="74"
                    VPOS="375"
                    WIDTH="615"
                    HEIGHT="58">
            <Shape><Polygon POINTS="627 375 614 375 600 375 587 375 573 375 560 376 546 376 541 376 504 379 480 381 74 381 75 426 75 433 688 433 689 418 686 379 634 375 627 375"/></Shape>
	    <String CONTENT="⁊ luminaires, pour euiter les tor-"
                    HPOS="74"
                    VPOS="375"
                    WIDTH="615"
                    HEIGHT="58"></String>
          </TextLine>

          
          
          <TextLine ID="eSc_line_6812a8ec"
                    TAGREFS="LT266"
                    BASELINE="72 473 693 466" 
                    HPOS="71"
                    VPOS="422"
                    WIDTH="622"
                    HEIGHT="59">
            <Shape><Polygon POINTS="462 422 449 422 435 422 422 422 408 422 395 422 381 422 368 423 354 423 341 423 327 423 314 423 300 423 287 423 273 424 260 424 246 424 233 424 219 424 206 424 195 424 190 429 129 426 125 426 112 426 98 426 85 426 83 423 71 423 72 473 72 481 568 481 568 480 569 480 570 480 581 473 582 473 666 478 668 478 669 478 693 470 693 466 690 422 476 422 462 422"/></Shape>
	    <String CONTENT="mentz du feu que les prebstres ont"
                    HPOS="71"
                    VPOS="422"
                    WIDTH="622"
                    HEIGHT="59"></String>
          </TextLine>

          
          
          <TextLine ID="eSc_line_c0b7a89d"
                    TAGREFS="LT266"
                    BASELINE="75 518 693 511" 
                    HPOS="74"
                    VPOS="469"
                    WIDTH="619"
                    HEIGHT="54">
            <Shape><Polygon POINTS="438 470 425 470 411 470 398 470 384 470 371 470 357 470 344 470 330 470 317 472 303 472 290 472 276 472 263 472 249 472 236 472 222 472 209 472 195 473 186 473 180 476 134 473 128 473 114 473 101 473 87 473 80 473 74 476 75 518 75 523 692 519 693 511 690 472 438 469 438 470"/></Shape>
	    <String CONTENT="si grãd peine d entretenir; Par ce"
                    HPOS="74"
                    VPOS="469"
                    WIDTH="619"
                    HEIGHT="54"></String>
          </TextLine>

          
          
          <TextLine ID="eSc_line_a30af095"
                    TAGREFS="LT266"
                    BASELINE="72 565 696 557" 
                    HPOS="71"
                    VPOS="512"
                    WIDTH="625"
                    HEIGHT="60">
            <Shape><Polygon POINTS="624 512 611 512 597 512 596 512 587 518 585 518 578 518 555 514 543 514 530 514 520 514 492 518 475 519 465 518 449 514 449 514 435 515 422 515 403 518 373 522 290 522 286 518 284 516 273 516 263 516 256 518 228 522 218 518 215 516 206 516 192 518 179 518 103 523 71 518 72 565 72 569 483 572 484 572 696 561 696 557 693 518 634 512 624 512"/></Shape>
	    <String CONTENT="aussi plusieurs prennent une licẽce"
                    HPOS="71"
                    VPOS="512"
                    WIDTH="625"
                    HEIGHT="60"></String>
          </TextLine>

          
          
          <TextLine ID="eSc_line_b75c22d2"
                    TAGREFS="LT266"
                    BASELINE="78 612 693 601" 
                    HPOS="76"
                    VPOS="558"
                    WIDTH="617"
                    HEIGHT="66">
            <Shape><Polygon POINTS="630 558 616 558 603 558 589 559 576 559 562 559 549 559 535 559 522 559 508 559 506 559 491 561 460 563 448 561 441 561 427 561 418 561 414 563 390 561 387 561 373 562 360 562 346 562 333 562 326 562 299 566 286 562 279 563 265 563 252 563 238 563 228 563 186 567 176 563 171 565 157 565 155 565 149 569 94 565 90 565 76 565 78 612 78 616 98 624 99 624 101 624 155 616 202 623 203 623 205 623 236 615 611 616 612 616 614 616 634 609 678 615 680 615 681 615 682 615 693 607 693 601 690 561 642 558 630 558"/></Shape>
	    <String CONTENT="effrenee a mal faire, disans en eulx"
                    HPOS="76"
                    VPOS="558"
                    WIDTH="617"
                    HEIGHT="66"></String>
          </TextLine>

          
          
          <TextLine ID="eSc_line_7294fda2"
                    TAGREFS="LT266"
                    BASELINE="76 658 694 648" 
                    HPOS="75"
                    VPOS="603"
                    WIDTH="619"
                    HEIGHT="66">
            <Shape><Polygon POINTS="642 603 628 603 615 604 614 604 600 608 593 611 538 611 535 609 526 605 520 605 507 605 500 605 487 609 480 611 472 609 456 605 453 607 439 607 426 607 410 609 396 612 390 609 381 607 372 608 358 608 356 608 348 611 336 613 325 611 315 608 304 609 291 609 277 609 264 609 251 609 237 609 224 611 210 611 197 611 183 611 170 611 156 611 143 612 129 612 116 612 110 612 75 612 76 658 76 663 251 669 252 669 295 662 427 666 429 666 430 666 454 659 456 659 458 659 515 665 516 665 694 655 694 648 692 608 651 603 642 603"/></Shape>
	    <String CONTENT="mesmes; Beuuons, mangeõs, fai-"
                    HPOS="75"
                    VPOS="603"
                    WIDTH="619"
                    HEIGHT="66"></String>
          </TextLine>

          
          
          <TextLine ID="eSc_line_8c13e0af"
                    TAGREFS="LT266"
                    BASELINE="78 704 696 694" 
                    HPOS="76"
                    VPOS="651"
                    WIDTH="620"
                    HEIGHT="61">
            <Shape><Polygon POINTS="535 651 527 651 489 657 475 658 157 658 144 658 130 658 117 658 103 658 90 658 76 658 78 704 78 711 425 712 426 712 522 704 526 704 527 704 605 709 607 709 696 700 696 694 692 657 565 657 561 657 543 651 535 651"/></Shape>
	    <String CONTENT="sons grand chere en ce mõde; ⁊ puis"
                    HPOS="76"
                    VPOS="651"
                    WIDTH="620"
                    HEIGHT="61"></String>
          </TextLine>

          
          
          <TextLine ID="eSc_line_7683512c"
                    TAGREFS="LT266"
                    BASELINE="76 748 696 740" 
                    HPOS="75"
                    VPOS="697"
                    WIDTH="621"
                    HEIGHT="62">
            <Shape><Polygon POINTS="534 697 520 697 507 698 493 698 480 698 466 698 453 698 439 698 426 700 412 700 399 700 392 700 267 705 229 702 224 702 210 702 197 702 183 702 175 706 144 704 143 704 129 704 116 704 102 704 98 704 75 708 76 748 76 752 178 759 179 759 275 752 291 751 302 751 350 756 352 756 383 751 394 750 696 750 696 740 693 701 539 697 534 697"/></Shape>
	    <String CONTENT="en la fin nous nous cõfesserons au"
                    HPOS="75"
                    VPOS="697"
                    WIDTH="621"
                    HEIGHT="62"></String>
          </TextLine>

          
          
          <TextLine ID="eSc_line_1a6e1e2f"
                    TAGREFS="LT266"
                    BASELINE="78 796 694 786" 
                    HPOS="76"
                    VPOS="742"
                    WIDTH="618"
                    HEIGHT="66">
            <Shape><Polygon POINTS="643 742 630 742 616 742 603 742 589 743 582 743 565 746 555 743 549 743 535 743 527 743 516 747 514 747 506 747 480 744 468 744 454 744 441 744 433 744 430 747 418 744 414 744 400 744 391 744 373 748 369 748 368 748 364 746 360 746 346 746 344 746 338 748 333 750 319 748 298 746 292 746 279 747 265 747 261 747 257 748 249 751 233 748 221 747 211 747 198 747 184 747 171 748 157 748 144 748 130 748 124 748 76 750 78 796 78 808 694 791 694 786 692 746 643 742 643 742"/></Shape>
	    <String CONTENT="prebstre qui nous baillera labsolu-"
                    HPOS="76"
                    VPOS="742"
                    WIDTH="618"
                    HEIGHT="66"></String>
          </TextLine>

          
          
          <TextLine ID="eSc_line_adf93e71"
                    TAGREFS="LT266"
                    BASELINE="76 840 696 835" 
                    HPOS="75"
                    VPOS="793"
                    WIDTH="621"
                    HEIGHT="58">
            <Shape><Polygon POINTS="76 840 76 844 217 851 218 851 219 851 221 851 233 844 680 847 681 847 682 847 696 839 696 835 692 793 75 796 76 840"/></Shape>
	    <String CONTENT="tion, par laquelle la peine cternelle"
                    HPOS="75"
                    VPOS="793"
                    WIDTH="621"
                    HEIGHT="58"></String>
          </TextLine>

          
          
          <TextLine ID="eSc_line_9d40523e"
                    TAGREFS="LT266"
                    BASELINE="76 887 694 878" 
                    HPOS="75"
                    VPOS="836"
                    WIDTH="619"
                    HEIGHT="61">
            <Shape><Polygon POINTS="534 837 520 837 507 837 493 837 480 837 466 837 453 837 439 837 426 837 412 837 399 837 385 839 372 839 358 839 345 839 334 839 331 841 330 841 325 841 288 839 277 839 264 839 251 839 242 839 233 843 232 843 229 843 209 840 197 840 183 840 170 840 156 840 149 840 75 844 76 887 76 897 419 897 419 895 421 895 422 895 430 889 431 889 435 889 468 894 469 894 549 887 550 887 604 893 605 893 694 883 694 878 692 837 545 836 534 837"/></Shape>
	    <String CONTENT="qui nous estoit iustemẽt deue pour"
                    HPOS="75"
                    VPOS="836"
                    WIDTH="619"
                    HEIGHT="61"></String>
          </TextLine>

          
          
          <TextLine ID="eSc_line_daad30cc"
                    TAGREFS="LT266"
                    BASELINE="78 934 697 926" 
                    HPOS="76"
                    VPOS="879"
                    WIDTH="621"
                    HEIGHT="64">
            <Shape><Polygon POINTS="616 879 614 879 592 886 591 886 585 886 522 881 518 881 492 886 487 887 476 887 431 882 427 883 414 883 400 883 387 883 373 883 365 883 340 883 333 885 319 885 307 885 252 885 252 886 249 886 76 889 78 934 78 943 696 936 697 926 694 886 618 879 616 879"/></Shape>
	    <String CONTENT="noz pechez, sera faicte temporelle, ⁊"
                    HPOS="76"
                    VPOS="879"
                    WIDTH="621"
                    HEIGHT="64"></String>
          </TextLine>

          
          
          <TextLine ID="eSc_line_9d2e4073"
                    TAGREFS="LT266"
                    BASELINE="79 979 703 971" 
                    HPOS="78"
                    VPOS="928"
                    WIDTH="625"
                    HEIGHT="58">
            <Shape><Polygon POINTS="591 929 577 929 573 929 485 929 483 930 469 930 456 930 449 930 380 930 375 932 361 932 348 932 334 932 325 932 290 932 280 933 267 933 253 933 240 933 226 933 213 933 201 933 183 933 172 934 159 934 145 934 132 934 118 934 105 934 91 934 78 934 79 979 79 986 701 978 703 971 699 928 592 928 591 929"/></Shape>
	    <String CONTENT="la porterons en pur gatoire, duquel"
                    HPOS="78"
                    VPOS="928"
                    WIDTH="625"
                    HEIGHT="58"></String>
          </TextLine>

          
          
          <TextLine ID="eSc_line_91953183"
                    TAGREFS="LT266"
                    BASELINE="76 1026 703 1017" 
                    HPOS="75"
                    VPOS="976"
                    WIDTH="628"
                    HEIGHT="54">
            <Shape><Polygon POINTS="76 1026 76 1030 703 1028 703 1017 699 976 75 979 76 1026"/></Shape>
	    <String CONTENT="nous serons incontinent deliurez a"
                    HPOS="75"
                    VPOS="976"
                    WIDTH="628"
                    HEIGHT="54"></String>
          </TextLine>

          
          
          <TextLine ID="eSc_line_99563fff"
                    TAGREFS="LT266"
                    BASELINE="82 1072 700 1063" 
                    HPOS="80"
                    VPOS="1018"
                    WIDTH="620"
                    HEIGHT="65">
            <Shape><Polygon POINTS="612 1018 612 1019 611 1019 607 1025 603 1025 558 1019 557 1019 526 1025 516 1028 80 1028 82 1072 82 1083 699 1072 700 1063 697 1025 618 1018 612 1018"/></Shape>
	    <String CONTENT="force de messes, deaue bencite, de te"
                    HPOS="80"
                    VPOS="1018"
                    WIDTH="620"
                    HEIGHT="65"></String>
          </TextLine>

          
          
          <TextLine ID="eSc_line_cd23bbec"
                    TAGREFS="LT266"
                    BASELINE="82 1119 699 1110" 
                    HPOS="80"
                    VPOS="1064"
                    WIDTH="619"
                    HEIGHT="66">
            <Shape><Polygon POINTS="688 1067 612 1064 607 1065 593 1065 580 1065 566 1065 553 1065 539 1065 526 1065 520 1065 516 1069 495 1067 485 1067 472 1067 458 1067 456 1067 453 1069 433 1067 431 1068 418 1068 404 1068 391 1068 377 1068 369 1068 364 1071 356 1068 350 1068 337 1069 323 1069 310 1069 299 1069 277 1072 269 1069 269 1069 256 1071 242 1071 229 1071 215 1071 202 1071 199 1071 159 1075 137 1072 134 1072 121 1072 107 1072 94 1072 91 1072 80 1076 82 1119 82 1130 699 1117 699 1110 696 1090 688 1067"/></Shape>
	    <String CONTENT="stamẽs ⁊c. O quel scãdale, q̃l blas-"
                    HPOS="80"
                    VPOS="1064"
                    WIDTH="619"
                    HEIGHT="66"></String>
          </TextLine>

          
          
          <TextLine ID="eSc_line_d69cab21"
                    TAGREFS="LT266"
                    BASELINE="83 1167 700 1156" 
                    HPOS="82"
                    VPOS="1111"
                    WIDTH="618"
                    HEIGHT="69">
            <Shape><Polygon POINTS="676 1111 662 1111 649 1111 635 1111 622 1111 608 1113 595 1113 581 1113 550 1115 543 1115 538 1115 518 1113 514 1114 500 1114 487 1114 473 1114 460 1114 446 1114 433 1115 419 1115 406 1115 392 1115 379 1115 365 1115 352 1115 338 1117 325 1117 311 1117 298 1117 284 1117 271 1117 257 1118 244 1118 230 1118 217 1118 214 1118 82 1121 83 1167 83 1180 160 1172 228 1177 236 1177 237 1177 238 1177 240 1177 240 1176 246 1169 699 1165 700 1156 697 1114 676 1111 676 1111"/></Shape>
	    <String CONTENT="pheme, q̃l erreur. N est ce poĩt lasche"
                    HPOS="82"
                    VPOS="1111"
                    WIDTH="618"
                    HEIGHT="69"></String>
          </TextLine>

          
          
          <TextLine ID="eSc_line_5139a5a4"
                    TAGREFS="LT266"
                    BASELINE="80 1211 697 1202" 
                    HPOS="79"
                    VPOS="1160"
                    WIDTH="618"
                    HEIGHT="56">
            <Shape><Polygon POINTS="457 1161 443 1161 430 1161 416 1161 403 1161 390 1162 376 1162 363 1162 349 1162 336 1162 322 1162 315 1162 290 1168 265 1164 255 1164 246 1164 237 1169 211 1165 201 1165 187 1165 174 1165 170 1165 132 1171 79 1165 80 1211 80 1215 519 1216 520 1216 697 1206 697 1202 694 1161 465 1160 457 1161"/></Shape>
	    <String CONTENT="la bride a tout mal; Certes purga-"
                    HPOS="79"
                    VPOS="1160"
                    WIDTH="618"
                    HEIGHT="56"></String>
          </TextLine>

          
          
          <TextLine ID="eSc_line_adcc79ba"
                    TAGREFS="LT266"
                    BASELINE="82 1258 701 1249" 
                    HPOS="80"
                    VPOS="1200"
                    WIDTH="621"
                    HEIGHT="99">
            <Shape><Polygon POINTS="688 1203 674 1203 661 1203 647 1203 634 1203 620 1203 607 1204 593 1204 580 1204 566 1204 553 1204 539 1204 526 1204 512 1206 499 1206 485 1206 472 1206 458 1206 445 1206 431 1207 418 1207 404 1207 391 1207 377 1207 364 1207 350 1207 337 1208 323 1208 310 1208 296 1208 283 1208 269 1208 256 1210 242 1210 229 1210 215 1210 202 1210 188 1210 175 1210 161 1211 148 1211 134 1211 121 1211 107 1211 94 1211 80 1211 82 1258 82 1299 245 1299 246 1299 248 1299 259 1289 279 1273 303 1273 304 1273 306 1273 307 1273 321 1264 354 1272 356 1272 357 1272 358 1272 381 1264 427 1279 429 1279 430 1279 431 1279 433 1279 450 1265 504 1272 506 1272 507 1272 508 1272 523 1261 549 1261 562 1270 564 1270 565 1270 566 1270 568 1270 572 1269 620 1257 646 1265 659 1269 661 1269 662 1269 663 1269 665 1269 672 1264 678 1258 699 1261 701 1249 697 1200 694 1200 688 1203"/></Shape>
	    <String CONTENT="toire a faict beaucop de brigãs, de"
                    HPOS="80"
                    VPOS="1200"
                    WIDTH="621"
                    HEIGHT="99"></String>
          </TextLine>

          
        </TextBlock>
        
        <TextBlock HPOS="691"
                   VPOS="192"
                   WIDTH="140"
                   HEIGHT="68"
                   ID="eSc_textblock_cd8bbc31"
                   TAGREFS="BT768">
          <Shape><Polygon POINTS="691 192 691 260 831 260 831 192"/></Shape>
          
          
          <TextLine ID="eSc_line_84ccdcc7"
                    TAGREFS="LT266"
                    BASELINE="701 246 832 248" 
                    HPOS="699"
                    VPOS="194"
                    WIDTH="132"
                    HEIGHT="75">
            <Shape><Polygon POINTS="700 245 699 267 742 263 747 264 766 269 767 269 769 269 770 269 771 269 782 260 786 256 829 254 831 246 831 202 802 194 801 194 800 194 700 201 700 245"/></Shape>
	    <String CONTENT="bacq̃s.i."
                    HPOS="699"
                    VPOS="194"
                    WIDTH="132"
                    HEIGHT="75"></String>
          </TextLine>

          
        </TextBlock>
        
        <TextBlock HPOS="486"
                   VPOS="1258"
                   WIDTH="215"
                   HEIGHT="57"
                   ID="eSc_textblock_38ad153e"
                   TAGREFS="BT1359">
          <Shape><Polygon POINTS="491 1258 486 1311 701 1315 701 1259"/></Shape>
          
          
          <TextLine ID="eSc_line_b7ffbcd3"
                    TAGREFS="LT266"
                    BASELINE="503 1299 699 1295" 
                    HPOS="502"
                    VPOS="1252"
                    WIDTH="197"
                    HEIGHT="66">
            <Shape><Polygon POINTS="503 1299 503 1308 531 1318 533 1318 534 1318 572 1310 585 1316 587 1316 588 1316 589 1316 591 1316 603 1308 604 1308 608 1308 639 1315 641 1315 699 1308 699 1295 696 1258 632 1252 631 1252 502 1261 503 1299"/></Shape>
	    <String CONTENT="ribauldes,-"
                    HPOS="502"
                    VPOS="1252"
                    WIDTH="197"
                    HEIGHT="66"></String>
          </TextLine>

          
        </TextBlock>
        

        
      </PrintSpace>
    </Page>
  </Layout>
</alto>
