1085 1619
241 288 124 65 Gala-

237 344 119 49 tes. ui.

377 145 617 56 ribauldes, de larrõs, ⁊ de usuriers

379 187 618 67 qui soubz ceste folle attente ont dif-

379 236 620 64 fere de biẽ faire, cõtre ce que dit La

379 280 616 66 postre; Lors que nous auõs le tẽpa

376 327 618 62 faisons du bien a tous, la uie presẽ

381 376 617 58 te est le temps de biẽ faire, ainsi que

381 420 621 67 dit Iesuchrist. Besongnez quãd il

381 465 618 61 est iour; car la nuict uiẽt, en laqucl-

381 512 618 64 le nul ne peult ouurer. Noz mai-

383 557 618 64 stres sentãtz le pesant faiz de ceste

381 604 618 67 sentence, ont este cõtrainctz de dire

381 650 617 66 que on ne faict rien en purgatoire q̃

380 696 617 62 satisfaction. Mais ie leur demãde,

383 742 619 68 pourroit on bien satisfaire mesme

383 790 619 57 selon leur faulce doctrine sans oeu

380 835 621 59 ure. Certes non. Il fault dõc qu ilz

381 882 621 59 cõcedẽl que les ames de purgatoi-

383 928 619 63 re font des oeuures; ⁊ toutesfoys la

384 975 615 58 uerite dit que on ne peult ouurer en

383 1019 618 57 la nuict de la mort. Ne attendons

384 1065 617 58 dõc point a bien faire en l autre mõ

383 1111 618 65 de; mais faisons le en cestuy cy. Car

381 1160 618 58 la grace de Dieu nostre sauueur est

384 1211 615 65 apparue a tous hõmes, nous ensei

242 433 126 67 beb.iiui.

871 1252 126 62 gnant
