1085 1619
113 167 618 74 ceulx qui ont uraye foy en luy, et

113 211 613 77 pourtãt uniz ⁊ incorporez au corps

113 257 615 76 de Iesus. Par la uertu diuine qͥ

113 302 617 71 habite au chef, toute puissance con-

112 352 616 70 traire est destruicte. Par la uie par-

112 395 614 67 faicte ⁊ ĩmortelle, nostre mort abo-

107 441 616 74 lie. Par la sainctete, iustice, purete,

106 489 617 76 innocẽce infinie qui est en luy, tou

106 539 618 70 te nostre mauuaistie, iniquite, ⁊ or-

107 580 616 72 dure est abismee. Et par ceste gran

106 627 614 74 de puissance nous sommes reparez

105 674 618 66 en plus noble estat que iamais ne

106 720 617 71 fusmes auant le peche de Adã, au

106 764 609 71 paradis; non point qui est terrien,

103 814 616 65 mais celestiel; a une uie, non pas

102 856 615 76 corporelle, corruptible, ⁊ quõ peult

102 903 615 71 perdre, mais spirituelle, sans corru

103 949 552 68 ptiõ, et quon ne perdra iamais.

149 998 566 70 Qui cõgnoist ⁊ entend cecy par

101 1038 615 75 uraye ⁊ uiue foy, il a ueritablemẽt

97 1087 618 73 la uie eternelle, ⁊ plus ne se arreste

98 1137 617 71 aux creatures, ne aux choses uai-

98 1184 615 70 nes, ayant congnoissance du pere

101 1227 612 103 par le fil; auquel il cõgnoist ⁊ en-

732 230 135 65 i.Corin-

734 286 122 56 tes.xii.

470 1281 54 78 B

612 1289 101 62 tend
