<?xml version="1.0" encoding="UTF-8"?>
<alto xmlns:xsi="http://www.w3.org/2001/XMLSchema-instance"
      xmlns="http://www.loc.gov/standards/alto/ns-v4#"
      xsi:schemaLocation="http://www.loc.gov/standards/alto/ns-v4# http://www.loc.gov/standards/alto/v4/alto-4-2.xsd">
  <Description>
    <MeasurementUnit>pixel</MeasurementUnit>
    <sourceImageInformation>
      <fileName>25_920a9_default.jpg</fileName>
      <fileIdentifier>https://www.e-rara.ch/gep_g/i3f/v20/1954084/full/full/0/default.jpg</fileIdentifier>
    </sourceImageInformation>
  </Description>
  
  <Tags>
    <OtherTag ID="BT766" LABEL="DropCapitalZone" DESCRIPTION="block type DropCapitalZone"/><OtherTag ID="BT767" LABEL="MainZone" DESCRIPTION="block type MainZone"/><OtherTag ID="BT768" LABEL="MarginTextZone" DESCRIPTION="block type MarginTextZone"/><OtherTag ID="BT769" LABEL="NumberingZone" DESCRIPTION="block type NumberingZone"/><OtherTag ID="BT771" LABEL="RunningTitleZone" DESCRIPTION="block type RunningTitleZone"/><OtherTag ID="BT772" LABEL="StampZone" DESCRIPTION="block type StampZone"/><OtherTag ID="BT773" LABEL="TableZone" DESCRIPTION="block type TableZone"/><OtherTag ID="BT996" LABEL="TitlePageZone" DESCRIPTION="block type TitlePageZone"/><OtherTag ID="BT999" LABEL="GraphicZone" DESCRIPTION="block type GraphicZone"/><OtherTag ID="BT1359" LABEL="QuireMarksZone" DESCRIPTION="block type QuireMarksZone"/>
    <OtherTag ID="LT265" LABEL="HeadingLine" DESCRIPTION="line type HeadingLine"/><OtherTag ID="LT266" LABEL="DefaultLine" DESCRIPTION="line type DefaultLine"/><OtherTag ID="LT267" LABEL="DropCapitalLine" DESCRIPTION="line type DropCapitalLine"/>
  </Tags>
  
  <Layout>
    <Page WIDTH="1085"
          HEIGHT="1619"
          PHYSICAL_IMG_NR="25"
          ID="eSc_dummypage_">
      <PrintSpace HPOS="0"
                  VPOS="0"
                  WIDTH="1085"
                  HEIGHT="1619">
        
        <TextBlock HPOS="344"
                   VPOS="617"
                   WIDTH="181"
                   HEIGHT="172"
                   ID="eSc_textblock_bfdbd681"
                   TAGREFS="BT766">
          <Shape><Polygon POINTS="352 617 344 789 525 787 525 622"/></Shape>
          
          
          <TextLine ID="eSc_line_3aff569a"
                    TAGREFS="LT267"
                    BASELINE="355 774 520 779" 
                    HPOS="353"
                    VPOS="609"
                    WIDTH="166"
                    HEIGHT="169">
            <Shape><Polygon POINTS="353 778 506 776 519 778 519 754 516 614 463 619 428 617 361 609 361 730 354 751 354 773"/></Shape>
	    <String CONTENT="I"
                    HPOS="353"
                    VPOS="609"
                    WIDTH="166"
                    HEIGHT="169"></String>
          </TextLine>

          
        </TextBlock>
        
        <TextBlock HPOS="333"
                   VPOS="175"
                   WIDTH="652"
                   HEIGHT="1131"
                   ID="eSc_textblock_3f68578e"
                   TAGREFS="BT767">
          <Shape><Polygon POINTS="334 175 333 1306 976 1291 985 178"/></Shape>
          
          
          <TextLine ID="eSc_line_50b2c85f"
                    TAGREFS="LT266"
                    BASELINE="356 228 972 218" 
                    HPOS="354"
                    VPOS="178"
                    WIDTH="618"
                    HEIGHT="60">
            <Shape><Polygon POINTS="935 184 921 180 908 178 894 178 881 178 867 178 854 178 840 178 827 178 813 178 800 178 786 178 773 178 759 178 746 178 732 178 719 178 705 178 692 178 678 178 665 178 651 178 638 178 624 178 614 178 587 182 572 178 570 178 557 178 543 178 531 178 515 183 508 178 503 178 489 178 476 178 462 178 449 178 435 178 422 178 408 178 395 178 381 178 368 178 354 195 356 228 356 232 530 238 531 238 632 229 705 236 707 236 708 236 735 228 817 232 819 232 894 225 951 232 952 232 954 232 972 222 972 218 947 186 935 184"/></Shape>
	    <String CONTENT="dit le bien estre mal/ ⁊ le mal bien/"
                    HPOS="354"
                    VPOS="178"
                    WIDTH="618"
                    HEIGHT="60"></String>
          </TextLine>

          
          
          <TextLine ID="eSc_line_2240046a"
                    TAGREFS="LT266"
                    BASELINE="356 275 974 265" 
                    HPOS="354"
                    VPOS="218"
                    WIDTH="620"
                    HEIGHT="62">
            <Shape><Polygon POINTS="962 219 951 219 921 225 920 225 919 225 904 219 894 219 881 221 873 221 860 225 855 228 796 228 793 225 788 221 786 222 773 222 759 222 753 222 735 225 707 229 686 225 680 223 678 223 665 223 651 223 638 223 634 223 618 225 529 233 506 233 497 226 489 226 476 226 462 226 449 226 438 226 434 232 427 228 422 228 408 228 395 228 381 228 368 228 354 228 356 275 356 280 974 276 974 265 972 223 964 218 962 219"/></Shape>
	    <String CONTENT="la lumiere tenebres/ ⁊ les tenebres"
                    HPOS="354"
                    VPOS="218"
                    WIDTH="620"
                    HEIGHT="62"></String>
          </TextLine>

          
          
          <TextLine ID="eSc_line_b108e0f1"
                    TAGREFS="LT266"
                    BASELINE="356 321 972 313" 
                    HPOS="354"
                    VPOS="267"
                    WIDTH="618"
                    HEIGHT="59">
            <Shape><Polygon POINTS="881 268 867 268 854 268 840 268 827 268 815 268 797 268 786 269 773 269 759 269 746 269 732 269 719 269 705 271 692 271 678 271 665 271 651 271 638 271 624 271 611 272 597 272 584 272 570 272 557 272 543 272 530 273 516 273 503 273 489 273 476 273 462 273 449 273 435 275 422 275 408 275 395 275 381 275 368 275 354 275 356 321 356 326 971 318 972 313 968 267 886 267 881 268"/></Shape>
	    <String CONTENT="lumiere/ blasphemãt le sainct espe-"
                    HPOS="354"
                    VPOS="267"
                    WIDTH="618"
                    HEIGHT="59"></String>
          </TextLine>

          
          
          <TextLine ID="eSc_line_7f2ddadd"
                    TAGREFS="LT266"
                    BASELINE="356 365 978 360" 
                    HPOS="354"
                    VPOS="314"
                    WIDTH="624"
                    HEIGHT="59">
            <Shape><Polygon POINTS="958 314 956 314 901 321 893 314 881 314 867 315 854 315 840 315 827 315 817 315 794 322 732 317 719 317 705 317 693 317 686 322 673 317 665 317 651 318 647 318 628 323 628 325 612 325 527 325 518 319 516 319 503 319 489 319 476 319 472 319 423 325 422 325 421 325 404 321 395 321 381 321 369 321 354 325 356 365 356 373 977 371 978 360 977 322 959 314 958 314"/></Shape>
	    <String CONTENT="rit/ attribuant a Dieu iniustice/ ⁊ a"
                    HPOS="354"
                    VPOS="314"
                    WIDTH="624"
                    HEIGHT="59"></String>
          </TextLine>

          
          
          <TextLine ID="eSc_line_ccf9dbeb"
                    TAGREFS="LT266"
                    BASELINE="357 412 974 406" 
                    HPOS="356"
                    VPOS="361"
                    WIDTH="618"
                    HEIGHT="62">
            <Shape><Polygon POINTS="909 361 896 361 882 361 869 361 855 361 852 361 844 365 842 365 835 365 816 361 815 362 801 362 788 362 782 362 780 365 777 365 504 365 491 365 477 365 464 365 450 365 437 365 423 365 410 365 396 365 383 365 369 365 356 365 357 412 357 423 974 415 974 406 971 365 917 361 909 361"/></Shape>
	    <String CONTENT="soy innocence/ ⁊ se eleuant contre"
                    HPOS="356"
                    VPOS="361"
                    WIDTH="618"
                    HEIGHT="62"></String>
          </TextLine>

          
          
          <TextLine ID="eSc_line_f84f3e10"
                    TAGREFS="LT266"
                    BASELINE="357 462 972 449" 
                    HPOS="356"
                    VPOS="407"
                    WIDTH="616"
                    HEIGHT="65">
            <Shape><Polygon POINTS="855 407 842 408 828 408 815 408 801 408 788 408 774 408 761 408 748 408 744 412 743 412 732 408 720 410 707 410 696 410 678 412 661 415 646 414 619 410 612 410 599 411 587 411 578 414 570 416 543 415 495 411 491 411 477 412 464 412 450 412 437 412 435 412 356 416 357 462 357 472 972 456 972 449 970 410 863 407 855 407"/></Shape>
	    <String CONTENT="Dieu ⁊ son esperit/ le condemnant"
                    HPOS="356"
                    VPOS="407"
                    WIDTH="616"
                    HEIGHT="65"></String>
          </TextLine>

          
          
          <TextLine ID="eSc_line_d2414bd5"
                    TAGREFS="LT266"
                    BASELINE="357 508 972 499" 
                    HPOS="356"
                    VPOS="450"
                    WIDTH="616"
                    HEIGHT="68">
            <Shape><Polygon POINTS="955 450 954 450 952 450 951 450 950 450 936 458 892 451 890 451 847 460 825 453 815 453 813 453 792 461 790 461 786 461 727 454 720 456 707 456 693 456 680 456 666 456 653 457 639 457 628 457 616 462 612 465 506 465 502 464 495 460 491 460 477 461 468 461 456 464 441 466 356 465 357 508 357 518 972 503 972 499 971 458 956 450 955 450"/></Shape>
	    <String CONTENT="poͬ regner: car il ueult auoir bruit"
                    HPOS="356"
                    VPOS="450"
                    WIDTH="616"
                    HEIGHT="68"></String>
          </TextLine>

          
          
          <TextLine ID="eSc_line_b77f93c9"
                    TAGREFS="LT266"
                    BASELINE="358 554 569 549" 
                    HPOS="357"
                    VPOS="508"
                    WIDTH="212"
                    HEIGHT="55">
            <Shape><Polygon POINTS="408 508 407 508 390 516 381 509 380 509 379 509 377 509 376 509 357 518 358 554 358 563 568 557 569 549 565 509 442 515 439 515 410 508 408 508"/></Shape>
	    <String CONTENT="⁊ honneur."
                    HPOS="357"
                    VPOS="508"
                    WIDTH="212"
                    HEIGHT="55"></String>
          </TextLine>

          
          
          <TextLine ID="eSc_line_9ce1db7e"
                    TAGREFS="LT265"
                    BASELINE="411 600 929 592" 
                    HPOS="411"
                    VPOS="534"
                    WIDTH="518"
                    HEIGHT="77">
            <Shape><Polygon POINTS="545 550 531 550 518 550 504 551 495 551 489 557 466 551 464 551 450 553 437 553 421 561 411 592 411 600 411 603 542 603 546 603 572 611 573 611 574 611 576 611 597 603 603 601 654 603 838 607 839 607 929 599 929 592 928 550 898 534 897 534 847 534 846 534 844 534 843 534 824 549 758 535 757 535 755 535 754 535 724 557 716 562 638 562 634 559 609 538 608 538 607 538 605 538 604 538 580 549 558 547 558 550"/></Shape>
	    <String CONTENT="¶ De iustice. Chap̃.uii."
                    HPOS="411"
                    VPOS="534"
                    WIDTH="518"
                    HEIGHT="77"></String>
          </TextLine>

          
          
          <TextLine ID="eSc_line_334f4c99"
                    TAGREFS="LT266"
                    BASELINE="524 643 970 638" 
                    HPOS="523"
                    VPOS="593"
                    WIDTH="447"
                    HEIGHT="57">
            <Shape><Polygon POINTS="960 600 893 593 887 593 875 593 862 599 855 603 800 603 793 599 785 594 780 594 766 594 761 597 758 599 734 597 716 596 712 596 699 596 685 596 672 596 658 597 645 597 631 597 618 597 604 597 591 597 577 599 572 599 566 604 557 599 550 599 537 599 523 599 524 643 524 650 968 648 970 638 968 631 960 600"/></Shape>
	    <String CONTENT="Ustice/ est la uraye ima-"
                    HPOS="523"
                    VPOS="593"
                    WIDTH="447"
                    HEIGHT="57"></String>
          </TextLine>

          
          
          <TextLine ID="eSc_line_190b7b4e"
                    TAGREFS="LT266"
                    BASELINE="523 690 972 685" 
                    HPOS="522"
                    VPOS="642"
                    WIDTH="450"
                    HEIGHT="59">
            <Shape><Polygon POINTS="630 643 616 643 603 643 589 643 576 643 562 643 549 643 535 643 534 642 522 642 523 690 523 701 971 690 972 685 970 644 635 642 630 643"/></Shape>
	    <String CONTENT="ge de Dieu/ luisãt par la"
                    HPOS="522"
                    VPOS="642"
                    WIDTH="450"
                    HEIGHT="59"></String>
          </TextLine>

          
          
          <TextLine ID="eSc_line_9882f857"
                    TAGREFS="LT266"
                    BASELINE="522 733 970 731" 
                    HPOS="520"
                    VPOS="686"
                    WIDTH="450"
                    HEIGHT="54">
            <Shape><Polygon POINTS="966 686 952 686 939 686 925 686 912 686 898 686 885 686 871 686 858 688 844 688 831 688 817 688 804 688 800 688 690 690 659 689 655 689 642 689 628 690 615 690 601 690 588 690 574 690 561 690 547 690 534 690 533 689 520 692 522 733 522 740 968 740 970 731 966 686 966 686"/></Shape>
	    <String CONTENT="regeneratiõ qui est faicte"
                    HPOS="520"
                    VPOS="686"
                    WIDTH="450"
                    HEIGHT="54"></String>
          </TextLine>

          
          
          <TextLine ID="eSc_line_2cb577e8"
                    TAGREFS="LT266"
                    BASELINE="524 782 971 775" 
                    HPOS="523"
                    VPOS="732"
                    WIDTH="448"
                    HEIGHT="61">
            <Shape><Polygon POINTS="959 732 939 736 894 732 887 732 874 732 860 732 847 732 842 732 819 737 807 732 793 732 782 732 755 737 732 733 726 733 712 733 708 733 686 740 639 733 631 733 618 733 615 733 614 735 601 742 523 736 524 782 524 793 970 779 971 775 967 732 959 732"/></Shape>
	    <String CONTENT="par la parolle de Dieu"
                    HPOS="523"
                    VPOS="732"
                    WIDTH="448"
                    HEIGHT="61"></String>
          </TextLine>

          
          
          <TextLine ID="eSc_line_3bf016da"
                    TAGREFS="LT266"
                    BASELINE="357 827 375 827 967 824" 
                    HPOS="354"
                    VPOS="775"
                    WIDTH="612"
                    HEIGHT="64">
            <Shape><Polygon POINTS="854 777 840 777 827 777 813 777 800 777 786 778 773 778 759 778 746 778 732 778 719 778 712 778 708 779 697 783 694 781 692 778 692 779 678 779 673 779 668 781 647 785 601 782 584 781 570 781 557 781 543 781 538 781 531 783 524 785 518 783 493 775 492 775 491 775 489 775 460 783 457 785 456 783 449 778 449 777 448 777 446 777 403 775 402 775 354 785 356 825 356 833 591 839 592 839 593 839 609 832 630 839 631 839 632 839 634 839 649 831 650 829 651 831 659 837 661 837 662 837 663 837 704 831 711 829 724 829 802 836 804 836 805 836 833 829 856 837 858 837 859 837 860 837 862 837 875 829 917 829 924 835 924 836 925 836 927 836 928 836 929 836 966 827 966 822 962 777 912 783 871 778 862 777 854 777"/></Shape>
	    <String CONTENT="receue par foy/ ⁊ escrite au coeͬ des"
                    HPOS="354"
                    VPOS="775"
                    WIDTH="612"
                    HEIGHT="64"></String>
          </TextLine>

          
          
          <TextLine ID="eSc_line_12d4a7d4"
                    TAGREFS="LT266"
                    BASELINE="354 874 970 870" 
                    HPOS="353"
                    VPOS="820"
                    WIDTH="617"
                    HEIGHT="66">
            <Shape><Polygon POINTS="960 825 947 825 933 825 920 825 906 825 893 825 879 825 866 825 860 825 858 827 856 825 852 825 839 825 825 825 812 825 798 825 785 825 771 825 758 825 744 825 731 825 717 825 704 825 694 825 686 829 673 835 663 829 657 827 650 827 642 827 636 831 628 836 557 836 539 833 502 827 502 827 488 827 477 827 464 836 462 836 431 828 430 828 429 828 427 828 426 828 416 835 407 827 407 827 395 827 390 829 383 827 380 827 367 828 363 828 353 835 354 874 356 886 383 879 391 886 392 886 394 886 395 886 396 886 398 886 423 879 445 885 449 886 450 886 452 886 477 885 588 878 619 883 631 885 632 885 643 883 666 878 720 882 762 885 763 885 788 881 816 876 848 881 878 883 879 883 970 878 970 870 967 821 960 820 960 825"/></Shape>
	    <String CONTENT="filz de Dieu. Par laquelle lhom"
                    HPOS="353"
                    VPOS="820"
                    WIDTH="617"
                    HEIGHT="66"></String>
          </TextLine>

          
          
          <TextLine ID="eSc_line_b5eb3319"
                    TAGREFS="LT266"
                    BASELINE="352 918 967 913" 
                    HPOS="350"
                    VPOS="871"
                    WIDTH="617"
                    HEIGHT="55">
            <Shape><Polygon POINTS="958 871 944 871 937 871 886 876 870 871 863 871 852 871 839 876 823 871 809 871 801 871 797 872 774 879 738 879 732 874 731 872 728 872 715 872 701 872 690 874 674 876 672 875 668 872 661 872 654 872 650 875 643 879 631 875 619 872 607 872 603 872 581 876 568 879 554 878 527 874 526 874 512 874 502 874 491 879 487 881 477 879 435 874 431 874 418 874 415 874 350 882 352 918 352 926 966 924 967 913 963 871 958 871"/></Shape>
	    <String CONTENT="me mort a soymesme/ renõceãt soy"
                    HPOS="350"
                    VPOS="871"
                    WIDTH="617"
                    HEIGHT="55"></String>
          </TextLine>

          
          
          <TextLine ID="eSc_line_34f1ebeb"
                    TAGREFS="LT266"
                    BASELINE="353 966 967 963" 
                    HPOS="352"
                    VPOS="914"
                    WIDTH="615"
                    HEIGHT="62">
            <Shape><Polygon POINTS="811 916 797 916 784 916 770 916 767 916 758 922 736 916 735 916 734 916 657 924 647 924 646 924 636 917 635 917 622 917 577 924 576 924 564 917 554 917 551 917 526 924 511 917 500 918 487 918 476 918 431 922 421 918 419 918 406 918 404 918 394 924 383 918 379 918 367 918 352 925 353 966 353 976 966 971 967 963 964 921 811 914 811 916"/></Shape>
	    <String CONTENT="⁊ toutes choses/ ayme tant seule-"
                    HPOS="352"
                    VPOS="914"
                    WIDTH="615"
                    HEIGHT="62"></String>
          </TextLine>

          
          
          <TextLine ID="eSc_line_b18c1563"
                    TAGREFS="LT266"
                    BASELINE="352 1013 971 1009" 
                    HPOS="350"
                    VPOS="964"
                    WIDTH="621"
                    HEIGHT="55">
            <Shape><Polygon POINTS="877 964 863 964 850 964 836 964 823 964 809 964 807 964 800 968 781 964 769 964 755 964 750 964 744 967 730 964 728 964 715 964 708 964 700 970 657 964 647 966 634 966 620 966 607 966 599 966 555 971 533 966 526 966 512 966 499 966 485 966 472 966 458 966 445 966 431 966 418 966 404 966 394 966 350 972 352 1013 352 1019 971 1017 971 1009 968 970 882 964 877 964"/></Shape>
	    <String CONTENT="ment Dieu/ ayãt le coeur a sa sain"
                    HPOS="350"
                    VPOS="964"
                    WIDTH="621"
                    HEIGHT="55"></String>
          </TextLine>

          
          
          <TextLine ID="eSc_line_a0fda14a"
                    TAGREFS="LT266"
                    BASELINE="353 1057 968 1055" 
                    HPOS="352"
                    VPOS="1010"
                    WIDTH="616"
                    HEIGHT="55">
            <Shape><Polygon POINTS="959 1010 946 1010 932 1010 919 1010 905 1010 900 1010 883 1015 865 1011 858 1010 851 1010 846 1010 843 1011 832 1015 816 1011 809 1010 797 1010 784 1010 781 1010 777 1013 771 1015 759 1013 753 1011 743 1011 730 1011 716 1011 713 1011 708 1013 699 1015 694 1014 689 1011 689 1011 676 1011 662 1011 649 1011 641 1011 612 1015 595 1017 591 1015 581 1011 581 1011 568 1011 557 1011 551 1015 549 1018 484 1018 483 1017 470 1013 460 1013 446 1013 433 1013 419 1013 406 1013 392 1013 379 1013 373 1013 352 1018 353 1057 353 1065 967 1063 968 1055 966 1010 959 1010"/></Shape>
	    <String CONTENT="cte loy/ tire hors de toutes choses"
                    HPOS="352"
                    VPOS="1010"
                    WIDTH="616"
                    HEIGHT="55"></String>
          </TextLine>

          
          
          <TextLine ID="eSc_line_a72d6e67"
                    TAGREFS="LT266"
                    BASELINE="350 1104 968 1102" 
                    HPOS="349"
                    VPOS="1055"
                    WIDTH="619"
                    HEIGHT="59">
            <Shape><Polygon POINTS="956 1056 943 1056 929 1056 921 1056 794 1060 790 1057 789 1056 781 1056 767 1056 754 1056 740 1056 727 1056 713 1056 701 1056 697 1059 694 1060 692 1059 686 1056 673 1056 668 1056 662 1059 655 1061 645 1060 631 1057 619 1057 605 1057 592 1057 558 1061 550 1061 547 1061 535 1057 524 1057 519 1057 515 1061 515 1063 491 1063 449 1063 437 1057 430 1057 416 1057 402 1061 377 1057 376 1057 363 1057 361 1055 361 1055 360 1055 358 1055 357 1055 349 1060 350 1104 350 1114 967 1107 968 1102 964 1056 956 1056"/></Shape>
	    <String CONTENT="terriẽnes/ brusle apres les celestiel-"
                    HPOS="349"
                    VPOS="1055"
                    WIDTH="619"
                    HEIGHT="59"></String>
          </TextLine>

          
          
          <TextLine ID="eSc_line_c8d5491a"
                    TAGREFS="LT266"
                    BASELINE="350 1150 971 1145" 
                    HPOS="349"
                    VPOS="1103"
                    WIDTH="622"
                    HEIGHT="61">
            <Shape><Polygon POINTS="929 1103 916 1103 902 1103 874 1107 858 1103 848 1103 835 1103 825 1103 812 1109 805 1103 794 1103 781 1103 767 1103 754 1103 740 1103 727 1103 713 1103 700 1103 686 1103 673 1103 588 1110 576 1104 565 1104 551 1104 538 1104 524 1104 511 1104 497 1104 484 1104 457 1111 388 1104 376 1104 363 1104 356 1104 349 1110 350 1150 350 1156 418 1156 442 1164 443 1164 445 1164 446 1164 448 1164 461 1156 495 1164 496 1164 497 1164 569 1154 658 1162 659 1162 726 1153 769 1161 770 1161 847 1152 848 1152 850 1152 860 1160 862 1160 863 1160 865 1160 927 1152 947 1158 948 1158 950 1158 951 1158 971 1150 971 1145 968 1109 937 1103 929 1103"/></Shape>
	    <String CONTENT="les: car par la congnoissance quil a"
                    HPOS="349"
                    VPOS="1103"
                    WIDTH="622"
                    HEIGHT="61"></String>
          </TextLine>

          
          
          <TextLine ID="eSc_line_3d122b90"
                    TAGREFS="LT266"
                    BASELINE="352 1198 968 1194" 
                    HPOS="350"
                    VPOS="1146"
                    WIDTH="618"
                    HEIGHT="62">
            <Shape><Polygon POINTS="958 1146 952 1146 887 1154 860 1148 856 1146 850 1146 836 1146 823 1146 809 1148 796 1148 782 1148 769 1148 767 1149 758 1156 724 1150 703 1148 701 1148 688 1148 685 1148 663 1153 647 1156 642 1153 634 1149 620 1149 614 1149 592 1154 585 1156 582 1154 572 1149 566 1149 555 1149 537 1156 531 1157 511 1157 403 1150 391 1150 377 1150 364 1150 356 1150 350 1156 352 1198 352 1208 967 1199 968 1194 964 1146 958 1146"/></Shape>
	    <String CONTENT="de Dieu/ il porte fruict de uie sa-"
                    HPOS="350"
                    VPOS="1146"
                    WIDTH="618"
                    HEIGHT="62"></String>
          </TextLine>

          
          
          <TextLine ID="eSc_line_108aff7b"
                    TAGREFS="LT266"
                    BASELINE="352 1245 971 1241" 
                    HPOS="350"
                    VPOS="1195"
                    WIDTH="621"
                    HEIGHT="55">
            <Shape><Polygon POINTS="823 1195 809 1195 796 1195 782 1195 769 1195 755 1196 742 1196 728 1196 715 1196 701 1196 688 1196 686 1196 682 1200 647 1196 647 1196 634 1196 620 1196 618 1196 612 1200 550 1198 539 1198 526 1198 512 1198 499 1198 485 1198 472 1198 458 1198 454 1198 404 1202 395 1198 391 1198 377 1198 376 1198 350 1203 352 1245 352 1250 970 1246 971 1241 968 1200 836 1195 823 1195"/></Shape>
	    <String CONTENT="chant prendre ⁊ eslire le bien/ ⁊ con"
                    HPOS="350"
                    VPOS="1195"
                    WIDTH="621"
                    HEIGHT="55"></String>
          </TextLine>

          
          
          <TextLine ID="eSc_line_33948097"
                    TAGREFS="LT266"
                    BASELINE="352 1292 972 1287" 
                    HPOS="350"
                    VPOS="1242"
                    WIDTH="622"
                    HEIGHT="97">
            <Shape><Polygon POINTS="917 1242 904 1242 900 1242 894 1246 892 1246 820 1242 809 1242 796 1242 782 1242 769 1242 755 1242 746 1246 743 1246 740 1243 728 1243 715 1243 701 1243 688 1243 674 1243 663 1243 661 1246 657 1250 612 1250 605 1245 603 1243 593 1243 580 1243 566 1243 553 1245 539 1245 537 1245 533 1249 503 1245 499 1245 485 1245 473 1245 468 1250 448 1245 445 1245 431 1245 418 1245 404 1245 391 1245 377 1245 364 1245 350 1245 352 1292 352 1338 434 1332 442 1334 454 1338 456 1338 457 1338 458 1338 460 1338 466 1332 469 1331 470 1332 481 1339 483 1339 484 1339 485 1339 546 1338 547 1338 549 1338 558 1330 568 1338 569 1338 570 1338 572 1339 639 1339 639 1338 641 1338 642 1338 662 1320 666 1318 693 1307 701 1312 703 1312 704 1312 705 1312 707 1312 708 1312 708 1311 717 1303 971 1303 972 1287 970 1247 928 1242 917 1242"/></Shape>
	    <String CONTENT="demner ⁊ reiecter le mal/ donnãt a"
                    HPOS="350"
                    VPOS="1242"
                    WIDTH="622"
                    HEIGHT="97"></String>
          </TextLine>

          
        </TextBlock>
        
        <TextBlock HPOS="838"
                   VPOS="1296"
                   WIDTH="128"
                   HEIGHT="56"
                   ID="eSc_textblock_5eb35b3f"
                   TAGREFS="BT1359">
          <Shape><Polygon POINTS="838 1296 851 1352 966 1349 966 1296"/></Shape>
          
          
          <TextLine ID="eSc_line_dd417f3b"
                    TAGREFS="LT266"
                    BASELINE="855 1337 967 1332" 
                    HPOS="855"
                    VPOS="1289"
                    WIDTH="112"
                    HEIGHT="66">
            <Shape><Polygon POINTS="855 1327 855 1337 856 1355 893 1345 966 1351 967 1332 964 1297 886 1289 885 1289 883 1289 862 1299 855 1327"/></Shape>
	    <String CONTENT="Dieu"
                    HPOS="855"
                    VPOS="1289"
                    WIDTH="112"
                    HEIGHT="66"></String>
          </TextLine>

          
        </TextBlock>
        
        <TextBlock HPOS="205"
                   VPOS="710"
                   WIDTH="145"
                   HEIGHT="45"
                   ID="eSc_textblock_e9de6577"
                   TAGREFS="BT768">
          <Shape><Polygon POINTS="205 710 205 755 350 755 350 710"/></Shape>
          
          
          <TextLine ID="eSc_line_b6d12fd6"
                    TAGREFS="LT266"
                    BASELINE="211 747 349 747" 
                    HPOS="211"
                    VPOS="712"
                    WIDTH="138"
                    HEIGHT="48">
            <Shape><Polygon POINTS="346 712 333 712 319 712 306 712 292 712 279 712 265 712 252 712 238 712 225 712 211 712 211 747 211 758 348 760 349 747 349 712 346 712"/></Shape>
	    <String CONTENT="i.Pier.i."
                    HPOS="211"
                    VPOS="712"
                    WIDTH="138"
                    HEIGHT="48"></String>
          </TextLine>

          
        </TextBlock>
        
        <TextBlock HPOS="205"
                   VPOS="760"
                   WIDTH="140"
                   HEIGHT="82"
                   ID="eSc_textblock_a16dfed0"
                   TAGREFS="BT768">
          <Shape><Polygon POINTS="205 760 205 842 345 842 345 760"/></Shape>
          
          
          <TextLine ID="eSc_line_d0740252"
                    TAGREFS="LT266"
                    BASELINE="214 790 345 785" 
                    HPOS="211"
                    VPOS="750"
                    WIDTH="134"
                    HEIGHT="51">
            <Shape><Polygon POINTS="214 790 214 801 344 790 345 785 342 751 211 750 214 790"/></Shape>
	    <String CONTENT="Ieremie"
                    HPOS="211"
                    VPOS="750"
                    WIDTH="134"
                    HEIGHT="51"></String>
          </TextLine>

          
          
          <TextLine ID="eSc_line_4775a886"
                    TAGREFS="LT266"
                    BASELINE="217 833 315 832" 
                    HPOS="214"
                    VPOS="796"
                    WIDTH="100"
                    HEIGHT="49">
            <Shape><Polygon POINTS="215 832 215 845 314 844 314 831 310 796 214 796 215 832"/></Shape>
	    <String CONTENT="xxxi."
                    HPOS="214"
                    VPOS="796"
                    WIDTH="100"
                    HEIGHT="49"></String>
          </TextLine>

          
        </TextBlock>
        

        
      </PrintSpace>
    </Page>
  </Layout>
</alto>
