1085 1619
361 156 540 66 l honneur de tout ⁊ estre louee.

460 202 427 62 ¶De l esperit et nouuel

458 248 424 60 homme. Chap̃.ix.

566 298 420 58 Esperit est le mouue-

564 345 421 57 ment et affection que

558 392 427 61 Dieu baille a l homme

362 296 199 211 L

560 438 425 66 se renouuellãt, luy don

368 485 614 65 nant sa grace, et le iustifiant par

361 536 143 61 Iesus.

410 576 575 67 Cestuy a continuelle bataille cõ

363 624 618 64 tre la chair; ⁊ iamais ny paix iusq̃

364 671 619 62 a ce que la chair soit morte. Il est

364 717 622 66 simple ⁊ pur ayant congnoissance

363 766 624 58 de Dieu, des choses profondes de

364 809 622 62 Dieu, des celestielles, ausquelles

363 856 623 62 il poulse l hõme affin quil soit imi-

363 902 622 66 tateur de la bonte de Dieu, fructi-

363 953 620 61 fiãt a uie, toute doulceur, amytie,

364 997 622 64 benignite, compassion, chastete, pa

365 1042 620 68 tience, paix, ioye, charite ⁊ beneficẽ

368 1091 618 65 ce, ferme esperãce en celuy qͥ a tout

367 1137 620 65 faict, auquel il a toute confiance et

368 1181 621 66 foy, faisãt que l hõme ne soit point

367 1230 622 75 temeraire, ne presumptueux; mais

226 480 119 67 Gala-

222 535 105 58 tes.u.

840 1276 149 66 humble
