1085 1619
361 167 621 55 cecy par experience, que par liure.

361 211 621 50 Neantmoins il est escrit pour les

361 256 622 55 esleuz, affin quilz desirent, et affe-

361 302 624 52 ctueusemẽt prient que l esperit leur

364 345 621 61 soit donne, a ce quilz soient faictz

363 393 620 53 nouueaulx hõmes, ⁊ ayẽt cõgnois-

363 441 619 56 sance des choses de Dieu par son

361 484 624 62 esperit, ⁊ quilz tuẽt ⁊ destruisẽt tou

363 531 624 54 tes les affections de la chair et du

365 578 621 57 uieil hõme, tendãs seulemẽt a l hõ

360 623 625 61 neur ⁊ gloire diceluy qͥ peult ⁊ faict

363 670 619 55 tout, nostre bon pere Dieu eternel,

367 716 620 54 ayans pleine fiance en luy, l aymãt

364 763 623 55 de nostre coeur. Et pour l amour de

360 805 623 63 luy en tout bien edifians ⁊ secourãs

361 854 307 60 nostre prochain.

408 891 540 62 ¶De incredulite, infidelite,

411 947 530 55 et mescreance. Chap̃.x.

515 992 471 60 Ncredulite, infidelite, et

519 1038 466 56 mescreance, est moins sen-

519 1086 466 52 tir ⁊ croire, ou autrement,

369 1003 160 174 I

523 1130 462 55 quil ne cõuient, de l infinie

365 1171 617 68 bonte, misericorde, sagesse ⁊ puissã

369 1227 614 96 ce de Dieu. Laq̃lle du tout en tout

889 1274 93 71 ne se
