1085 1619
453 140 452 59 ¶ De foy. Chap̃.xi.

356 190 167 181 F

523 183 443 58 Oy/ est grãd ⁊ singulier

518 230 449 61 don de Dieu/ par laq̃lle

518 276 445 62 sõmes faictz filz de dieu/

522 325 442 55 ⁊ est sentemẽt/ experiẽce/

353 371 614 60 ⁊ cõgnoissance uraye de Dieu nr̃e

350 418 617 58 pere qui est bon/ parfaict/ puissant

353 464 611 56 ⁊ sage: ⁊ q̃ pour lamour de soymes-

349 511 618 62 me il nous a esleu pour ses filz/ sau

348 555 615 68 uez ⁊ rachetez par nostre sauueur

348 600 140 70 Iesus.

398 647 568 64 Et ainsi en rien ne doubte des

348 694 618 64 sainctes promesses de Dieu/ ne de

348 742 616 55 ce quil a parle par les siens pleins

346 787 620 61 du sainct esperit: mais roboree ⁊ cõ

348 835 618 63 firmee par la parolle diceluy qui ne

348 885 614 59 peult mentir contre tout iugemẽt/

348 929 616 59 contre toute experience/ cõtre tout

345 974 618 56 entendement humain/ iuge ⁊ tient

348 1015 615 62 fermemẽt ce que Dieu a dict: ⁊ as-

349 1067 617 58 seuree par la uerite immuable/ et

346 1111 616 60 illuminee par la uraye clarte/ rien

346 1156 618 63 ne crainct. Et sans aucũ doubte se

348 1204 615 73 tient ferme. Et celuy auquel

877 1250 78 84 elle

210 362 136 79 Iehan.i.
