1085 1619
72 172 622 64 filz, lequel il dõne au chetif prisõ-

71 221 615 58 nier du diable, de peche, d enfer et de

71 271 615 58 damnation, a cause de sa meschãte

70 317 607 51 ⁊ dãnee cõception ⁊ natiuite qui est

74 358 608 56 en peche, par laq̃lle il est faict ⁊ nay

70 404 612 60 filz de ire. Et peche ⁊ rebellion con-

70 449 614 65 tre la loy de Dieu, habite en luy, et

68 495 612 63 a seigneurie en luy. Le bon Dieu

71 545 609 59 ⁊ pere de misericorde le prent pour

71 589 615 54 son filz adoptif, pour sõ heritier, et

67 638 615 55 coheritier de Iesuchrist, luy dõnãt

66 686 620 50 larre du sainct esperit; par lequel il

66 724 619 61 le renouuelle par foy, escriuant sa

66 770 616 61 saincte loy de uie ⁊ desperit, au coeͬ

67 820 615 54 de ce paoure pecheur, l attirant a la

63 860 622 65 mour de luy, qui est le uray bien, et

64 907 620 64 a suyure ⁊ aymer sa saincte uolun-

63 955 621 56 te, en renõceant ⁊ detestant la sien-

62 1003 620 58 ne propre, ⁊ tout ce qui est de luy, le

60 1055 620 49 prenant soubz sa protection et gar-

59 1092 617 61 de, le fortifiant en toutes tẽtatiõs,

58 1138 622 56 le releuãt de tous ses tresbuchemẽs

59 1184 621 58 ⁊ faultes qui luy aduiennẽt par l in

62 1235 618 65 firmite de la chair, ne permettãt ia-

696 222 125 54 Psal.l.

696 271 129 51 Ephesi.

692 311 40 42 ii.

692 349 135 50 Romaĩs

700 391 40 73 uii.

690 487 131 58 Romaĩs

694 534 68 48 uiii.

694 607 129 95 Ephesi.

689 674 39 69 ii.

395 1279 98 62 C ii

557 1283 120 62 mais
