1085 1619
76 168 374 68 sa doctrine ⁊ parolle.

126 217 560 64 Et d autant que la doctrine hu-

75 272 617 53 maine a plus d apparence ⁊ de cou-

74 308 615 65 leur de sainctete, autãt est elle plus

74 354 616 64 dangereuse. Comme appert de celle

75 399 615 58 des Pharisiẽs ⁊ sur tout de celle de

75 443 617 65 L antechrist, laquelle ayant umbre

74 491 619 66 destre de Iesus est plus efficace et

72 542 618 61 ydoine a deceuoir ⁊ trõper que nul-

72 584 617 63 le autre. Tellement que les esleuz

76 628 610 66 ( S il se peult faire) en sont trompez,

75 677 613 62 a cause de la couuerture q̃ ont ceulx

78 721 614 64 qui font les statutz ⁊ les ordonnã-

78 766 608 66 ces. Cest quilz sont assẽblez au nom

79 813 614 63 de Iesus, et quil est au millieu de

76 867 617 54 eulx, ⁊ que le sainct esperit les con-

75 903 618 65 duit sans les laisser errer, ⁊ sembla

76 951 617 63 bles couleurs fort dangereuses, qui

76 995 616 61 ne regarde la loy de nostre Seigñr

79 1045 611 62 en prouuant toutes leurs ordonnã

82 1090 611 62 ces, regardant quelz fruictz font

82 1135 610 61 telles constitutions et coustumes

83 1181 603 66 quilz ont introduictes, ⁊ ainsi lon

82 1226 351 75 congnoistra l arbre.

435 1242 104 101 C iii
