<?xml version="1.0" encoding="UTF-8"?>
<alto xmlns:xsi="http://www.w3.org/2001/XMLSchema-instance"
      xmlns="http://www.loc.gov/standards/alto/ns-v4#"
      xsi:schemaLocation="http://www.loc.gov/standards/alto/ns-v4# http://www.loc.gov/standards/alto/v4/alto-4-2.xsd">
  <Description>
    <MeasurementUnit>pixel</MeasurementUnit>
    <sourceImageInformation>
      <fileName>43_0df01_default.jpg</fileName>
      <fileIdentifier>https://www.e-rara.ch/gep_g/i3f/v20/1954102/full/full/0/default.jpg</fileIdentifier>
    </sourceImageInformation>
  </Description>
  
  <Tags>
    <OtherTag ID="BT766" LABEL="DropCapitalZone" DESCRIPTION="block type DropCapitalZone"/><OtherTag ID="BT767" LABEL="MainZone" DESCRIPTION="block type MainZone"/><OtherTag ID="BT768" LABEL="MarginTextZone" DESCRIPTION="block type MarginTextZone"/><OtherTag ID="BT769" LABEL="NumberingZone" DESCRIPTION="block type NumberingZone"/><OtherTag ID="BT771" LABEL="RunningTitleZone" DESCRIPTION="block type RunningTitleZone"/><OtherTag ID="BT772" LABEL="StampZone" DESCRIPTION="block type StampZone"/><OtherTag ID="BT773" LABEL="TableZone" DESCRIPTION="block type TableZone"/><OtherTag ID="BT996" LABEL="TitlePageZone" DESCRIPTION="block type TitlePageZone"/><OtherTag ID="BT999" LABEL="GraphicZone" DESCRIPTION="block type GraphicZone"/><OtherTag ID="BT1359" LABEL="QuireMarksZone" DESCRIPTION="block type QuireMarksZone"/>
    <OtherTag ID="LT265" LABEL="HeadingLine" DESCRIPTION="line type HeadingLine"/><OtherTag ID="LT266" LABEL="DefaultLine" DESCRIPTION="line type DefaultLine"/><OtherTag ID="LT267" LABEL="DropCapitalLine" DESCRIPTION="line type DropCapitalLine"/>
  </Tags>
  
  <Layout>
    <Page WIDTH="1085"
          HEIGHT="1619"
          PHYSICAL_IMG_NR="43"
          ID="eSc_dummypage_">
      <PrintSpace HPOS="0"
                  VPOS="0"
                  WIDTH="1085"
                  HEIGHT="1619">
        
        <TextBlock HPOS="354"
                   VPOS="146"
                   WIDTH="657"
                   HEIGHT="1133"
                   ID="eSc_textblock_53bb8430"
                   TAGREFS="BT767">
          <Shape><Polygon POINTS="354 151 364 1279 1002 1260 1011 146"/></Shape>
          
          
          <TextLine ID="eSc_line_1bd0fa32"
                    TAGREFS="LT266"
                    BASELINE="369 198 560 192" 
                    HPOS="368"
                    VPOS="145"
                    WIDTH="192"
                    HEIGHT="64">
            <Shape><Polygon POINTS="542 149 535 147 515 145 515 145 502 145 488 145 475 145 461 145 448 145 434 147 421 149 407 152 394 155 381 157 368 160 369 198 369 209 560 199 560 192 554 157 542 149"/></Shape>
	    <String CONTENT="⁊ celestes."
                    HPOS="368"
                    VPOS="145"
                    WIDTH="192"
                    HEIGHT="64"></String>
          </TextLine>

          
          
          <TextLine ID="eSc_line_4889367e"
                    TAGREFS="LT266"
                    BASELINE="418 242 998 236" 
                    HPOS="416"
                    VPOS="187"
                    WIDTH="582"
                    HEIGHT="67">
            <Shape><Polygon POINTS="956 206 943 203 929 201 916 198 902 196 889 194 877 194 873 195 869 196 865 195 860 194 848 194 835 194 821 194 808 194 794 194 781 194 767 194 762 194 761 195 758 198 750 195 744 194 740 194 727 194 713 194 700 194 686 194 681 194 673 194 659 194 646 194 634 194 630 195 628 194 619 194 605 192 597 187 554 187 551 194 538 194 533 194 526 198 507 195 497 195 488 195 477 201 462 195 457 196 443 196 430 196 416 196 418 242 418 252 496 254 497 254 499 254 506 252 516 248 522 252 526 254 527 254 529 254 530 254 545 252 569 246 597 252 612 253 614 253 615 253 624 250 650 245 697 250 712 252 713 252 726 250 767 244 855 249 879 250 881 250 882 250 886 249 909 242 997 248 998 236 960 206 956 206"/></Shape>
	    <String CONTENT="En lescripture se doiuẽt exercer"
                    HPOS="416"
                    VPOS="187"
                    WIDTH="582"
                    HEIGHT="67"></String>
          </TextLine>

          
          
          <TextLine ID="eSc_line_08306785"
                    TAGREFS="LT266"
                    BASELINE="368 291 456 288 987 280" 
                    HPOS="365"
                    VPOS="236"
                    WIDTH="621"
                    HEIGHT="66">
            <Shape><Polygon POINTS="932 236 919 236 905 236 892 236 878 237 877 237 863 240 851 241 848 240 846 237 838 237 824 237 811 237 797 237 784 237 770 237 743 240 689 244 659 240 651 238 649 238 635 240 622 240 614 240 578 245 554 240 541 240 527 241 514 241 504 241 433 248 365 240 367 290 367 302 453 295 508 299 537 302 538 302 539 302 541 302 545 299 553 294 576 298 592 300 593 300 595 300 608 296 624 292 638 296 647 299 649 299 650 299 677 295 693 292 697 295 703 299 704 299 705 299 707 299 708 299 709 299 717 294 724 291 770 292 882 296 883 296 986 286 986 279 983 240 946 236 932 236"/></Shape>
	    <String CONTENT="tous ceulx qui ayment Iesus/ prin"
                    HPOS="365"
                    VPOS="236"
                    WIDTH="621"
                    HEIGHT="66"></String>
          </TextLine>

          
          
          <TextLine ID="eSc_line_04abc65c"
                    TAGREFS="LT266"
                    BASELINE="371 335 989 327" 
                    HPOS="369"
                    VPOS="287"
                    WIDTH="620"
                    HEIGHT="61">
            <Shape><Polygon POINTS="612 287 599 287 585 287 572 287 558 287 545 287 531 288 518 288 504 288 491 288 477 288 464 288 450 290 441 290 369 295 371 335 371 338 404 348 406 348 407 348 446 341 465 346 466 346 468 346 469 346 470 346 470 345 477 339 479 338 511 339 663 345 665 345 724 339 743 338 753 339 773 344 774 344 792 339 816 334 848 339 865 342 866 342 867 342 869 342 871 339 881 333 937 333 987 339 989 327 986 287 626 287 612 287"/></Shape>
	    <String CONTENT="cipalement ceulx qui annoncent et"
                    HPOS="369"
                    VPOS="287"
                    WIDTH="620"
                    HEIGHT="61"></String>
          </TextLine>

          
          
          <TextLine ID="eSc_line_2fa7699c"
                    TAGREFS="LT266"
                    BASELINE="372 383 987 372" 
                    HPOS="371"
                    VPOS="329"
                    WIDTH="616"
                    HEIGHT="64">
            <Shape><Polygon POINTS="951 329 937 329 924 329 910 329 905 333 897 329 897 329 883 330 870 330 865 330 854 333 823 330 816 330 802 330 789 330 775 331 771 331 759 334 753 335 739 335 693 331 681 331 668 333 658 333 639 335 631 337 628 335 620 333 614 333 600 333 588 333 554 337 539 338 538 337 533 334 533 334 519 334 506 334 492 334 479 334 465 335 452 335 438 335 434 335 371 338 372 383 372 393 770 381 793 381 978 384 979 384 981 384 982 384 982 383 987 377 987 372 985 333 958 329 951 329"/></Shape>
	    <String CONTENT="portent son nom. Car elle rend fide"
                    HPOS="371"
                    VPOS="329"
                    WIDTH="616"
                    HEIGHT="64"></String>
          </TextLine>

          
          
          <TextLine ID="eSc_line_ebe7c7f2"
                    TAGREFS="LT266"
                    BASELINE="371 426 989 418" 
                    HPOS="369"
                    VPOS="375"
                    WIDTH="620"
                    HEIGHT="63">
            <Shape><Polygon POINTS="828 376 815 376 801 376 788 376 774 376 770 381 757 376 747 377 734 377 720 377 663 383 649 384 639 384 604 379 599 380 585 380 577 380 564 384 561 385 558 385 545 380 545 380 531 380 530 380 523 385 522 387 484 387 484 385 477 381 477 381 464 381 450 381 437 383 423 383 410 383 396 383 383 383 381 381 369 385 371 426 371 431 465 438 466 438 468 438 469 438 480 431 572 437 573 437 574 437 576 437 585 430 587 430 588 430 657 435 658 435 659 435 685 429 688 429 694 429 781 434 782 434 784 434 800 427 801 427 807 427 865 433 866 433 989 424 989 418 985 379 842 381 840 380 833 375 828 376"/></Shape>
	    <String CONTENT="le tesmoingnage de Iesus: et a ce"
                    HPOS="369"
                    VPOS="375"
                    WIDTH="620"
                    HEIGHT="63"></String>
          </TextLine>

          
          
          <TextLine ID="eSc_line_d8d1c554"
                    TAGREFS="LT266"
                    BASELINE="371 472 987 465" 
                    HPOS="369"
                    VPOS="419"
                    WIDTH="618"
                    HEIGHT="65">
            <Shape><Polygon POINTS="882 420 869 420 859 420 805 429 673 422 666 423 653 423 643 423 546 431 512 424 504 424 500 424 473 434 369 434 371 472 371 484 631 474 816 478 817 478 865 472 985 477 987 465 985 429 883 419 882 420"/></Shape>
	    <String CONTENT="nous est dõnee de Dieu poͬ nostre"
                    HPOS="369"
                    VPOS="419"
                    WIDTH="618"
                    HEIGHT="65"></String>
          </TextLine>

          
          
          <TextLine ID="eSc_line_d9f4a0a5"
                    TAGREFS="LT266"
                    BASELINE="372 522 389 522 391 518 989 512" 
                    HPOS="369"
                    VPOS="465"
                    WIDTH="618"
                    HEIGHT="65">
            <Shape><Polygon POINTS="878 465 877 465 875 465 866 469 855 473 840 469 827 466 825 466 812 466 800 470 784 474 765 470 740 466 731 468 715 472 701 474 674 473 620 468 615 468 615 469 609 473 607 477 582 477 580 474 573 469 569 469 555 469 542 469 529 469 519 469 512 476 510 477 495 476 449 470 448 470 434 470 431 470 422 477 419 478 369 478 371 520 371 524 573 530 574 530 576 530 597 523 665 530 666 530 886 520 960 527 962 527 963 527 987 518 987 511 983 468 897 473 887 469 879 465 878 465"/></Shape>
	    <String CONTENT="consolation/ affin que en toutes tẽ-"
                    HPOS="369"
                    VPOS="465"
                    WIDTH="618"
                    HEIGHT="65"></String>
          </TextLine>

          
          
          <TextLine ID="eSc_line_3b99d8e4"
                    TAGREFS="LT266"
                    BASELINE="371 566 990 558" 
                    HPOS="369"
                    VPOS="514"
                    WIDTH="621"
                    HEIGHT="62">
            <Shape><Polygon POINTS="913 514 897 515 852 522 836 518 828 515 827 515 825 515 797 518 753 523 719 520 690 518 689 518 688 518 681 522 674 524 639 522 577 518 576 518 574 518 573 518 573 519 572 519 568 524 566 526 547 524 483 519 481 519 480 519 479 519 469 527 468 527 462 527 419 522 418 522 369 528 371 566 371 569 419 576 421 576 470 569 475 569 483 569 574 574 576 574 990 565 990 558 985 514 955 520 924 515 914 514 913 514"/></Shape>
	    <String CONTENT="tations ⁊ afflictions/ cõment quil"
                    HPOS="369"
                    VPOS="514"
                    WIDTH="621"
                    HEIGHT="62"></String>
          </TextLine>

          
          
          <TextLine ID="eSc_line_17c6084a"
                    TAGREFS="LT266"
                    BASELINE="372 613 989 603" 
                    HPOS="371"
                    VPOS="559"
                    WIDTH="618"
                    HEIGHT="67">
            <Shape><Polygon POINTS="978 559 964 559 951 559 937 559 933 559 833 565 828 561 816 561 807 561 792 565 775 561 775 562 762 562 750 562 744 566 693 562 681 562 668 563 654 563 641 563 599 569 371 566 372 613 372 619 442 626 443 626 481 619 487 619 489 619 511 626 512 626 514 626 542 619 549 617 551 619 557 624 557 626 558 626 560 626 561 626 562 626 587 619 588 619 597 626 599 626 600 626 601 626 632 619 647 616 662 619 684 623 685 623 686 623 697 619 708 615 717 619 728 623 730 623 731 623 811 621 812 621 824 619 848 612 875 619 885 620 886 620 902 619 946 612 987 617 989 603 985 559 978 559"/></Shape>
	    <String CONTENT="aduienne/ ⁊ que les iniques oppri-"
                    HPOS="371"
                    VPOS="559"
                    WIDTH="618"
                    HEIGHT="67"></String>
          </TextLine>

          
          
          <TextLine ID="eSc_line_1099961b"
                    TAGREFS="LT266"
                    BASELINE="372 659 1001 652" 
                    HPOS="371"
                    VPOS="607"
                    WIDTH="630"
                    HEIGHT="63">
            <Shape><Polygon POINTS="372 659 372 663 442 670 443 670 508 663 518 663 1001 663 1001 652 999 615 971 607 970 607 968 607 917 613 875 607 874 607 873 607 871 607 863 613 860 616 782 616 780 613 773 608 771 608 770 608 769 608 767 608 748 613 739 616 371 613 372 659"/></Shape>
	    <String CONTENT="ment les iustes/ nous ayons tous-"
                    HPOS="371"
                    VPOS="607"
                    WIDTH="630"
                    HEIGHT="63"></String>
          </TextLine>

          
          
          <TextLine ID="eSc_line_86b5fc44"
                    TAGREFS="LT266"
                    BASELINE="373 705 994 696" 
                    HPOS="372"
                    VPOS="654"
                    WIDTH="622"
                    HEIGHT="63">
            <Shape><Polygon POINTS="885 654 871 655 858 655 844 655 831 655 817 655 804 655 801 655 794 658 792 659 774 659 735 657 723 657 709 657 696 657 688 657 685 659 681 662 372 662 373 705 373 711 483 709 506 712 541 717 542 717 543 717 545 717 550 712 555 708 596 708 615 712 634 716 635 716 636 716 638 716 638 715 642 712 647 706 682 706 707 712 721 715 723 715 724 715 736 712 761 705 769 712 770 713 771 713 773 713 774 715 815 715 815 713 816 713 823 712 847 705 871 712 874 712 875 712 877 712 878 712 879 712 894 704 991 711 994 696 991 658 886 654 885 654"/></Shape>
	    <String CONTENT="iours nostre esperãce en Dieu/ qui"
                    HPOS="372"
                    VPOS="654"
                    WIDTH="622"
                    HEIGHT="63"></String>
          </TextLine>

          
          
          <TextLine ID="eSc_line_a4a87858"
                    TAGREFS="LT266"
                    BASELINE="376 751 923 743" 
                    HPOS="375"
                    VPOS="700"
                    WIDTH="548"
                    HEIGHT="63">
            <Shape><Polygon POINTS="739 700 738 700 730 705 724 709 669 709 662 705 651 701 645 701 641 701 632 705 627 708 601 705 576 702 564 702 553 702 534 705 497 711 477 705 473 704 469 704 456 705 450 705 407 712 375 705 376 751 376 756 416 756 418 756 425 763 426 763 427 763 429 763 464 756 475 755 923 755 923 743 920 706 823 700 821 700 820 700 797 705 792 706 785 705 753 700 739 700"/></Shape>
	    <String CONTENT="iamais nabandonne les siens."
                    HPOS="375"
                    VPOS="700"
                    WIDTH="548"
                    HEIGHT="63"></String>
          </TextLine>

          
          
          <TextLine ID="eSc_line_e61f9d5e"
                    TAGREFS="LT266"
                    BASELINE="431 800 991 787" 
                    HPOS="430"
                    VPOS="744"
                    WIDTH="561"
                    HEIGHT="68">
            <Shape><Polygon POINTS="889 744 881 744 867 750 863 751 842 750 773 746 767 746 754 746 742 746 721 751 711 754 704 751 693 747 686 747 678 747 670 751 665 754 661 751 653 747 646 748 639 748 634 751 627 755 619 751 611 748 605 748 592 748 578 748 565 748 560 748 554 752 546 756 531 752 520 750 511 750 497 750 492 750 430 752 431 800 431 812 555 802 639 806 663 808 665 808 990 797 991 787 989 750 904 750 897 744 889 744"/></Shape>
	    <String CONTENT="Il fault traicter ⁊ mener lescri-"
                    HPOS="430"
                    VPOS="744"
                    WIDTH="561"
                    HEIGHT="68"></String>
          </TextLine>

          
          
          <TextLine ID="eSc_line_aa22dbcf"
                    TAGREFS="LT266"
                    BASELINE="373 845 990 835" 
                    HPOS="372"
                    VPOS="789"
                    WIDTH="618"
                    HEIGHT="66">
            <Shape><Polygon POINTS="979 789 966 789 952 789 908 794 889 790 885 790 871 790 866 790 855 796 666 798 641 796 628 796 615 797 601 797 588 797 574 797 561 797 547 798 541 798 516 801 496 798 493 798 480 800 466 800 453 800 448 800 439 802 372 796 373 845 373 848 394 855 395 855 396 855 465 848 469 848 473 848 518 854 519 854 520 854 533 848 534 847 547 848 600 852 601 852 653 847 682 844 989 844 990 835 986 789 979 789"/></Shape>
	    <String CONTENT="pture en craĩte ⁊ reuerẽce de Dieu/"
                    HPOS="372"
                    VPOS="789"
                    WIDTH="618"
                    HEIGHT="66"></String>
          </TextLine>

          
          
          <TextLine ID="eSc_line_82c53c4e"
                    TAGREFS="LT266"
                    BASELINE="373 889 993 881" 
                    HPOS="372"
                    VPOS="840"
                    WIDTH="621"
                    HEIGHT="63">
            <Shape><Polygon POINTS="669 841 655 841 642 841 628 841 615 841 601 843 588 843 574 843 561 843 547 843 534 843 520 844 507 844 493 844 480 844 476 844 470 847 445 844 439 845 426 845 412 845 399 845 385 845 383 845 372 848 373 889 373 894 475 903 476 903 477 903 504 894 566 894 574 901 574 902 576 902 577 902 578 902 666 893 678 901 680 901 681 901 682 901 743 899 744 899 746 899 746 898 753 893 800 898 801 898 802 898 824 890 955 897 956 897 958 897 993 886 993 881 990 841 677 840 669 841"/></Shape>
	    <String CONTENT="duquel elle parle/ regardant diligẽ"
                    HPOS="372"
                    VPOS="840"
                    WIDTH="621"
                    HEIGHT="63"></String>
          </TextLine>

          
          
          <TextLine ID="eSc_line_8ae47c12"
                    TAGREFS="LT266"
                    BASELINE="375 936 991 925" 
                    HPOS="373"
                    VPOS="882"
                    WIDTH="618"
                    HEIGHT="63">
            <Shape><Polygon POINTS="886 883 873 883 859 883 854 883 846 886 833 891 796 887 773 885 771 885 770 885 769 885 769 886 766 887 762 893 697 893 672 889 658 886 657 886 655 886 654 886 651 889 646 893 623 889 605 886 604 886 603 886 592 889 569 895 539 889 527 887 526 887 507 890 448 898 373 891 375 936 375 941 600 945 601 945 603 945 620 939 622 939 627 939 681 944 682 944 715 937 719 937 723 937 758 943 759 943 761 943 782 937 788 936 796 936 833 941 835 941 991 933 991 925 989 886 890 882 886 883"/></Shape>
	    <String CONTENT="ment: non point par pieces et mor-"
                    HPOS="373"
                    VPOS="882"
                    WIDTH="618"
                    HEIGHT="63"></String>
          </TextLine>

          
          
          <TextLine ID="eSc_line_a90f7445"
                    TAGREFS="LT266"
                    BASELINE="375 983 993 972" 
                    HPOS="373"
                    VPOS="932"
                    WIDTH="620"
                    HEIGHT="62">
            <Shape><Polygon POINTS="375 983 375 987 465 987 481 994 483 994 484 994 527 986 531 986 539 986 642 991 643 991 645 991 665 984 680 991 681 991 682 991 684 991 685 991 685 990 692 983 693 983 700 983 753 990 754 990 786 982 792 982 797 982 836 988 838 988 839 988 854 982 856 982 913 987 914 987 993 979 993 972 989 932 373 936 375 983"/></Shape>
	    <String CONTENT="ceaulx: mais entierement/ conside-"
                    HPOS="373"
                    VPOS="932"
                    WIDTH="620"
                    HEIGHT="62"></String>
          </TextLine>

          
          
          <TextLine ID="eSc_line_81ddfe09"
                    TAGREFS="LT266"
                    BASELINE="376 1029 991 1018" 
                    HPOS="375"
                    VPOS="979"
                    WIDTH="616"
                    HEIGHT="62">
            <Shape><Polygon POINTS="442 983 429 983 415 983 402 983 388 983 375 983 376 1029 376 1034 419 1041 421 1041 422 1041 449 1034 457 1033 473 1034 527 1040 529 1040 530 1040 531 1040 531 1038 533 1038 535 1034 538 1032 991 1032 991 1018 987 979 446 982 442 983"/></Shape>
	    <String CONTENT="rant ce qui ua deuãt ⁊ qui sensuyt/"
                    HPOS="375"
                    VPOS="979"
                    WIDTH="616"
                    HEIGHT="62"></String>
          </TextLine>

          
          
          <TextLine ID="eSc_line_acd24c60"
                    TAGREFS="LT266"
                    BASELINE="380 1076 993 1064" 
                    HPOS="379"
                    VPOS="1021"
                    WIDTH="614"
                    HEIGHT="66">
            <Shape><Polygon POINTS="865 1021 851 1021 843 1021 785 1028 688 1024 676 1025 662 1025 649 1025 635 1025 632 1025 600 1030 589 1026 581 1026 568 1026 557 1026 500 1033 433 1029 433 1029 419 1029 406 1029 403 1029 379 1036 380 1076 380 1080 394 1087 395 1087 396 1087 453 1080 454 1080 464 1087 465 1087 466 1087 468 1087 510 1079 516 1079 523 1079 577 1086 578 1086 580 1086 581 1086 588 1079 589 1079 597 1079 694 1083 696 1083 697 1083 713 1077 724 1075 740 1077 763 1082 765 1082 786 1077 805 1073 823 1077 840 1080 842 1080 843 1080 856 1076 875 1072 892 1076 902 1079 904 1079 905 1079 993 1075 993 1064 989 1025 889 1025 877 1021 865 1021"/></Shape>
	    <String CONTENT="⁊ a quelle fin est escrit/ ⁊ a q̃lle cau-"
                    HPOS="379"
                    VPOS="1021"
                    WIDTH="614"
                    HEIGHT="66"></String>
          </TextLine>

          
          
          <TextLine ID="eSc_line_88de1a1e"
                    TAGREFS="LT266"
                    BASELINE="380 1119 990 1109" 
                    HPOS="379"
                    VPOS="1067"
                    WIDTH="611"
                    HEIGHT="66">
            <Shape><Polygon POINTS="871 1067 839 1073 829 1076 446 1076 433 1076 419 1076 406 1076 392 1076 379 1076 380 1119 381 1133 403 1126 497 1130 524 1130 526 1130 527 1130 531 1129 543 1123 560 1127 570 1130 572 1130 573 1130 616 1126 645 1123 673 1125 754 1127 755 1127 820 1119 838 1118 851 1118 908 1123 909 1123 910 1123 912 1123 912 1122 913 1122 917 1117 919 1117 964 1123 966 1123 967 1123 990 1114 990 1109 987 1073 873 1067 871 1067"/></Shape>
	    <String CONTENT="se est dict ce que lescripture cõtient/"
                    HPOS="379"
                    VPOS="1067"
                    WIDTH="611"
                    HEIGHT="66"></String>
          </TextLine>

          
          
          <TextLine ID="eSc_line_0f2818a0"
                    TAGREFS="LT266"
                    BASELINE="377 1167 990 1156" 
                    HPOS="376"
                    VPOS="1111"
                    WIDTH="614"
                    HEIGHT="61">
            <Shape><Polygon POINTS="377 1167 377 1172 990 1167 990 1156 986 1111 376 1123 377 1167"/></Shape>
	    <String CONTENT="regardant les autres lieux/ ou ce qͥ"
                    HPOS="376"
                    VPOS="1111"
                    WIDTH="614"
                    HEIGHT="61"></String>
          </TextLine>

          
          
          <TextLine ID="eSc_line_2503ed28"
                    TAGREFS="LT266"
                    BASELINE="379 1215 995 1203" 
                    HPOS="377"
                    VPOS="1157"
                    WIDTH="618"
                    HEIGHT="65">
            <Shape><Polygon POINTS="986 1161 967 1157 958 1157 950 1157 943 1162 916 1157 904 1158 900 1158 885 1164 820 1160 809 1160 796 1160 793 1160 785 1167 742 1161 728 1161 715 1161 701 1161 688 1161 678 1161 674 1162 673 1162 599 1169 589 1164 580 1164 573 1164 557 1171 511 1172 503 1165 502 1165 500 1165 499 1165 497 1165 479 1172 456 1165 445 1167 433 1167 377 1175 379 1215 379 1222 995 1210 995 1203 994 1191 986 1161"/></Shape>
	    <String CONTENT="est dict en ung passage/ sil est dict"
                    HPOS="377"
                    VPOS="1157"
                    WIDTH="618"
                    HEIGHT="65"></String>
          </TextLine>

          
          
          <TextLine ID="eSc_line_f42bac8a"
                    TAGREFS="LT266"
                    BASELINE="379 1257 994 1247" 
                    HPOS="377"
                    VPOS="1204"
                    WIDTH="617"
                    HEIGHT="96">
            <Shape><Polygon POINTS="944 1204 931 1204 917 1206 906 1206 816 1212 785 1207 782 1208 769 1208 755 1208 746 1208 703 1214 696 1210 688 1210 674 1210 673 1210 638 1216 566 1216 561 1212 553 1212 545 1212 542 1215 538 1212 526 1212 512 1214 499 1214 485 1214 472 1214 458 1214 445 1215 431 1215 419 1215 377 1219 379 1257 379 1300 518 1300 519 1300 538 1291 589 1264 620 1270 622 1270 662 1262 703 1279 726 1288 727 1288 728 1288 730 1288 769 1273 781 1269 789 1272 802 1277 804 1277 805 1277 807 1277 808 1277 808 1276 815 1270 825 1261 839 1269 854 1279 855 1279 856 1279 858 1279 859 1279 860 1279 877 1266 885 1260 908 1264 927 1266 928 1266 929 1266 931 1266 937 1261 939 1261 952 1270 954 1270 955 1270 956 1270 958 1270 994 1257 994 1247 991 1211 951 1204 944 1204"/></Shape>
	    <String CONTENT="plus clairement ⁊ ouuertemẽt/ con"
                    HPOS="377"
                    VPOS="1204"
                    WIDTH="617"
                    HEIGHT="96"></String>
          </TextLine>

          
        </TextBlock>
        
        <TextBlock HPOS="857"
                   VPOS="1256"
                   WIDTH="145"
                   HEIGHT="61"
                   ID="eSc_textblock_82205afb"
                   TAGREFS="BT1359">
          <Shape><Polygon POINTS="857 1260 863 1317 1000 1311 1002 1256"/></Shape>
          
          
          <TextLine ID="eSc_line_4e41025f"
                    TAGREFS="LT266"
                    BASELINE="870 1297 994 1295" 
                    HPOS="869"
                    VPOS="1250"
                    WIDTH="125"
                    HEIGHT="93">
            <Shape><Polygon POINTS="870 1297 870 1343 921 1343 921 1342 923 1342 924 1342 924 1341 928 1337 941 1324 993 1330 994 1295 990 1250 929 1257 916 1256 881 1252 879 1252 878 1252 877 1252 869 1256 870 1297"/></Shape>
	    <String CONTENT="ferant"
                    HPOS="869"
                    VPOS="1250"
                    WIDTH="125"
                    HEIGHT="93"></String>
          </TextLine>

          
        </TextBlock>
        
        <TextBlock HPOS="228"
                   VPOS="253"
                   WIDTH="138"
                   HEIGHT="60"
                   ID="eSc_textblock_09892347"
                   TAGREFS="BT768">
          <Shape><Polygon POINTS="230 253 228 313 366 310 366 253"/></Shape>
          
          
          <TextLine ID="eSc_line_fa5175f3"
                    TAGREFS="LT266"
                    BASELINE="234 302 366 302" 
                    HPOS="233"
                    VPOS="234"
                    WIDTH="132"
                    HEIGHT="87">
            <Shape><Polygon POINTS="233 300 233 318 364 321 365 300 364 234 233 244 233 300"/></Shape>
	    <String CONTENT="Iehã.u."
                    HPOS="233"
                    VPOS="234"
                    WIDTH="132"
                    HEIGHT="87"></String>
          </TextLine>

          
        </TextBlock>
        
        <TextBlock HPOS="224"
                   VPOS="470"
                   WIDTH="140"
                   HEIGHT="100"
                   ID="eSc_textblock_30eb8b74"
                   TAGREFS="BT768">
          <Shape><Polygon POINTS="224 470 224 570 364 570 364 470"/></Shape>
          
          
          <TextLine ID="eSc_line_07d4b535"
                    TAGREFS="LT266"
                    BASELINE="234 518 368 515" 
                    HPOS="232"
                    VPOS="458"
                    WIDTH="135"
                    HEIGHT="72">
            <Shape><Polygon POINTS="233 516 233 524 365 530 367 514 360 458 348 465 232 462 233 516"/></Shape>
	    <String CONTENT="Romaĩs"
                    HPOS="232"
                    VPOS="458"
                    WIDTH="135"
                    HEIGHT="72"></String>
          </TextLine>

          
          
          <TextLine ID="eSc_line_ee829b57"
                    TAGREFS="LT266"
                    BASELINE="234 554 298 551" 
                    HPOS="232"
                    VPOS="512"
                    WIDTH="66"
                    HEIGHT="62">
            <Shape><Polygon POINTS="272 512 259 512 257 512 232 519 234 554 234 573 298 574 298 551 295 516 279 512 272 512"/></Shape>
	    <String CONTENT="xu."
                    HPOS="232"
                    VPOS="512"
                    WIDTH="66"
                    HEIGHT="62"></String>
          </TextLine>

          
        </TextBlock>
        

        
      </PrintSpace>
    </Page>
  </Layout>
</alto>
