<?xml version="1.0" encoding="UTF-8"?>
<alto xmlns:xsi="http://www.w3.org/2001/XMLSchema-instance"
      xmlns="http://www.loc.gov/standards/alto/ns-v4#"
      xsi:schemaLocation="http://www.loc.gov/standards/alto/ns-v4# http://www.loc.gov/standards/alto/v4/alto-4-2.xsd">
  <Description>
    <MeasurementUnit>pixel</MeasurementUnit>
    <sourceImageInformation>
      <fileName>48_ca33d_default.jpg</fileName>
      <fileIdentifier>https://www.e-rara.ch/gep_g/i3f/v20/1954107/full/full/0/default.jpg</fileIdentifier>
    </sourceImageInformation>
  </Description>
  
  <Tags>
    <OtherTag ID="BT766" LABEL="DropCapitalZone" DESCRIPTION="block type DropCapitalZone"/><OtherTag ID="BT767" LABEL="MainZone" DESCRIPTION="block type MainZone"/><OtherTag ID="BT768" LABEL="MarginTextZone" DESCRIPTION="block type MarginTextZone"/><OtherTag ID="BT769" LABEL="NumberingZone" DESCRIPTION="block type NumberingZone"/><OtherTag ID="BT771" LABEL="RunningTitleZone" DESCRIPTION="block type RunningTitleZone"/><OtherTag ID="BT772" LABEL="StampZone" DESCRIPTION="block type StampZone"/><OtherTag ID="BT773" LABEL="TableZone" DESCRIPTION="block type TableZone"/><OtherTag ID="BT996" LABEL="TitlePageZone" DESCRIPTION="block type TitlePageZone"/><OtherTag ID="BT999" LABEL="GraphicZone" DESCRIPTION="block type GraphicZone"/><OtherTag ID="BT1359" LABEL="QuireMarksZone" DESCRIPTION="block type QuireMarksZone"/>
    <OtherTag ID="LT265" LABEL="HeadingLine" DESCRIPTION="line type HeadingLine"/><OtherTag ID="LT266" LABEL="DefaultLine" DESCRIPTION="line type DefaultLine"/><OtherTag ID="LT267" LABEL="DropCapitalLine" DESCRIPTION="line type DropCapitalLine"/>
  </Tags>
  
  <Layout>
    <Page WIDTH="1085"
          HEIGHT="1619"
          PHYSICAL_IMG_NR="48"
          ID="eSc_dummypage_">
      <PrintSpace HPOS="0"
                  VPOS="0"
                  WIDTH="1085"
                  HEIGHT="1619">
        
        <TextBlock HPOS="48"
                   VPOS="166"
                   WIDTH="655"
                   HEIGHT="1157"
                   ID="eSc_textblock_07a3da4c"
                   TAGREFS="BT767">
          <Shape><Polygon POINTS="48 169 81 1323 703 1294 676 166"/></Shape>
          
          
          <TextLine ID="eSc_line_cdb285ae"
                    TAGREFS="LT266"
                    BASELINE="62 225 674 215" 
                    HPOS="60"
                    VPOS="172"
                    WIDTH="614"
                    HEIGHT="65">
            <Shape><Polygon POINTS="668 176 659 176 654 176 641 176 627 176 614 176 600 176 587 176 573 176 560 175 546 175 538 175 515 178 508 178 507 178 500 175 492 175 479 175 469 175 468 176 448 178 407 182 365 182 360 178 354 172 346 172 336 178 333 179 330 178 315 172 303 172 295 172 276 178 269 172 263 172 249 172 236 172 222 172 209 172 195 174 182 174 168 174 155 175 151 175 148 178 141 186 116 186 109 178 106 175 101 176 87 176 75 176 72 176 60 183 62 225 62 228 145 237 147 237 148 237 149 237 149 236 151 236 157 228 229 228 241 234 242 234 244 234 245 234 246 234 271 226 290 234 291 234 292 234 294 234 323 225 325 225 353 225 395 225 406 233 407 233 408 233 410 233 468 223 566 230 568 230 569 230 599 221 600 221 603 221 649 229 650 229 651 229 674 219 674 215 673 205 668 176"/></Shape>
	    <String CONTENT="lieux des pasteurs, que la pure an-"
                    HPOS="60"
                    VPOS="172"
                    WIDTH="614"
                    HEIGHT="65"></String>
          </TextLine>

          
          
          <TextLine ID="eSc_line_5eecc1c2"
                    TAGREFS="LT266"
                    BASELINE="63 269 676 263" 
                    HPOS="62"
                    VPOS="217"
                    WIDTH="614"
                    HEIGHT="60">
            <Shape><Polygon POINTS="534 218 530 218 503 226 476 219 466 219 453 219 443 219 415 228 406 219 399 221 385 221 372 221 358 221 345 221 331 221 322 221 300 229 234 222 224 223 210 223 197 223 183 223 178 223 165 230 129 230 122 225 116 225 102 225 89 225 75 225 62 225 63 269 63 277 466 277 466 276 468 276 469 276 469 275 476 269 614 275 615 275 616 275 631 268 673 275 676 263 670 217 643 226 557 226 545 218 534 218"/></Shape>
	    <String CONTENT="nõciation ⁊ predication de la parol"
                    HPOS="62"
                    VPOS="217"
                    WIDTH="614"
                    HEIGHT="60"></String>
          </TextLine>

          
          
          <TextLine ID="eSc_line_8f75c647"
                    TAGREFS="LT266"
                    BASELINE="63 313 677 307" 
                    HPOS="62"
                    VPOS="264"
                    WIDTH="615"
                    HEIGHT="59">
            <Shape><Polygon POINTS="628 264 615 264 604 269 604 271 555 271 554 269 542 265 534 265 520 265 507 265 502 265 488 269 481 272 439 272 437 269 433 265 426 267 412 267 399 267 385 267 372 267 358 267 345 267 331 267 326 267 323 268 314 273 238 273 229 268 224 268 210 268 197 268 183 269 170 269 156 269 143 269 129 269 116 269 102 269 89 269 75 269 62 269 63 313 63 317 152 317 163 323 164 323 165 323 167 323 260 315 288 322 290 322 291 322 356 315 365 322 367 322 368 322 369 322 402 315 515 321 516 321 677 311 677 307 674 271 638 264 628 264"/></Shape>
	    <String CONTENT="le de Dieu, qui est la pasture des"
                    HPOS="62"
                    VPOS="264"
                    WIDTH="615"
                    HEIGHT="59"></String>
          </TextLine>

          
          
          <TextLine ID="eSc_line_dc011112"
                    TAGREFS="LT266"
                    BASELINE="66 361 677 352" 
                    HPOS="64"
                    VPOS="308"
                    WIDTH="613"
                    HEIGHT="65">
            <Shape><Polygon POINTS="618 308 604 308 591 308 577 308 547 314 514 308 510 310 496 310 483 310 481 310 458 314 446 310 442 310 429 310 423 310 410 318 365 318 352 311 348 311 334 311 331 311 317 319 298 319 288 311 280 311 267 311 253 311 240 311 236 311 233 314 229 311 226 311 213 313 199 313 186 313 172 313 159 313 145 313 132 313 118 313 105 313 91 313 80 313 79 313 78 313 64 321 66 361 66 373 160 362 354 361 383 365 410 368 411 368 530 360 565 358 580 358 658 364 659 364 661 364 677 356 677 352 674 314 628 314 620 308 618 308"/></Shape>
	    <String CONTENT="paoures ames, laquelle leur dõne"
                    HPOS="64"
                    VPOS="308"
                    WIDTH="613"
                    HEIGHT="65"></String>
          </TextLine>

          
          
          <TextLine ID="eSc_line_f01ec867"
                    TAGREFS="LT266"
                    BASELINE="64 406 595 400 674 399" 
                    HPOS="62"
                    VPOS="352"
                    WIDTH="611"
                    HEIGHT="56">
            <Shape><Polygon POINTS="611 352 568 360 535 353 534 353 520 353 515 353 504 360 495 353 493 354 480 354 466 354 453 354 439 354 438 354 361 361 342 356 331 356 318 357 304 357 298 357 291 358 271 357 264 357 251 357 237 358 224 358 210 358 197 358 195 358 190 361 165 358 156 358 143 360 129 360 116 360 102 360 98 360 62 365 63 404 63 408 672 403 673 398 670 360 612 352 611 352"/></Shape>
	    <String CONTENT="intelligence, ouurant l entẽdemẽt,"
                    HPOS="62"
                    VPOS="352"
                    WIDTH="611"
                    HEIGHT="56"></String>
          </TextLine>

          
          
          <TextLine ID="eSc_line_ae0b0a98"
                    TAGREFS="LT266"
                    BASELINE="67 453 630 446 676 449" 
                    HPOS="64"
                    VPOS="400"
                    WIDTH="610"
                    HEIGHT="57">
            <Shape><Polygon POINTS="483 400 469 400 456 402 442 402 429 402 415 402 403 402 395 404 371 412 309 412 300 406 300 404 299 404 298 404 296 404 288 406 246 412 232 406 225 403 213 403 211 403 197 406 182 410 178 407 175 404 172 404 159 404 145 404 143 404 64 407 66 451 66 457 673 456 674 447 672 402 529 411 497 411 489 403 485 400 483 400"/></Shape>
	    <String CONTENT="tirant d erreur, purifie le coeur, et"
                    HPOS="64"
                    VPOS="400"
                    WIDTH="610"
                    HEIGHT="57"></String>
          </TextLine>

          
          
          <TextLine ID="eSc_line_9ab08575"
                    TAGREFS="LT266"
                    BASELINE="68 497 676 492" 
                    HPOS="67"
                    VPOS="447"
                    WIDTH="609"
                    HEIGHT="65">
            <Shape><Polygon POINTS="593 447 580 447 574 447 561 450 539 453 518 450 510 449 499 449 488 449 487 450 480 456 315 456 309 450 296 450 283 451 279 451 260 454 241 451 229 451 215 451 202 451 188 451 175 453 172 453 136 457 129 453 121 453 107 453 94 453 80 453 67 453 68 497 68 511 160 503 174 511 175 512 176 512 178 512 179 512 180 512 182 512 182 511 183 511 192 501 228 501 265 501 275 509 275 511 276 511 277 511 279 511 280 511 284 509 313 501 421 509 434 509 435 509 437 509 438 509 462 500 512 508 522 509 523 509 524 509 529 508 554 499 585 508 587 508 588 508 589 508 591 508 592 508 609 499 674 507 676 492 672 450 615 453 604 450 597 447 593 447"/></Shape>
	    <String CONTENT="faict quõ discerne ⁊ ꝯgnoist la uoix"
                    HPOS="67"
                    VPOS="447"
                    WIDTH="609"
                    HEIGHT="65"></String>
          </TextLine>

          
          
          <TextLine ID="eSc_line_dd4c69d3"
                    TAGREFS="LT266"
                    BASELINE="70 543 635 538" 
                    HPOS="68"
                    VPOS="493"
                    WIDTH="567"
                    HEIGHT="54">
            <Shape><Polygon POINTS="581 493 570 493 564 500 547 493 546 493 545 493 543 493 530 500 446 495 445 495 385 501 380 501 379 501 367 495 365 496 352 496 348 496 345 499 330 496 325 496 311 496 309 496 302 501 299 504 244 504 240 501 226 496 217 497 203 497 190 497 179 497 175 501 172 504 170 501 163 497 163 497 149 497 136 497 126 497 68 501 70 543 70 547 635 547 635 538 632 501 591 501 581 493 581 493"/></Shape>
	    <String CONTENT="du pasteur de celle du meurtrier."
                    HPOS="68"
                    VPOS="493"
                    WIDTH="567"
                    HEIGHT="54"></String>
          </TextLine>

          
          
          <TextLine ID="eSc_line_9a82d4ee"
                    TAGREFS="LT265"
                    BASELINE="122 589 684 585" 
                    HPOS="121"
                    VPOS="534"
                    WIDTH="563"
                    HEIGHT="67">
            <Shape><Polygon POINTS="636 534 635 534 634 539 622 539 620 541 597 539 593 539 580 539 572 539 561 549 514 539 512 539 499 539 489 539 475 550 473 551 412 551 412 550 402 541 391 541 361 549 350 541 350 542 337 542 323 542 310 542 303 542 290 545 280 542 269 542 256 542 242 542 229 542 222 543 215 542 202 543 188 543 175 543 161 543 148 543 134 543 130 543 121 549 122 589 122 594 244 594 265 601 267 601 268 601 317 593 421 600 422 600 423 600 439 593 533 599 534 599 535 599 551 592 557 597 557 599 558 599 560 599 561 600 669 600 669 599 670 599 672 599 684 590 684 585 682 569 676 547"/></Shape>
	    <String CONTENT="¶Des sacremẽtz. Cha.xuiii."
                    HPOS="121"
                    VPOS="534"
                    WIDTH="563"
                    HEIGHT="67"></String>
          </TextLine>

          
          
          <TextLine ID="eSc_line_86457c7c"
                    TAGREFS="LT266"
                    BASELINE="236 644 689 639" 
                    HPOS="234"
                    VPOS="593"
                    WIDTH="455"
                    HEIGHT="64">
            <Shape><Polygon POINTS="236 644 236 657 574 657 574 655 688 646 689 639 686 607 623 607 619 605 581 593 580 593 578 593 577 593 551 604 542 607 531 603 506 594 504 594 503 594 502 594 484 603 477 605 449 601 433 600 431 600 430 600 426 601 406 609 352 609 331 600 326 597 325 597 323 597 311 600 283 605 275 599 273 597 272 597 271 597 269 597 234 597 236 644"/></Shape>
	    <String CONTENT="Es sacremẽtz sont signes"
                    HPOS="234"
                    VPOS="593"
                    WIDTH="455"
                    HEIGHT="64"></String>
          </TextLine>

          
          
          <TextLine ID="eSc_line_f3ad4b05"
                    TAGREFS="LT266"
                    BASELINE="230 696 689 686" 
                    HPOS="229"
                    VPOS="640"
                    WIDTH="460"
                    HEIGHT="66">
            <Shape><Polygon POINTS="622 640 620 640 619 640 608 648 605 648 585 643 584 643 582 643 524 650 520 650 519 650 503 643 502 643 500 643 499 643 497 643 488 651 487 651 481 651 434 644 433 644 431 644 414 652 412 652 408 652 368 646 367 646 365 646 364 646 354 652 319 647 318 647 317 647 315 647 307 654 307 655 229 655 230 696 230 706 689 694 689 686 686 647 623 640 622 640"/></Shape>
	    <String CONTENT="⁊ protestatiõs des choses"
                    HPOS="229"
                    VPOS="640"
                    WIDTH="460"
                    HEIGHT="66"></String>
          </TextLine>

          
          
          <TextLine ID="eSc_line_eacb3877"
                    TAGREFS="LT267"
                    BASELINE="84 737 220 740" 
                    HPOS="82"
                    VPOS="719"
                    WIDTH="137"
                    HEIGHT="39">
            <Shape><Polygon POINTS="83 736 82 758 218 756 219 739 219 720 83 719 83 736"/></Shape>
	    <String CONTENT="L"
                    HPOS="82"
                    VPOS="719"
                    WIDTH="137"
                    HEIGHT="39"></String>
          </TextLine>

          
          
          <TextLine ID="eSc_line_b6e0e14e"
                    TAGREFS="LT266"
                    BASELINE="240 752 690 729" 
                    HPOS="234"
                    VPOS="688"
                    WIDTH="455"
                    HEIGHT="70">
            <Shape><Polygon POINTS="558 688 553 688 551 690 547 696 485 697 470 693 461 690 450 690 438 690 435 693 431 696 422 694 407 692 396 692 384 692 376 696 363 701 349 696 342 693 341 693 340 693 338 693 327 697 310 702 303 697 299 694 298 694 296 694 295 694 234 698 238 751 238 755 342 758 344 758 345 758 368 750 372 748 380 748 415 754 416 754 497 750 499 750 500 750 500 748 502 748 506 743 507 742 516 743 554 747 555 747 557 747 578 739 581 739 587 739 627 743 628 743 689 733 689 728 684 688 578 692 574 690 570 688 558 688"/></Shape>
	    <String CONTENT="qͥ doiuent estre es fideles,"
                    HPOS="234"
                    VPOS="688"
                    WIDTH="455"
                    HEIGHT="70"></String>
          </TextLine>

          
          
          <TextLine ID="eSc_line_b203547f"
                    TAGREFS="LT266"
                    BASELINE="79 789 692 777" 
                    HPOS="78"
                    VPOS="735"
                    WIDTH="614"
                    HEIGHT="69">
            <Shape><Polygon POINTS="79 789 79 804 159 794 202 801 213 802 214 802 282 801 283 801 284 801 287 798 296 791 327 798 340 800 341 800 342 800 344 800 346 797 358 790 411 796 416 796 418 796 430 796 516 787 530 793 539 796 541 796 542 796 543 796 560 791 582 786 690 787 692 777 689 742 569 735 568 735 566 735 545 743 539 746 456 746 452 744 435 737 434 737 433 737 431 737 430 737 421 744 419 744 415 744 334 740 333 740 331 740 330 740 330 742 325 746 323 747 319 746 298 740 296 740 295 740 294 740 276 747 265 750 78 750 79 789"/></Shape>
	    <String CONTENT="seruantz ⁊ proffitans a conseruer,"
                    HPOS="78"
                    VPOS="735"
                    WIDTH="614"
                    HEIGHT="69"></String>
          </TextLine>

          
          
          <TextLine ID="eSc_line_bb88b15a"
                    TAGREFS="LT266"
                    BASELINE="79 835 689 822" 
                    HPOS="78"
                    VPOS="779"
                    WIDTH="611"
                    HEIGHT="70">
            <Shape><Polygon POINTS="605 779 604 779 603 779 597 782 584 787 566 782 557 779 550 781 549 781 545 783 538 789 515 785 495 781 491 781 491 782 487 785 480 790 456 786 427 782 423 782 414 787 406 791 398 789 384 783 383 783 375 783 361 783 349 783 349 785 342 790 341 791 336 790 309 785 307 785 222 794 205 796 198 796 156 787 151 787 137 797 136 798 78 798 79 835 79 839 106 849 107 849 109 849 161 848 163 848 164 848 176 839 329 845 330 845 331 845 354 835 414 843 415 843 416 843 446 833 483 843 484 843 485 843 487 843 514 831 580 831 600 840 601 840 603 840 604 840 626 831 663 837 665 837 666 837 689 827 689 822 685 779 630 786 614 781 607 779 605 779"/></Shape>
	    <String CONTENT="croistre ⁊ augmẽter la charite l ung"
                    HPOS="78"
                    VPOS="779"
                    WIDTH="611"
                    HEIGHT="70"></String>
          </TextLine>

          
          
          <TextLine ID="eSc_line_24dc3d4d"
                    TAGREFS="LT266"
                    BASELINE="79 881 690 867" 
                    HPOS="78"
                    VPOS="822"
                    WIDTH="612"
                    HEIGHT="75">
            <Shape><Polygon POINTS="685 824 680 824 627 836 591 827 585 825 577 825 564 825 550 827 537 827 523 827 510 827 497 827 492 831 480 839 466 832 458 828 456 828 442 828 441 828 427 833 414 839 396 835 369 829 361 829 356 829 348 837 341 843 321 843 299 840 255 832 253 832 241 832 219 841 183 833 182 833 180 833 137 847 136 847 134 847 105 835 103 835 102 835 101 835 99 835 78 847 79 881 80 897 102 887 134 895 138 895 140 895 195 894 197 894 202 893 226 883 242 891 246 893 248 893 249 893 251 893 252 893 252 891 255 890 264 881 327 881 344 887 352 890 353 890 354 890 356 890 357 890 357 889 358 889 360 886 365 879 458 878 477 882 502 887 503 887 557 886 558 886 560 886 570 878 576 875 584 878 603 885 604 885 605 885 607 885 641 875 643 875 646 875 669 883 670 883 672 883 673 883 690 874 690 867 686 822 685 824"/></Shape>
	    <String CONTENT="auec l autre. Car le chrestien est"
                    HPOS="78"
                    VPOS="822"
                    WIDTH="612"
                    HEIGHT="75"></String>
          </TextLine>

          
          
          <TextLine ID="eSc_line_5ed85531"
                    TAGREFS="LT266"
                    BASELINE="82 929 295 920 690 913" 
                    HPOS="80"
                    VPOS="870"
                    WIDTH="610"
                    HEIGHT="71">
            <Shape><Polygon POINTS="434 874 433 874 431 874 416 881 411 882 395 881 358 876 357 876 356 876 344 881 337 883 321 882 290 878 288 878 287 878 268 882 252 886 234 883 213 879 211 879 210 879 199 883 190 887 80 886 82 929 82 941 137 941 137 940 138 940 140 940 140 939 141 939 148 930 182 937 194 939 195 939 197 939 198 939 201 936 209 929 256 928 319 932 371 934 372 934 422 928 452 924 456 926 462 932 464 932 465 932 466 932 468 932 469 932 476 925 479 924 483 925 496 930 497 930 499 930 500 930 502 930 510 925 512 922 519 924 543 930 545 930 546 930 547 930 570 922 574 921 577 922 599 929 600 929 601 929 690 917 690 913 688 876 642 870 641 870 607 876 601 879 449 881 446 879 435 874 434 874"/></Shape>
	    <String CONTENT="plus esmeu de charite enuers ceulx"
                    HPOS="80"
                    VPOS="870"
                    WIDTH="610"
                    HEIGHT="71"></String>
          </TextLine>

          
          
          <TextLine ID="eSc_line_0a2a44c5"
                    TAGREFS="LT266"
                    BASELINE="83 974 697 960" 
                    HPOS="82"
                    VPOS="914"
                    WIDTH="615"
                    HEIGHT="74">
            <Shape><Polygon POINTS="203 925 191 925 82 936 83 974 83 988 174 978 198 984 202 986 203 986 205 986 217 984 265 975 295 982 306 983 307 983 309 983 314 980 329 974 365 974 376 978 385 982 387 982 388 982 390 982 407 976 421 974 431 976 448 980 449 980 450 980 488 974 508 970 608 968 612 970 627 975 628 975 630 975 631 975 632 975 642 968 646 967 696 967 697 960 693 914 450 928 429 924 408 920 407 920 406 920 404 920 399 925 394 929 327 930 319 928 310 924 309 924 307 924 306 924 292 929 287 930 271 929 211 924 203 925"/></Shape>
	    <String CONTENT="qui cõfessẽt croyre urayemẽt deuãt"
                    HPOS="82"
                    VPOS="914"
                    WIDTH="615"
                    HEIGHT="74"></String>
          </TextLine>

          
          
          <TextLine ID="eSc_line_74b60f27"
                    TAGREFS="LT266"
                    BASELINE="85 1017 696 1005" 
                    HPOS="83"
                    VPOS="963"
                    WIDTH="613"
                    HEIGHT="67">
            <Shape><Polygon POINTS="564 964 562 964 561 964 541 971 533 974 518 972 493 968 492 968 461 972 445 975 442 972 437 968 435 968 434 968 433 968 396 974 376 976 369 974 356 968 354 968 353 968 352 968 340 975 333 978 327 975 317 970 315 970 314 970 313 970 296 975 284 979 263 975 234 971 233 971 232 971 221 976 211 980 83 979 85 1017 85 1030 152 1021 209 1029 215 1029 217 1029 218 1029 221 1029 240 1021 269 1028 275 1028 276 1028 277 1028 279 1028 279 1026 291 1018 369 1024 388 1025 390 1025 391 1025 398 1024 425 1015 446 1022 453 1024 454 1024 456 1024 479 1021 530 1014 546 1019 555 1022 557 1022 558 1022 560 1022 574 1018 595 1013 608 1017 618 1021 619 1021 620 1021 694 1014 696 1005 693 970 654 963 653 963 651 963 650 963 643 970 641 972 604 972 601 971 596 966 596 964 595 964 593 964 569 964 564 964"/></Shape>
	    <String CONTENT="tous, que par la mort ⁊ passion de"
                    HPOS="83"
                    VPOS="963"
                    WIDTH="613"
                    HEIGHT="67"></String>
          </TextLine>

          
          
          <TextLine ID="eSc_line_68a150fb"
                    TAGREFS="LT266"
                    BASELINE="97 1068 699 1051" 
                    HPOS="94"
                    VPOS="1006"
                    WIDTH="605"
                    HEIGHT="76">
            <Shape><Polygon POINTS="670 1006 669 1006 620 1014 604 1007 593 1007 592 1007 564 1015 555 1017 523 1015 426 1010 418 1011 415 1011 410 1017 406 1022 371 1022 354 1017 341 1013 340 1013 338 1013 283 1013 283 1014 279 1014 277 1014 276 1014 276 1015 275 1015 273 1018 269 1022 252 1018 234 1015 233 1015 232 1015 230 1015 226 1018 215 1028 186 1028 167 1019 164 1018 163 1018 161 1018 160 1018 156 1019 141 1025 94 1021 97 1068 97 1082 165 1073 202 1077 215 1079 217 1079 218 1079 222 1077 236 1071 329 1072 396 1073 398 1073 399 1073 411 1069 421 1065 423 1068 426 1071 426 1072 427 1072 429 1072 430 1072 465 1067 484 1064 492 1065 510 1071 511 1071 512 1071 597 1067 599 1067 600 1067 607 1061 608 1060 619 1060 686 1065 688 1065 689 1065 690 1065 699 1059 699 1051 696 1013 672 1006 670 1006"/></Shape>
	    <String CONTENT="Iesus ⁊ le sang quil a espandu, ilz"
                    HPOS="94"
                    VPOS="1006"
                    WIDTH="605"
                    HEIGHT="76"></String>
          </TextLine>

          
          
          <TextLine ID="eSc_line_df01a337"
                    TAGREFS="LT266"
                    BASELINE="87 1107 701 1098" 
                    HPOS="86"
                    VPOS="1056"
                    WIDTH="615"
                    HEIGHT="63">
            <Shape><Polygon POINTS="288 1063 275 1064 261 1064 252 1064 234 1069 229 1071 221 1069 192 1065 180 1067 167 1067 153 1067 140 1068 133 1068 86 1073 87 1107 87 1119 174 1113 213 1118 229 1119 230 1119 286 1115 367 1110 398 1113 433 1115 434 1115 435 1115 445 1111 452 1109 485 1110 569 1114 570 1114 609 1106 615 1106 619 1106 666 1113 668 1113 669 1113 701 1103 701 1098 697 1056 653 1064 632 1057 627 1056 626 1056 624 1056 623 1056 618 1057 595 1065 551 1060 530 1057 529 1057 527 1057 518 1061 503 1067 483 1061 466 1059 465 1059 464 1059 452 1063 435 1068 367 1065 298 1063 288 1063"/></Shape>
	    <String CONTENT="ont remissiõ de leurs pechez; ⁊ sont"
                    HPOS="86"
                    VPOS="1056"
                    WIDTH="615"
                    HEIGHT="63"></String>
          </TextLine>

          
          
          <TextLine ID="eSc_line_fb360d1e"
                    TAGREFS="LT266"
                    BASELINE="90 1154 699 1144" 
                    HPOS="89"
                    VPOS="1099"
                    WIDTH="610"
                    HEIGHT="69">
            <Shape><Polygon POINTS="601 1100 589 1100 523 1109 483 1102 480 1102 468 1102 452 1110 403 1103 399 1103 385 1103 353 1111 333 1104 331 1104 330 1104 329 1104 327 1104 314 1113 311 1113 276 1107 275 1107 238 1114 236 1114 234 1114 225 1106 224 1106 222 1106 221 1106 219 1106 198 1113 183 1106 178 1106 163 1115 160 1117 89 1117 90 1154 90 1168 148 1161 198 1167 199 1167 201 1167 202 1167 209 1160 222 1167 224 1167 225 1167 226 1167 251 1158 273 1165 275 1165 276 1165 318 1157 379 1164 381 1164 383 1164 387 1164 469 1154 477 1161 479 1161 480 1161 481 1161 620 1152 696 1157 699 1144 696 1107 608 1099 601 1100"/></Shape>
	    <String CONTENT="transplantez du uieil hõme Adam"
                    HPOS="89"
                    VPOS="1099"
                    WIDTH="610"
                    HEIGHT="69"></String>
          </TextLine>

          
          
          <TextLine ID="eSc_line_a99658c0"
                    TAGREFS="LT266"
                    BASELINE="95 1200 704 1194" 
                    HPOS="93"
                    VPOS="1145"
                    WIDTH="610"
                    HEIGHT="67">
            <Shape><Polygon POINTS="605 1145 592 1145 585 1145 584 1145 582 1145 581 1145 576 1150 569 1156 502 1156 488 1152 465 1146 457 1146 445 1153 437 1157 376 1157 371 1154 354 1149 349 1149 338 1149 291 1156 282 1157 279 1156 265 1150 255 1150 252 1150 222 1156 213 1152 202 1152 195 1158 194 1158 192 1158 161 1152 160 1153 147 1153 144 1153 137 1160 93 1160 94 1199 95 1211 117 1206 153 1210 172 1212 174 1212 175 1212 182 1210 190 1206 197 1210 201 1212 202 1212 203 1212 205 1212 206 1212 207 1212 207 1211 210 1210 217 1203 238 1208 249 1211 251 1211 252 1211 253 1211 265 1208 286 1203 298 1207 306 1211 307 1211 309 1211 310 1211 321 1207 337 1202 360 1206 379 1210 380 1210 404 1206 425 1202 435 1204 449 1210 450 1210 452 1210 453 1210 454 1210 454 1208 460 1204 464 1200 472 1204 481 1208 483 1208 484 1208 701 1199 703 1192 699 1148 663 1153 657 1148 654 1145 653 1145 651 1145 619 1145 605 1145"/></Shape>
	    <String CONTENT="en Iesuchrist, lequel ilz confessent"
                    HPOS="93"
                    VPOS="1145"
                    WIDTH="610"
                    HEIGHT="67"></String>
          </TextLine>

          
          
          <TextLine ID="eSc_line_ab5ff5f5"
                    TAGREFS="LT266"
                    BASELINE="97 1245 699 1239" 
                    HPOS="94"
                    VPOS="1194"
                    WIDTH="603"
                    HEIGHT="55">
            <Shape><Polygon POINTS="634 1194 588 1202 581 1202 576 1202 550 1195 539 1195 537 1195 516 1202 507 1204 475 1204 472 1202 465 1195 464 1195 462 1195 461 1195 460 1195 442 1202 439 1202 435 1202 416 1196 406 1196 395 1202 387 1206 300 1206 294 1202 288 1198 283 1198 277 1198 261 1202 241 1207 205 1207 198 1202 195 1199 188 1199 186 1199 183 1202 175 1206 94 1202 95 1243 95 1249 696 1243 697 1238 694 1202 635 1194 634 1194"/></Shape>
	    <String CONTENT="uouloir suyure, ⁊ uiure a luy cõme"
                    HPOS="94"
                    VPOS="1194"
                    WIDTH="603"
                    HEIGHT="55"></String>
          </TextLine>

          
          
          <TextLine ID="eSc_line_0e2998e6"
                    TAGREFS="LT266"
                    BASELINE="98 1295 701 1280" 
                    HPOS="97"
                    VPOS="1237"
                    WIDTH="604"
                    HEIGHT="85">
            <Shape><Polygon POINTS="98 1295 98 1322 205 1322 206 1322 219 1318 265 1304 287 1304 304 1314 313 1319 314 1319 315 1319 317 1319 367 1311 426 1300 442 1307 449 1310 450 1310 452 1310 453 1310 470 1305 487 1301 491 1304 504 1314 506 1314 507 1314 508 1315 534 1315 534 1314 558 1312 560 1312 561 1312 561 1311 573 1300 577 1297 605 1299 661 1301 662 1301 701 1293 701 1280 697 1237 643 1246 508 1247 499 1242 496 1241 495 1241 493 1241 492 1241 468 1243 418 1250 407 1246 396 1241 395 1241 394 1241 392 1241 380 1246 368 1252 357 1247 344 1242 342 1242 341 1242 310 1249 300 1250 294 1249 264 1243 263 1243 261 1243 260 1243 260 1245 259 1245 255 1250 253 1252 253 1250 241 1245 240 1245 238 1245 133 1253 110 1247 109 1247 107 1247 106 1247 105 1247 97 1252 98 1295"/></Shape>
	    <String CONTENT="ses disciples; renõceantz a tout poͬ"
                    HPOS="97"
                    VPOS="1237"
                    WIDTH="604"
                    HEIGHT="85"></String>
          </TextLine>

          
        </TextBlock>
        
        <TextBlock HPOS="675"
                   VPOS="348"
                   WIDTH="140"
                   HEIGHT="110"
                   ID="eSc_textblock_45d3178d"
                   TAGREFS="BT768">
          <Shape><Polygon POINTS="681 348 675 458 815 448 815 348"/></Shape>
          
          
          <TextLine ID="eSc_line_7e52afd5"
                    TAGREFS="LT266"
                    BASELINE="685 399 817 396" 
                    HPOS="682"
                    VPOS="345"
                    WIDTH="134"
                    HEIGHT="105">
            <Shape><Polygon POINTS="684 398 684 450 816 443 816 395 812 345 682 346 684 398"/></Shape>
	    <String CONTENT="Psalme"
                    HPOS="682"
                    VPOS="345"
                    WIDTH="134"
                    HEIGHT="105"></String>
          </TextLine>

          
          
          <TextLine ID="eSc_line_ffd79ce3"
                    TAGREFS="LT266"
                    BASELINE="684 442 775 440" 
                    HPOS="681"
                    VPOS="391"
                    WIDTH="93"
                    HEIGHT="58">
            <Shape><Polygon POINTS="762 396 748 398 735 398 721 398 708 398 694 398 693 391 681 395 682 441 682 449 773 447 774 439 771 396 762 396"/></Shape>
	    <String CONTENT="xuiii."
                    HPOS="681"
                    VPOS="391"
                    WIDTH="93"
                    HEIGHT="58"></String>
          </TextLine>

          
        </TextBlock>
        
        <TextBlock HPOS="700"
                   VPOS="1146"
                   WIDTH="140"
                   HEIGHT="108"
                   ID="eSc_textblock_127755dd"
                   TAGREFS="BT768">
          <Shape><Polygon POINTS="700 1146 706 1254 840 1254 840 1149"/></Shape>
          
          
          <TextLine ID="eSc_line_1b3e4daf"
                    TAGREFS="LT266"
                    BASELINE="713 1194 841 1192" 
                    HPOS="711"
                    VPOS="1138"
                    WIDTH="129"
                    HEIGHT="61">
            <Shape><Polygon POINTS="712 1192 712 1196 838 1199 840 1191 838 1141 711 1138 712 1192"/></Shape>
	    <String CONTENT="Matth."
                    HPOS="711"
                    VPOS="1138"
                    WIDTH="129"
                    HEIGHT="61"></String>
          </TextLine>

          
          
          <TextLine ID="eSc_line_f0bc43af"
                    TAGREFS="LT266"
                    BASELINE="708 1239 779 1238" 
                    HPOS="705"
                    VPOS="1192"
                    WIDTH="73"
                    HEIGHT="66">
            <Shape><Polygon POINTS="773 1192 759 1192 746 1192 732 1192 719 1192 705 1192 707 1238 707 1247 775 1258 778 1237 775 1192 773 1192"/></Shape>
	    <String CONTENT="xui."
                    HPOS="705"
                    VPOS="1192"
                    WIDTH="73"
                    HEIGHT="66"></String>
          </TextLine>

          
        </TextBlock>
        
        <TextBlock HPOS="553"
                   VPOS="1290"
                   WIDTH="159"
                   HEIGHT="54"
                   ID="eSc_textblock_eedd9fa7"
                   TAGREFS="BT1359">
          <Shape><Polygon POINTS="553 1296 553 1344 706 1344 712 1290"/></Shape>
          
          
          <TextLine ID="eSc_line_552a7587"
                    TAGREFS="LT266"
                    BASELINE="561 1332 708 1328" 
                    HPOS="558"
                    VPOS="1285"
                    WIDTH="150"
                    HEIGHT="73">
            <Shape><Polygon POINTS="561 1332 561 1358 591 1358 591 1357 592 1357 593 1357 597 1354 611 1346 639 1349 681 1354 682 1354 684 1354 708 1342 708 1328 705 1291 609 1285 608 1285 558 1293 561 1332"/></Shape>
	    <String CONTENT="l amour"
                    HPOS="558"
                    VPOS="1285"
                    WIDTH="150"
                    HEIGHT="73"></String>
          </TextLine>

          
        </TextBlock>
        
        <TextBlock HPOS="74"
                   VPOS="600"
                   WIDTH="160"
                   HEIGHT="155"
                   ID="eSc_textblock_ba693968"
                   TAGREFS="BT766">
          <Shape><Polygon POINTS="74 600 74 750 234 755 234 600"/></Shape>
          
        </TextBlock>
        

        
      </PrintSpace>
    </Page>
  </Layout>
</alto>
