1085 1619
49 156 616 63 dauoir la chose qui est signifiee par

48 210 614 51 iceulx/ lesquelz sont cõmuns aux

48 249 614 62 bõs ⁊ aux mauuais. Ainsi q̃ toute

49 294 610 60 chose exterieure ⁊ qui est dehors/ en

48 341 613 63 laquelle ne peult estre nostre salut/

49 385 606 68 que en layãt nous soyons sauuez:

49 433 598 63 ou priuez dicelle/ soyons damnez.

52 478 610 63 Toutesfoys on ne doibt les contẽ-

48 524 606 62 ner: mais les prẽdre ⁊ en user selon

48 570 578 60 lordõnãce de nr̃e Seigñr Iesus.

97 615 568 60 Et pourtant ne fault croyre ou

48 662 614 61 pẽser que le baptesme que lhomme

48 706 615 60 dõne/ puisse sauuer: car il ny a que

51 751 607 63 ung seul sauueur Iesus: ꝑ la puis

51 798 607 65 sance du pere dõnãt le saĩct esperit.

94 847 568 60 Semblablement ne fault croyre

48 891 613 58 que pour uenir a la table de nostre

48 937 613 61 Seigñr on ayt remissiõ des pechez

47 984 614 62 ⁊ uie eternelle: ⁊ que par les sacre-

45 1030 616 60 mentz soyons asseurez ⁊ confirmez

45 1077 612 58 q̃ Dieu nous faict grace. Car noz

47 1126 614 59 pechez nous sont remis en ce seule-

47 1171 614 58 ment que croyõs que nostre Seigͬ

48 1212 617 79 est mort pour iceulx. Et auons uie

510 1266 153 64 croyans

669 1088 132 65 Romaĩs

665 1131 61 61 iiii.
