1085 1619
367 132 612 66 croyãs en luy/ ⁊ sommes faictz cer-

365 188 614 57 tains pour larre qui nous est don-

365 234 617 61 nee/ cest par le sainct esperit qui rẽd

367 279 614 60 tesmoingnage a nostre esperit que

368 325 614 62 sommes filz de Dieu cõme lescri-

369 372 613 62 pture cõtient/ mõstrant q̃ tout gist

368 419 613 55 au coeͬ par loeuure de Dieu/ ⁊ par

372 461 605 63 son don quand il nous illumine/

369 509 459 54 nous donnant uraye foy.

423 551 512 68 ¶ De la messe. Chap̃.xix.

372 590 162 200 M

529 600 454 63 Esse est institution fõdee

524 652 459 49 de telle sorte quõ ne peult

529 694 452 61 seulemẽt mõstrer sõ nom

538 743 425 58 par la saincte escripture.

373 783 613 65 Il est tout cler quelle a este cõtrou-

369 832 617 54 uee au lieu de la saincte table de no

369 876 620 64 stre Seigneur/ ⁊ ne fault grãd espe

368 922 619 62 rit poͬ cõgnoistre si elle est de Dieu

373 970 616 52 ou non. Car la saincte table de nr̃e

375 1013 611 62 Seigñr est pour entendre que tous

375 1061 614 58 sõmes ung/ ⁊ que on ne doit point

375 1111 608 58 preuenir: ains attẽdre lung lautre/

373 1152 616 56 ne laissant auoir faulte ne necessite

372 1198 619 81 aux indigens: car nous qͥ mãgeõs

881 1247 108 73 dung

230 126 134 70 Ephe.ii.

228 280 133 61 Romaĩs

229 323 74 54 uiii.

230 995 133 54 i.Corin.

233 1044 111 54 x. ⁊ .xi.
