1085 1619
353 172 619 61 quilz ne pouoient pleinement san-

354 219 617 65 ctifier) il nous en a dõne ung par-

356 263 616 64 faict ⁊ cõsõme; lequel ne peult estre

354 310 617 59 reitere, par lequel faict une foys,

357 356 620 63 tous les sanctifiez sont parfaicte-

357 403 614 58 ment racheptez. Et pourtant en

357 449 618 65 memoire de nostre Seigñr Iesus

360 493 615 69 (qui une foys a este offert poͬ noꝰ,

358 546 621 67 pour expurger noz pechez) ilz prẽ-

357 588 622 67 nent ⁊ mangent tous d ung mesme

360 635 615 67 pain, ⁊ boiuẽt d ung mesme calice,

363 677 616 69 attendãtz la triumphãte ⁊ merueil

363 728 619 61 leuse uenue de Iesus, telle cõme il

363 771 616 64 est mõte au ciel, ou il est de present,

364 818 621 71 assis a la dextre du pere, iusque a ce

367 864 615 64 que ses ennemys soyent mis soubz

368 912 614 66 ses piedz. Car l aduenemẽt du sau-

372 953 614 66 ueur ne sera point inuisible; mais

372 1002 614 62 tous le uerront cõme l esclair qͥ sort

372 1053 617 66 D oriẽt, ⁊ est ueu iusq̃ en Occidẽt.

423 1095 570 65 En la messe au lieu de rẽdre gra

372 1145 615 62 ces a Dieu pour nostre redẽption,

371 1188 622 70 le prebstre auec les assistens offrent

376 1234 617 112 pain ⁊ uin pour leur redemption ⁊

214 395 140 69 Ebrieux

217 450 59 53 ix.

215 488 127 54 l.Corin

217 531 104 65 x.⁊ xi.

222 673 139 66 Actes. i.

221 766 121 61 Coloss.

224 833 53 50 iii.

229 966 136 64 Matth.

232 1017 112 71 xxiiii.

908 1291 87 63 leur
