1085 1619
377 167 618 54 ne retourne ⁊ reuient a la pure insti

377 213 305 60 tution de Iesus.

377 257 616 69 De la messe ãplemẽt en est escrit en ung

379 310 616 52 autre petit traicte/ nõme Declaratiõ de

377 348 617 56 la Messe/ le fruict dicelle/ la cause/ ⁊ le

380 392 587 54 moyẽ/ pourquoy on la doit maintenir.

434 445 518 62 ¶ De penitence. Chap̃.xx.

364 494 171 190 P

535 491 456 56 Enitẽce/ de laq̃lle Iesus

530 534 464 65 ꝑle/ ⁊ laq̃lle il cõmãde est

529 584 462 58 chãgemẽt de uie/ change-

535 632 458 58 mẽt de ꝓpos ⁊ de courage.

411 678 582 57 Cõe si lhõe qͥ eust delibere de met-

375 721 620 64 tre a mort sõ frere par hayne/ muãt

376 767 622 68 ⁊ chãgeant propos/ par uraye cha

373 813 622 65 rite le uiẽt secourir ⁊ deliurer de la

373 860 621 62 main de ceulx qui le ueulent tuer.

379 906 615 64 Ou/ qui uouloit par parolles ou

375 951 615 59 autremẽt mettre a mal une fẽme/

376 999 617 57 tache ⁊ procure quelle uiue saincte-

376 1044 618 67 mẽt/ ⁊ seroit bien marry quelle fust

376 1094 448 54 autre que femme de bien.

423 1133 567 69 Ceste penitence est si necessaire q̃

377 1184 618 62 rien plus: car nous sommes tous

377 1230 617 70 amateurs de noꝰ mesmes ⁊ de noz

827 1276 164 65 plaisirs/

236 512 108 53 Esaie

236 551 59 70 iu.
