1085 1619
380 157 618 62 na cõmande expressemẽt (a limita

381 207 617 54 tion de quicõque soit) ne peult estre

381 249 616 55 bõne oeuure; mais mauuaise ⁊ pe-

380 295 618 55 che. Et d autant q̃lle semble estre

377 338 621 65 meilleure; d autãt est elle plus per-

380 387 617 64 nicieuse ⁊ a fuyr. Car ayãt couleur

379 431 618 65 de sainctete, tire hors de Dieu plus

377 478 620 61 facilemẽt, ⁊ plus tard l hõme se re-

376 527 619 62 tourne a Dieu, cuydãt bien faire ⁊

375 573 620 61 bien uiure. Cõme on apperceoit

375 620 618 59 aux idolatres qui prient, seruent ⁊

376 671 615 58 adorẽt autre que Dieu seul ⁊ aux

375 717 615 54 barbotteurs qui ne font que mur-

375 759 614 53 murer parolles sans entendemẽt,

373 804 618 60 honnorantz Dieu des leures auq̃l

372 849 618 64 ilz seruẽt en uain suyuãtz la doctri

372 897 552 55 ne ⁊ cõmandemẽtz des hõmes.

419 947 571 55 Aux pelerins qui cerchent Dieu

369 988 618 57 ca ⁊ la, nayãtz cure de leurs dome-

372 1036 614 54 stiques, ⁊ de ceulx que Dieu leur a

368 1084 617 54 dõnez en charge, en quoy ilz renon-

371 1127 615 60 cent la foy, ⁊ sont pires q̃ infideles.

418 1176 567 61 Et toutes gens qui ne sont con-

367 1223 618 66 tẽtz de la saincte loy de Dieu; mais

229 1025 139 61 i.Timo

226 1076 132 74 thee.ui.

825 1273 161 80 (comme
