1085 1619
52 160 620 65 ayant pitie de ceulx qui nous sont

52 210 617 58 semblables ⁊ une mesme chair cõ-

52 257 617 62 me nous; ainsi q̃ sont tous indigẽs.

98 300 568 65 Ceste ieune est aggreable a dieu,

52 349 607 57 ⁊ fort proffitable a beaucop, uoire

49 395 620 59 a tout. Mais l autre qui est exer-

49 446 617 57 cice corporel proffite a peu au pris

51 489 610 60 de la premiere. Car la secõde est poͬ

49 531 616 66 reduire la chair en seruitude en la

48 578 617 64 mortifiãt par substraction des uiã

48 623 613 65 des, laquelle ieune nest en la main

48 671 617 62 de persõne pour en disposer ⁊ ordõ-

45 717 623 58 ner fors de celuy qͥ la faict, leq̃l (sil

45 762 618 62 a l esperit de Dieu) cõgnoit quand

44 808 615 62 il fault affliger le corps ⁊ cõment;

44 856 617 62 non point tãt en electiõ ⁊ distinctiõ

45 901 617 62 de uiandes, ne de temps certain de

44 953 615 54 manger; mais en prenant moins,

47 992 614 65 ⁊ moins souuent, selon ce qͥl est ex-

45 1038 609 65 pedient, sans greuer nature affin

44 1087 595 63 quon puisse seruir a son prochain.

43 1131 622 64 Car le pere ⁊ la mere qui font telle

43 1179 619 62 abstinẽce des uiandes qͥlz ne peu-

44 1223 615 73 uent deumẽt gaigner la uie de leͬs

673 300 140 71 i.Timo.

670 352 69 64 iiii.

500 1276 154 70 enfans,
