1085 1619
55 156 622 69 affliger. Mais il a fallu q̃ ainsi

58 205 616 68 que Iesus est uenu poͬ alleger les

59 256 613 59 chargez, soulager les lassez et tra-

59 295 613 63 uaillez; aĩsi sõ aduersaire aggraue

59 344 610 67 la charge des chargez, et adiouste

59 385 341 66 trauail aux lassez.

160 434 413 63 ¶De priere ⁊ oraison.

209 481 305 62 Chapitre.xxiiii.

58 527 154 177 O

210 527 462 66 Raison, est ung ardãt par

207 578 466 62 ler auec Dieu, auquel l hõ

211 619 462 63 me ne scait quil doit dire

211 665 462 59 ne demãder; mais l esperit

60 706 610 67 qui est es fideles par grãdz gemis-

62 756 601 66 sementz quon ne scauroit dire, prie

64 801 209 53 pour nous.

99 847 574 66 En l oraison la bouche nest ia re-

59 890 613 70 quise q̃lle parle; mais le coeur seule

59 940 615 67 ment. Car ce q̃ nostre Seigͬ Iesus

59 987 615 64 nous a appris q̃ quãd nous prions

58 1034 614 58 nous deuons dire; Nostre pere qͥ es

59 1072 613 72 es cieulx ⁊c. Ce nest poĩt quõ die

60 1122 614 63 tant seulemẽt de bouche ces parol-

60 1164 612 71 les, ⁊ q̃ par icelles nous ayons ce q̃

59 1211 618 76 nous demãdons (car cela seroit cõe

677 751 140 51 Romaĩs

678 791 73 50 uiii.

686 1022 125 103 Matth.

677 1091 50 58 ui.

368 1262 48 68 E

461 1264 216 74 superstition
