1085 1619
385 163 621 63 superstition de enchanteurs) mais

388 201 618 68 cest affin quen nostre coeur nous ne

390 245 619 72 pensions de Dieu sinon cõme ceste

390 296 618 64 tresbelle oraison porte/ qͥl est nostre

392 335 614 73 pere/ ⁊ q̃ en foy uraye ⁊ bõne cõsciẽ-

392 388 616 63 ce nous allions a luy/ leuantz noz

392 433 616 66 coeurs aux choses celestes/ deman-

392 478 614 68 dantz seulemẽt ce quest contenu en

390 523 620 69 ceste tressaincte priere. Affin q̃ enten

392 570 617 68 diõs que tout ce que demandõs qui

394 617 612 67 nest contenu en icelle/ nest point se-

395 669 198 58 lon Dieu.

445 711 565 63 Et de la uiẽt que toutes les prie

394 756 615 68 res des prophetes ⁊ sainctz menez

394 798 618 65 desperit de Dieu uiẽnent sur ce qui

394 847 616 62 est demande en ceste oraison. Il

395 894 617 69 fault donc que nostre coeur sadresse

395 934 617 68 a Dieu cõme a nostre bon pere/ ⁊ qͥl

395 980 615 73 prie iceluy seul. Car la priere est le

404 1025 608 74 uray sacrifice de louenge: par leq̃l

398 1075 611 63 on donne hõneur ⁊ gloire a Dieu/

402 1122 612 69 cest que luy seul nous a peu ayder.

396 1168 618 66 Et pourtant il ueult estre honno-

395 1214 619 87 re de cestuy hõneur/ ⁊ ne ueult quil

937 1260 75 83 soit

263 1002 139 73 Psalme.

263 1056 89 63 xlix.

260 1198 108 59 Esaie

265 1238 84 55 xlii.
