1085 1619
385 167 620 66 mence a parler long temps apres le

390 209 615 68 coeur, ⁊ q̃ iamais la langue ne par-

390 256 618 63 le pour prier, si le coeur nest auec

391 302 619 67 Dieu. Car il fault regarder la di-

392 345 618 67 gnite de celuy a qͥ on parle, ⁊ ce quõ

392 393 618 68 luy dit; car sur tout il hayt hypocri-

395 441 617 63 sie. Quon demande premierement

394 487 615 68 le royaume de Dieu quil regne en

395 531 617 69 nous destruisant tout peche, met-

399 581 613 69 tant sa iustice en nous, ⁊ rien ne

396 628 267 62 nous fauldra.

454 659 563 74 ¶De aulmosne. Cha.xxu.

398 725 195 196 A

585 712 431 62 Ulmosne, est misericor-

592 759 420 66 de ⁊ cõpassion, quãd les

589 805 427 70 entrailles esmues de pi-

595 855 425 63 tie sus la paourete ⁊ ne-

403 895 618 72 cessite quon uoit en ung autre, luy

406 941 619 69 secourant ⁊ aydant. Comme si le

408 990 616 70 pere uoyãt son filz en grosse necessi

410 1036 615 64 te, son coeur ⁊ ses entrailles esmeuz

411 1079 613 69 ⁊ eschauffez par cõpassion fõt que

414 1125 614 67 soubdain il ayde ⁊ secourt a sõ filz.

412 1171 617 66 Et aussi la mere a son enfãt; telle-

408 1218 623 94 mẽt eschaussee q̃lle passeroit parmy

927 1260 108 75 le feu

265 569 129 100 Matth.

261 634 54 50 ui.

269 1104 139 79 Luc.xu.
