1085 1619
62 160 618 63 deuons bien faire a noz amys ⁊ en-

62 207 619 68 nemys, priãt Dieu pour ceulx qui

62 253 611 68 nous persecutẽt ⁊ mettẽt a mort, rẽ

63 299 609 65 dantz bien pour mal, dõnãtz a mã

66 344 618 68 ger a nostre ennemy s il a faim, et a

64 391 618 71 boire s il a soif en l aymant, ⁊ ayant

64 439 618 70 pitie ⁊ cõpassion de tous ceulx qui

66 485 618 65 ont necessite, quelz qͥlz soyent, pao-

66 528 618 71 ures, ĩgnorãtz, aueugles, detenuz

66 580 618 66 en erreur, qͥ persecutent ce qͥlz ne cõ-

68 620 614 72 gnoissent point. Et tout cecy de-

67 665 621 68 uons faire tant seulemẽt pour l hõ-

67 711 622 67 neur ⁊ gloire de nostre pere qͥ est es

70 756 616 66 cieulx, sans auoir autre considera-

70 805 616 67 tion fors q̃ d auancer son hõneur et

71 849 618 71 gloire. En luy rẽdant graces, ayãt

71 897 617 64 cõtinuelle souuenance de la grace ⁊

71 940 618 73 misericorde quil nous a faict, nous

72 986 617 66 cõformantz a luy ⁊ a sa saincte uo-

71 1033 618 69 lunte, fuyantz la louẽge du mõde,

72 1076 627 70 ne desirantz estre ueuz, affin que la

75 1123 624 71 gloire soit a Dieu seul. Ceste pitie ⁊

75 1171 619 66 affection doit estre au bien ⁊ proffit

80 1219 623 88 du prochain; cest de celuy que nostre

682 246 127 69 Romaĩs

678 296 60 60 xii.

396 1265 124 59 E iiii

708 1144 109 98 Luc.x.

560 1262 145 66 Seigñr
