1085 1619
75 677 161 182 L

70 161 618 62 trespassez/ ⁊ pour obtenir q̃lq̃ chose

74 214 615 55 de Dieu/ nest pas aumosne: ains

76 260 612 51 uraye idolatrie. Car on p̃sume sur

72 306 617 54 le cõmandemẽt de Dieu/ ⁊ ne faict

74 349 614 58 on point pour sa seule gloire ⁊ hon

74 393 616 54 neur. Mais layde quon faict par cõ

74 441 614 59 passiõ au prochain qͥ en a necessite/

74 485 615 57 le faisant tant seulemẽt pour lhon-

74 531 615 59 neur de Dieu/ cela est urayement

75 582 202 52 aulmosne.

78 617 612 60 ¶ De adorer Dieu. Chap̃.xxui.

229 671 460 54 A uraye adoratiõ de dieu/

238 715 454 58 son pur seruice/ est luy dõ

233 759 456 59 ner entieremẽt le coeur/ en

236 806 457 54 le recongnoissant cõe seul

76 849 612 63 souuerain Seigñr ⁊ maistre/ uray

76 899 616 56 Dieu ⁊ uray pere sans nul autre/

75 947 615 56 nattendant dautre salut ne uie/ ne

76 990 613 55 deliurance de noz maulx et pechez

76 1034 613 60 que de luy. Ne le cerchãt ca ne la/

76 1082 614 59 ne en la montaigne/ ne en Ierusa-

78 1134 616 51 lem/ ne en lieu q̃ ce soit: mais en espe

78 1173 618 54 rit ⁊ uerite. Car il ne le fault aller

79 1218 620 73 cercher ne demãder en aucune crea-

588 1268 100 69 ture/

703 1073 130 73 Ieh.iiii.
