1085 1619
147 178 476 62 ¶De l adoration ⁊ seruice

148 225 475 59 des sainctz. Chap̃.xxuii.

272 267 422 62 E seruice, adoration et

264 321 429 63 prieres faictes aux saĩtz

249 366 445 63 ⁊ a tous autres qui sõt

52 259 217 219 L

268 411 426 62 hors de ce mõde, est une

75 458 618 62 chose faicte sãs foy, cõtre la parolle

76 504 617 62 de Dieu. En quoy Dieu est deshõ

74 551 620 62 nore, en tãt que son hõneur est don

72 597 622 57 ne a la creature. Et faict on deshon

72 648 621 57 neur aux sainctz, pour ce q̃ contre ce

72 688 618 62 quilz ont faict, dict, ⁊ enseigne on a

71 733 618 56 recours a eulx, car ilz ne ueulent

74 781 615 62 quon ayt fiance en eulx; mais en

74 825 620 62 Dieu. Et ont deffendu selon la

72 871 613 65 ꝑolle de Dieu toutes images quon

72 921 614 63 faict pour hõnorer, ⁊ faire aucune

70 966 616 53 inclination deuant icelles, toutes

74 1010 611 65 ces offrandes, chandelles, uoeuz,

72 1059 625 59 neufuaines, ⁊ toutes ces manieres

74 1102 622 63 de faire; dequoy le mõde est de pre-

74 1149 611 62 sent tout plein, ce que nostre Seigͬ

72 1196 622 65 na point cõmande; mais la deffen-

74 1239 625 85 du, tellemẽt quil ueult q̃ ceulx qui

619 1287 75 54 ont

697 700 136 67 Act.iii.⁊

693 754 88 55 xiiii.

696 866 109 59 Exode

696 918 62 54 xx.

693 953 138 57 i.Corin.

693 1001 100 64 u.⁊.x.
