1085 1619
377 134 617 68 possible que tout ayt este si fort chã

380 180 613 65 ge et gaste; tellement quil ny soit

377 228 616 62 rien demoure pur, ainsi quil doibt

379 271 616 66 estre; ⁊ quil ne pourroit estre que en

379 317 614 62 si long tẽps il ny eust quelcun con-

379 362 614 65 tredisant, ⁊ ayãt quelque cõgnois-

380 414 614 58 sance de uerite; ueu que tant de mi

379 454 612 64 racles ont este faictz, tant de grãdz

379 501 611 62 temples ont este esleuez, tant de re-

376 549 615 62 ligions fondees ou innumerables

376 593 615 66 ont uescu; lesquelz on a estime plus

377 639 614 67 que sainctz. Car ceulx qui ont este

376 692 615 59 reputez les plus gens de bien, ont

376 732 614 65 tousiours tache les auancer ⁊ hon-

376 787 135 52 norer.

423 809 568 77 Entendez tous ceulx qui aymez

376 868 615 66 uerite; ⁊ ne uous fondez en uoz en

376 914 613 66 tẽdemens, sagesse, raison, ⁊ prudẽ-

375 968 614 57 ce; mais en Dieu, duquel le propos

376 1005 615 68 est immuable, ⁊ ce quil dit ne peult

376 1051 614 70 estre autrement. Il fault que tout

376 1096 614 68 ce quil a predict par ses seruiteurs

375 1141 616 69 aduienne. Regardez l escripture, et

383 1187 610 94 uous trouuerez q̃ tout deuoit adue

833 1234 158 66 nir ainsi
