1085 1619
74 151 615 68 nous, le seul chemin, la uie ⁊ ueri-

74 205 616 59 te, ⁊ nul autre. Nostre esperã-

75 249 613 57 ce est Dieu seul, auquel qͥ met sa cõ

78 298 604 56 fiance il est biẽheureux, ⁊ mauldict

79 349 356 57 qui la met en autre.

126 388 555 61 Les miracles ⁊ autres choses qͥ

79 438 614 55 sõt aduenues, ne nous doiuẽt mou

78 481 615 60 uoir aucunemẽt poͬ noꝰ tirer hors

79 526 620 60 de la ꝑolle de Dieu, ⁊ prẽdre autre

80 572 610 63 foy ⁊ creãce q̃ selõ la polle de Dieu.

78 619 616 60 Car ciel ⁊ terre passerõt; mais la pa

80 669 613 55 rolle de Dieu ne passera poĩt; ains

80 709 627 51 demourera eternelsemẽt. Et riẽ ne

83 754 621 63 passera qͥ soit escrit en la saĩcte escri

82 802 621 56 pture q̃ tout ne soit accõply. Nostre

82 845 621 58 bõ maistre Iesꝰ noꝰ a assez aduerty

83 901 620 51 de ces miracles qui deuoient estre

85 937 620 64 faictz au tẽps de Lãtechrist, lequel

82 983 619 62 a tout change ⁊ destruict, tellemẽt q̃

83 1030 603 56 rien nest demoure pur sur la terre.

86 1073 619 64 Et cecy deuoit uenir par faulx ꝓ-

89 1121 619 62 phetes, faulx instructeurs et do-

87 1171 625 59 cteurs de mẽsonges, qui au lieu de

86 1211 617 103 edifier par uerite ont destruictz par

694 149 100 69 Iehan

694 207 91 43 xiiii.

693 242 138 52 Psalme

697 290 50 41 xc.

693 300 131 87 Ieremie

697 365 84 57 xvii.

700 572 132 58 Matth.

705 623 130 61 u.⁊.xx-

703 661 60 56 iiii.

503 1261 198 71 mẽsonges,

716 1210 134 75 ii.Thes-

713 1266 116 66 salo.ii.
