1085 1619
371 145 618 58 mẽsonges, en faulx signes ⁊ mira-

371 192 618 58 cles pour la seduction de ceulx qui

369 236 620 60 nont creu a uerite. Car qui bien y re

371 286 616 55 garderoit on ne trouueroit aucun

373 327 618 60 uray miracle; mais toute trõperie ⁊

372 373 618 61 deception pour attraper argẽt. Et

372 420 615 57 Dieu pour les siẽs, affin quilz re-

371 469 616 51 uiẽnent ⁊ retournẽt a la lumiere de

371 512 618 60 uerite, ⁊ pour la condẽnation des

367 555 620 66 infideles, qui ne ueullent regarder

367 607 622 56 comment par auarice le seruice des

368 650 619 56 sainctz ⁊ toute telle seduction a este

365 701 622 58 introduicte, ⁊ les miracles controu

367 742 619 62 uez ⁊ faictz; na il pas demonstre a

365 787 620 61 Paris de saĩct Regnault, ⁊ au Tẽ-

363 835 623 60 ple a l image de Lancelle, ⁊ en plu-

364 881 621 62 sieurs autres lieux a reuele la faul

364 929 619 58 sete des miracles ⁊ des inuenteurs

364 972 619 58 diceulx. En quoy nous cõgnoissõs

363 1014 623 68 le iugemẽt de Dieu ⁊ sa uengeãce

364 1064 619 58 sur les idolatres, lesquelz aduertis

363 1109 618 62 de telles trõperies, ueullent neãt-

360 1156 617 64 moins ꝑseuerer en leurs iniquitez,

365 1202 614 79 sans soy retourner au uray Dieu.

800 1252 178 70 Chrestiẽs
