1085 1619
390 134 618 69 Dieu soit plus grandement loue

388 188 212 61 ⁊ honnore.

438 228 570 58 Mais de ceulx qͥ sont hors de ce

388 281 617 54 mõde, ⁊ qui dormẽt ⁊ reposẽt, quon

387 325 621 60 les incite a prier poͬ nous, cest cho-

390 369 618 64 se uaine ⁊ cõtrouuee sãs escripture.

388 415 624 63 Car cela q̃ disent les princes ⁊ cõdu

390 464 620 60 cteurs des aueugles, les docteurs

391 514 619 55 des uniuersitez, que les sainctz ont

385 555 627 62 telle charite a nous, qͥlz sõt esmeutz

390 608 622 47 a prier pour nous, quand nous les

391 655 623 51 prions ⁊ requerõs. Ie demãde, qui

391 696 622 56 leur a dict que les sainctz scauent et

392 737 622 63 cõgnoissent nostre estat, et uoyent

394 791 620 54 nostre coeͬ ⁊ desir duquel nous les

392 832 622 61 requerõs ⁊ que entendãtz noz pen-

392 879 624 55 sees ilz prient? Sil est donc ainsi

394 921 620 62 quilz prient cõme quãd ilz estoient

394 970 620 58 en ce monde ⁊ plus ardãment, exer

395 1014 619 54 ceantz ainsi charite enuers nous, cõ

395 1059 621 54 ment ne font ilz les autres oeuures

396 1104 621 64 de charite, qui sõt plus necessaires

396 1157 621 50 que priere? cõe nostre sauueur nous

396 1196 620 74 a bien dõne a entendre; cestascauoir

865 1243 151 95 prescher
