1085 1619
384 151 618 66 Iesus na point usurpe. Ilz ostent

383 198 622 62 aux peuples tout le iugement de ce

384 238 618 72 qui leur est propose, ne permettãtz

383 287 625 62 lyre, ne ouyr, fors ce qui leur plaict,

385 333 624 66 estimantz tant seulemẽt leur nom

387 379 617 63 ⁊ de leurs uniuersitez auec leur de-

385 422 620 65 termination ⁊ sentẽces cõtre ce qͥ ne

381 470 628 72 leur plaict; affin quon croye a eulx,

388 522 618 67 ⁊ quon les adore en receuãt ce quilz

385 566 621 65 disent, sans contredire, tenant tout

388 611 595 66 ce quilz disent pour article de foy.

388 657 622 71 Cecy ne peuuent porter ceulx qͥ les

390 701 619 74 cõgnoissent, ⁊ tous uoyẽt bien que

387 748 618 69 leur cas nest deument fonde; puis q̃

388 796 621 68 par leur auctorite, ⁊ a force de feu ⁊

388 843 622 62 de glaiue ilz se deffendẽt. Qui croi-

387 887 622 70 ra aussi a prebstrise ou est toute ini-

390 934 618 72 quite? aux ordres qui iamais ne ser

392 980 618 62 uẽt que de desordre. A ceulx qui

392 1025 617 70 ont ⁊ portẽt la uerite ne peult croi-

394 1073 616 62 re le paoure peuple; pourtant qͥl ya

396 1121 612 66 si lõg tẽps q̃ les tenebres ont regne,

398 1162 615 73 ⁊ que Lãtechrist (quest le pape) a si

398 1214 614 78 fort regne sur toutes gẽs, Prĩces,

881 1258 127 64 Roys,
