1085 1619
67 151 617 59 pour les cõmandemẽs du Pape ne

67 191 615 63 des euesques. Mais sil ne peult sãs

67 237 617 66 scandalizer les paoures ignorantz

68 283 617 66 par simplesse/ il ne fera sa besõgne

68 330 618 59 deuant iceulx/ attendãt quilz uien

70 375 612 64 nent a la cõgnoissance de uerite/ en

70 423 619 65 portãt la tyrãnie iusque a ce que la

68 469 622 62 lumiere du filz de Dieu le saĩct euã

74 515 616 63 gile abbate les cornes de Lante-

72 561 618 58 christ/ le destruisant par lesperit de

78 607 614 66 sa bouche. Ce que desia est fort com

75 651 618 68 mence. Pourtãt/ tous ceulx qui

75 698 617 62 aymẽt dieu doiuẽt leuer leur teste:

78 744 612 66 car le salut approche. Ung chascun

78 790 618 62 tache dautant quil repose du corps

79 835 618 66 autãt employer son esperit aux cho

83 883 611 62 ses de Dieu/ pẽsant ⁊ meditant en

83 928 613 66 sa saincte loy/ se arrestãt a sa sain-

82 970 619 72 cte parolle/ en regardant le sainct

82 1019 617 69 euãgile/ fuyãt toutes manieres exe

85 1069 616 58 crables quon a garde iusque a pre-

87 1111 614 72 sent en toute idolatrie/ blaspheme/

91 1164 390 69 paillardise ⁊ iniquite.

151 1200 556 114 Il eust este trop meilleur q̃ ung

416 1256 299 63 F .iiii. chascun
