1085 1619
402 156 623 65 moynes, religieux, ⁊ toutes telles

403 201 619 66 manieres de gẽs, ouyant les cõfes-

406 246 616 67 sions, ont sceu toute trõperie ⁊ dece

404 295 620 65 ption ⁊ toute meschancete, et puis

403 339 621 64 en ont use. Par ce moyen toute er-

403 385 622 68 reur a este persuadce au peuple, ⁊ se

404 437 621 59 Pape par les siens a faict croire ce

402 476 619 70 qu il a uoulu; ⁊ a entendu ce qui luy

402 524 622 68 estoit contraire pour l opprimer et

402 569 622 65 destruire. Qui scauroit racõ-

399 615 623 56 ꝑter ne nõbrer la grande multitude

402 663 619 65 des ames lesquelles seduictes par

400 702 621 71 icelle cõfession ont este tirees en en-

402 752 619 65 fer . Cõbien de paoures femmes mi

398 800 622 58 ses a mal; Cõbien de uierges corrõ

398 845 620 65 pues: uefues deuorces ; orphelins

398 891 619 66 destruictz. Princes empoisonnez;

398 934 619 69 pays desolez; puissances ⁊ maisons

398 982 618 66 mises a ncãt; grãdz bordeaux dhõ

396 1028 620 72 mes ⁊ de femmes fõdez sumptneu-

400 1076 375 53 sement ⁊ entretenus.

448 1122 569 67 Et le miserable monde a este si

395 1167 617 64 aueugle que en receuant ceste dãna

395 1211 615 80 ble institution, n a point considere

886 1265 124 65 qu elle
