2046 2792
66 80 1859 93 ¶ Copie de unes lettres escriptes par frere Iehan critin/ dit Bre¬

60 167 1860 68 tonniere/ Cordelier de Granson/ estãt alors a Bezenson/ addressees a frere George bourgeoys/ cor¬

62 218 1856 73 delier audict Granson/ extraictes fidellement sur Loriginal qui a este leu en leur presence/ par troys

94 274 1795 75 cõmissaires dud. lieu de Granson/ subsignans leurs noms Claude quarra/ Claude bourgeoys/

249 328 1469 79 et Pierre calameti. A cause de laquelle lettre/ noz tresredoubtez Seigneurs de

425 384 1127 85 Berne ⁊ Fribourg/ ont chasse lesd Cordeliers de Granson.

341 545 1293 84 A frere George bourgeoys soit donnee/ a Granson/ aux Cordeliers.

231 653 1698 83 On bon amy a uostre bõne grace me recõmande/ frere George mon amy/ sans oublier mes

228 716 1704 81 bons amys/ lesquelz scauez: cõme les freres du Conuent/ cõme au pere Gardian/ frere Frã¬

237 777 1695 79 coys/ frere Iehan tissot/ ⁊ frere Blaise/ ⁊ aux nouices/ ⁊ seruiteurs/ ⁊ a la mere/ ⁊ me ferez

71 829 1863 84 plaisir. Recõmandez moy a tous bons compaignons de la uille/ a monsieur le Lieutenant/ ⁊ a tous

69 888 1866 76 autres/ uous priant que soyez tousiours bon Chrestien/ ⁊ ne oubliez pas le bas/ car on sen sert poͬ le

71 941 1867 88 mestier. De mes nouuelles sachez que me porte bien poͬ le present/ ⁊ si ne lay pas oublie le bas/ leq̃l

71 1000 1872 84 scauez/ lentretenãt auec les bons cõpaignons/ cõme le uicaire de labbaye/ aussi se peult il faire/ ⁊ tout

69 1057 1876 86 poͬ bien. Lesquelles nouuelles la Coquille Dimẽche courant par led. lieu. Uous estes au passage/ la

68 1115 1874 87 ou uous en auez de demourãt/ ne prenez pas tout/ laissez q̃lque chose poͬ les autres qui uiendrõt apres.

69 1174 1874 83 Si ferez mes recõmandations aux bourgeoyses de la Coquille/ cõme la Poullatiere ⁊ aux autres/ ⁊

69 1228 1873 82 a la Patte/ lesq̃lles sont bonnes religieuses poͬ augmenter Labbaye. Den trouuer de belles/ uenez a

69 1285 1876 89 moy poͬ le present/ car nous en auons/ ⁊ plus quil nen fault. Pourquoy? le temps le porte: ⁊ si nosent

69 1340 1873 87 uenir poͬ le Camus/ leq̃l Dieu mette dehors/ priant Dieu q̃ ainsi soit il. Den plus parler cest follie.

68 1397 1880 95 Daultre chose ie ne dis/ sinon que ie men iray le plustost que ie pourray apres Pasques/ pourtant ie

66 1456 1882 92 ne uous enuoye riens/ car ie uous porteray ce que uous eusse enuoye. Et non autre chose pour le

65 1514 928 105 present/ sinõ que Dieu soit garde de uous. Amen.

1066 1505 875 88 Le tout uostre loyal amy cõfusible frere Iehan

1059 1571 883 71 critin. De Bezenson/ le ioͬ de la sepmaine/ au

1048 1625 872 87 pres des Estuues/ en diuisãt chascũ dũg escot.

159 1682 1653 103 Mon amy/ ie te recõmãde mon cas de ma chãbre/ comme uous auoye dit quand ie party.

158 1754 1067 88 Recommandez moy au Barbier de monsieur le Prieur.

758 1863 499 98 Limprimeur aux Lecteurs.

128 1974 1820 96 Uoyez mes amys/ uoyez ⁊ considerez a lhõneur de Dieu/ linfection/ lhorreur ⁊ abhomination de

77 2031 1871 101 ses paillardz/ lesquelz non seulement exercent grosse paillardise/ mais en icelle se glorifiẽt/ ⁊ a ce faire

76 2094 1872 93 incitent ⁊ prouocquent les ungz les autres/ faisans de leͬs cauernes ⁊ conuẽtz/ bordeaux publicques/

77 2145 1871 105 ⁊ fosses de larrons. O quelz paillardz/ quelz galandz moynes/ quelles pestes/ quelz fratres/ quelz

77 2208 1874 100 patres/ lesquelz encore il fault nourrir ⁊ engresser de la sueur ⁊ labeur des paoures gens/ affin que a

79 2264 1873 93 leur ayse ilz puissent mieulx ribaulder ⁊ paillarder/ o malediction. Mais regardez q̃lles epistres fran¬

77 2322 1874 100 ciscaines. Toutesfoys ce nest pas de merueilles/ car mauuais arbre ne peult porter bõ fruict. De soy

80 2379 1871 102 marier nest question/ mais bien diurongner/ de iouer/ ⁊ paillarder. Certes il est a craindre que en bref

80 2446 1874 102 la fureur ⁊ uengeãce de Dieu ne tombe sur nous/ cõme sur Sodome ⁊ Gomorre. Fuyez/ fuyez paoure

82 2503 1497 102 peuple/ fuyez uous en de Babylone/ que le iour du Seigneur ne uous surprenne.

339 2596 1269 140 ¶ Malheur sur uous ypocrites pharisiens. Matth.xxiii.

83 630 131 230 M
