1120 1501
135 100 634 76 chez de ces marchãs/ mais dune

137 155 631 75 si grãde abisme/ ⁊ ꝓdigieuse mul¬

127 213 640 73 titude/ aucũs pointz il noꝰ fault

127 268 635 83 toucher/ laissãs le residu a pẽser/

125 331 635 75 a gens de plus subtil entẽdemẽt.

183 386 576 73 Ces marchãs dõt icy est que¬

123 441 631 79 stion sõt cauteleux a merueilles/

120 502 639 75 ⁊ tant ont multiplie leur marchã

116 556 641 81 dise/ ⁊ ouuraige/ quilz nont laisse

115 615 639 75 uille ne uillage/ montaigne ne

115 674 638 79 ualle/ quilz ne ayent remply de

113 730 348 68 leurs bouticques.

175 790 572 75 Oncques ne furẽt plus fins

112 848 636 71 regnardz/ car toutes choses ont

110 904 635 79 mis soubz leur grippe/ et pour

106 964 637 72 mieulx demener leur practique/

106 1020 636 75 donnẽt a entendre que tout leur

105 1084 635 70 cas est tres grand bien/ ⁊ ne plus

105 1138 635 76 ne moins q̃ la faulce royne Iesa¬

105 1192 633 83 bel paingnoit ses yeulx ⁊ toute

394 1268 351 74 A .iiii. sa face
