1120 1502
199 85 139 67 ⁊ . Reg.

344 77 629 84 sa face de couleur rouge ⁊ aultres

340 142 634 70 sarderies, poͬ sembler belle. Ainsi

340 204 638 68 ses conuoiteux de gloire, auart

338 260 635 67 cieux marchãs, fardent leur ou-

338 319 634 70 uraige attribuãs a eulx mesmes

339 378 634 67 ce que appartient au seul dieu, cõ

337 433 633 70 me iustice, uertu, sapiẽce, pardon-

337 490 632 71 misericorde, remission de peche-

337 548 635 72 Myãs tousiours en la bouche sire

337 607 636 68 dieu: graces a dieu, au nom de

337 663 637 70 dieu, de l autorĩte de dieu, de saĩct

338 720 635 73 Pierre ⁊ sainct Paul ⁊c. Uoyla

335 778 638 71 le fard, ⁊ la paincture de leur ma

335 837 634 70 lice, aultrement ilz scaiuent bien

335 893 635 69 que de eulx on ne tiendroit cõpte-

339 953 605 65 st q̃ leur cas tãtost seroit a ruine.

394 1011 576 69 En marchandant font bonne

333 1075 636 65 myne, ⁊ se desguisẽt cõmunemẽt,

331 1127 637 70 ayãs quast tous la teste plumee-

333 1185 640 76 tondue ,ou pelee; pourtant est il

813 1246 156 80 escript-
