1119 1502
135 95 632 67 escript/ que nul ne pourra ainsi q̃

132 148 632 76 eulx marchander sil na le nom

135 206 448 68 ou marcque de la beste.

189 265 578 74 Ilz marchãdẽt/ ilz traficquẽt/

131 320 636 74 ilz uendent/ ilz reuendẽt/ ilz chã-

131 384 635 69 gent/ permutent et rechangent/

130 439 637 72 par ensemble a la grand sorte: ⁊ a

128 494 635 75 ainsi faire apprennent les ungz

128 550 638 75 les aultres/ cest leur uocation et

127 609 636 73 mestier. Leur tẽps a marchãder

128 665 635 78 est tousiours prest/ toutesfoys si

126 725 633 73 ont ilz aucunes grosses foyres/

127 781 636 76 selon le temps ⁊ la saison/ ⁊ tous-

125 841 636 71 iours aux ioꝰs de grãdes festes/

123 899 641 71 tout a lopposite daultres mar-

123 956 639 72 chans. Quand Pasques/ Pen-

123 1011 636 77 thecoste/ la Toussainctz/ Noel/ ⁊

122 1071 636 73 iours semblables que eulx mes-

122 1132 635 67 mes ont ordonne suruiẽnent/ toꝰ

123 1187 633 80 marchãs cessent fors ceulx icy:

766 217 147 69 Apoc.12.

594 1252 167 67 Car il
