1119 1502
342 90 629 65 Car il nest mestier ne marchan

340 147 632 70 dise quand il leur plaist quilz ne

340 202 632 70 faicẽt cesser/ affin que eulx tous

340 260 631 70 seulz puissent marchander ⁊ be¬

336 316 634 74 songner/ ⁊ que ung chascun leur

335 376 632 70 uiengne faire hommage/ pour¬

334 433 632 71 tãt que cela sert beaucoup a leur

335 493 213 62 gaignage.

400 549 565 61 De tous aultres marchans

334 605 631 70 sont differẽs: car on nen uoit gue

331 664 635 70 res qͥlz ne soient cõtens de q̃lque

331 722 634 69 train/ les ungz de draps/ les aul¬

330 778 635 73 tres de bestiail/ aucũs de soye ou

329 836 633 70 de metaulx/ les aultres de pain

329 893 634 72 ou de uin. Mais ceulx icy tout

329 955 634 63 en ung coup ont tout rauy/ pour

327 1010 635 71 toutes choses mettre en uẽte/ cest

326 1067 636 68 ung monde que de leur cas/ riẽs

326 1125 636 71 ne leͬ est eschappe/ dequoy a leur

327 1182 634 75 plaisir nayent marchande/ uoire

777 1244 181 72 dhõmes/
