1120 1502
338 93 639 67 traditiõs/ loix impostures/ ⁊ sãs

340 147 638 70 nombre de telles choses/ par les¬

340 210 639 65 quelles le pouure peuple est tant

340 264 635 67 abysme/ tant ronge/ tant deuore/

343 319 635 74 ⁊ de son dieu si eslonge/ quil nest

343 378 394 72 possible de le croyre.

403 435 575 66 Par telz marchãs/ parolle de

340 494 638 71 uerite est empeschee/ corrõpue/ ⁊

348 549 629 71 blasphemee/ poͬ la leur tres faul¬

342 612 632 62 ce ⁊ adulterine en toutes places

339 668 635 67 exalter/ annoncer/ ⁊ publier/ non

342 725 635 68 pas sans cheremẽt la uendre/ car

340 784 637 67 oncques parolle de procureur ou

340 847 634 54 dauocat/ de orateur ou medecin/

340 898 634 69 ne fut si chere cõme la parolle de

344 958 338 65 telz patriarches.

407 1012 570 70 Besoing seroit q̃ le grand pa¬

342 1071 632 73 steur/ nostre bon saulueur ⁊ redẽ¬

340 1132 635 70 pteur: qui de son sang nous a ra¬

340 1191 637 76 cheptez/ non par or ⁊ argent ou

196 544 137 74 2.Cor.4.

195 1201 128 71 2.Pet̃.1.

834 1249 140 84 choses
