1120 1501
150 130 637 81 choses corruptibles/ uint en puis

152 187 636 83 sance dechasser ses gros matins/

152 247 638 80 brigãs/ marchãs/ fins chãgeurs

153 305 640 79 ⁊ abuseurs/ qui occupent le tẽple

155 363 637 76 de dieu/ ce que par figure il a au¬

155 419 637 78 tresfoys faict en Hierusalem/ et

156 475 637 80 quãd son bon plaisir sera/ en uer¬

157 534 638 80 tu de son esprit/ par le glaiue de sa

160 591 634 80 saincte parolle une telle oeuure

160 662 171 69 parfera.

221 706 577 75 Las quãd sera ce q̃ nous uer¬

161 766 637 77 rõs accõply ce que dieu a promis

161 821 629 79 par son ꝓphete Zacharie: disãt/

165 880 633 79 Il ny aura plus de marchand en

163 938 640 73 la maison du seigneur dieu en ce

165 994 640 76 tour la. O iour tres desirable tãt

166 1053 637 76 heureux seront ceulx qui te uer¬

167 1111 638 74 ront/ certes cest grãd merueilles

168 1168 640 75 q̃ le monde peult soustenir ung si

170 1225 637 92 horrible ⁊ oultrageux fardeau/

799 422 120 73 Ioan.2.

798 814 139 80 zach.14.

685 1294 128 58 car il
