1120 1502
345 145 629 77 car il n y a desolation sur la terre-

345 199 628 77 qui ne soit uenue par ces espou-

343 251 611 80 uẽtables ⁊ fallacieux marchãs.

407 311 566 82 Et cõbien que leur cas soit si

340 370 630 81 merueilleux que impossible est le

340 425 629 85 scauoir plainement escripre, si

339 484 628 76 fault il aucunemẽt toucher leur

337 538 630 84 habilite, ⁊ gentilz tours de fines-

337 598 627 80 se. En leur practique sont fins et

333 654 630 84 habiles, plus sans doubte qu il

330 710 214 68 ne semble.

393 772 569 79 N est ce pas grãde habilite de

326 824 632 84 bien uendre, en uendant estre biẽ

329 886 629 80 payez, ⁊ que lachepteur finable-

321 946 633 80 ment n en aye riens fors que la

319 1001 635 82 ueue. Maistre Gõnin a grand

318 1060 632 79 peine le po᷑ roit faire, mais ceulx

316 1113 636 83 icy le ferõt bien, Quil soit ainsi

315 1172 630 84 chascũ le uoit, mais ung chascũ-

314 1231 634 83 pas ne s en apperceoit, tãt ont en-

790 1311 149 70 dormy.
