1120 1501
354 135 638 63 ti sed plumbati: sed dic nihilomi¬

354 186 635 70 nus quod possunt dici deaurati:

352 246 640 66 quia dãt plumbum ⁊ reportãt au¬

352 305 639 63 rum/ cestadire/ aucuns disent que

351 357 638 73 les messagiers du pape ne sont

352 416 636 69 point dorez mais plombez: mais

351 476 637 68 toy neãtmoins dis q̃ on les peult

351 530 636 70 dire dorez/ car ilz dõnẽt le plomb/

350 590 638 70 ⁊ emportẽt lor/ cecy se appelle be¬

351 646 636 68 sõgner a laise du corps/ a tel ou¬

349 704 635 69 urier toutes choses sont propres

347 759 636 71 a marchãder ⁊ desrober/ ⁊ poͬ son

349 819 638 69 cas mieulx pallier/ le nom de sã¬

347 874 319 67 ctissime receoit.

410 934 576 67 Dauantaige leur singuliere

346 986 638 77 habilite sest bien mõstree/ quand

346 1044 636 75 dung rien sont uenus a si grans

345 1103 639 69 biens/ quilz ont usurpe ⁊ obtenu

346 1160 645 73 pres q̃ toutes les richesses de la

345 1222 637 75 terre/ cõme royaulmes/ duchez/

825 1289 149 70 contez/
