1120 1501
140 118 635 67 contez/ principaultez/ barõnies/

137 173 641 69 uilles/ seigneuries/ rẽtes/ herita-

141 231 639 71 ges/ maisõs/ uignes/ possessiõs/ ⁊

138 291 639 66 tout ce que on peult dire. Ie suis

138 348 640 69 certes hõteux dy penser/ ilz ont

140 407 635 59 tout englouty/ tout aualle/ ilz

140 462 638 69 ont desherite princes ⁊ roys/ sei-

146 530 629 54 gneurs/ marchans/ bourgeoys ⁊

142 580 637 66 gens de tous estatz/ ⁊ tout sans

142 636 635 66 plus au cõmẽcement pour en hy-

142 691 633 65 pocrisie/ auoir bien faict la chate

141 749 636 65 mitte: mais maintenãt ilz sont

145 804 629 72 si riches ⁊ puissantz/ q̃ a force ilz

142 863 637 66 le detiẽnẽt/ ⁊ plus tost uouldroiẽt

143 920 631 65 le ciel/ la terre/ la mer/ ⁊ tout ce qͥ

143 978 636 67 est en iceulx estre ensemble mesle

147 1031 631 74 ⁊ fõdu q̃ iamais riẽs leur eschap-

146 1091 631 69 pe. Et pourtãt ilz suscitent/ il es-

146 1150 631 68 meuuẽt guerres/ debatz/ noises/

146 1207 632 72 turbations/ ilz bruslẽt/ ilz tuent/

405 1270 384 73 B .iiii. ilz perse-
