1120 1501
344 103 642 73 llz persecutẽt, ilz emprisonnẽt, ilz

346 158 636 73 deschassent a leur pouuoir tous

346 216 637 67 ceulx qͥ a eulx cõtredisent. De li

345 277 638 69 ures, ou escriptures sainctes, nõt

345 332 637 72 pas besoing pour maintenir leur

345 390 638 70 cas, mais par force le maintien-

344 449 634 68 nẽt ainsi que feroiẽt meurtriers

344 505 234 65 ct brigans.

402 562 579 74 O pesans loupz, l oupz insa-

341 621 638 71 tiables qui nauez riẽs espargne

341 676 635 73 q̃ n ayez tire soubz uostre pate, tãt

341 734 633 71 bien a sainct Paul de uous par-

340 791 633 74 le, quãd en ceste maniere il a dit.

337 851 637 72 He scay q̃ apres mon departemẽt

339 909 633 71 entrerõt loupz rauissans, qui ne

340 965 629 73 espargneront pas le troupeau.

339 1021 628 72 De telz marchãs il est escript en

336 1080 632 72 la premiere a Timothee, en Eze

340 1137 638 76 chiel, ⁊ plusieͬs autres passages.

387 1197 577 80 Sil est question diniquite, ia-

196 866 123 47 Ait.ro.

190 1069 132 59 itim̃.⁊.

192 1123 132 49 Grec.ie

188 1164 132 50 ⁊ Pet.7.

193 1204 118 63 Gude.i.

844 1273 118 64 maĩs
