1120 1501
148 115 641 70 mais entre marchãs on ne uit la

147 171 638 71 pareille/ car bons marchãs/ seu-

145 223 634 78 lemẽt presentẽt leur marchãdise/

145 285 635 75 exposant icelle pour certain pris

142 340 641 71 a qͥ la ueult/ ⁊ nul nest cõtrainct

142 400 635 72 den acheter ou prendre. Maĩs

141 459 637 70 ceulx icy font aultremẽt/ car ru-

140 512 637 74 demẽt ilz contraignẽt le monde/

140 572 635 70 ⁊ bon gre mal gre fault par leurs

140 629 633 71 senglantes mains passer/ et con

137 685 637 74 uiẽt sans nul respit a leur uolun

137 742 637 76 te leur faulce marchandise ache-

136 803 636 72 ter/ aultrement on est hereticque

137 863 632 70 prouue/ qui na argẽt/ fault qͥl en

137 914 635 74 cherche/ ⁊ ne deust il riẽs demeu

135 975 635 71 rer. Le cas est tel. Quelq̃ po-

133 1031 636 75 ure hõme sen ua mourir charge

132 1086 636 78 de fẽme ⁊ petis enfans. La chose

132 1145 637 75 est pitoyable qui requiert miseri-

132 1204 636 80 corde/ ⁊ pour la poure uefue cõso-

784 575 132 74 Esaie.1.

634 1275 129 69 ler/ on
