1120 1501
145 130 638 68 est/ mille foys ⁊ plus/ uendẽt une

145 186 638 71 mesme chose. Respõdez moy/ les

145 241 639 74 cloches du mõstier qͥ les fist fai-

145 303 634 67 re/ a qui sont elles? Pareillemẽt

145 362 632 59 la terre du tẽple/ ou du cimitiere/

142 412 631 72 a qui est elle/ dont est elle uenue?

143 472 637 69 Les ont aportees ces faulx mar

141 529 637 68 chãs? Est ce de leur paternel he-

142 589 633 68 ritaige? Il est certain que non:

140 644 635 70 mais appartiẽnẽt au peuple ⁊ pa

142 702 633 63 roissiens. Ie leur demãde dõcque

140 756 633 64 dont leuruient une telle audace/

141 816 628 67 de ainsi uẽdre le son des cloches/

141 873 627 71 qui nont pas faict faire/ ⁊ aussi qͥ

141 934 631 62 nont pas peine de sonner/ car ilz

141 989 636 62 sõt trop delicatz menestriers/ ou

142 1044 633 67 de ainsi uendre ⁊ reuẽdre la terre

141 1103 633 70 ou ilz nont rien? certes selon leur

140 1162 633 66 acoustumee facon cest une terre

143 1217 631 78 bien chere/ qui tãt de foys si iniu

606 1283 166 67 stement
