1120 1501
349 110 642 72 fiemẽt est paye/ car cest tousioͬs

347 166 644 74 a recõmencer. Ilz me respõdront

350 223 642 77 (cela ientẽdz bien) q̃ cest le droict

350 280 639 76 de leur eglise/ ce que facilemẽt ie

349 341 639 73 leur accorde: car proprement le

350 395 638 76 droict de leur eglise/ cest dempoi¬

346 454 640 70 gner/ ðscorcher/ rauir/ ⁊ desrober:

345 511 642 75 ce que en leglise de Iesuchrist ia¬

344 569 642 72 mais ne se faict. Et pourtant cõ¬

346 625 641 76 siderez pouures gẽs/ de q̃lle part

344 682 638 77 sont telz marchãs. Iesuchrist cõ¬

344 740 639 76 mãde bailler pour neãt ce quil a

341 798 641 75 dõne/ ⁊ ces meschãs en gros oul¬

341 856 638 75 traige ainsi en uiennẽt marchan

339 918 640 70 der/ par ce monstrãs appertemẽt

339 974 638 74 que auec Christ nõt riẽs cõmun.

339 1026 642 79 Monstrãs aussi estre de trop pi¬

337 1091 640 72 res que nestoient pouures cana¬

335 1147 641 72 neens/ quand la bonne Sarra en

336 1200 638 87 dieu print son repos/ car pour le

203 322 136 65 Propriũ

206 386 116 39 quarto

205 419 112 58 modo.

201 684 140 82 Mat.10.

795 1267 178 77 droict de
