1120 1501
141 110 644 70 droict de sepulture ne uouloient

141 167 641 69 rien prẽdre de Abrahã/ mais luy/

141 225 642 67 uoulãt auoir aucũ droict en icel¬

140 286 642 65 le terre/ prefigurant que quelque

138 341 641 66 iour selon la promesse diuine ue¬

138 397 641 60 ritablemẽt du tout elle seroit siẽ¬

138 455 645 67 ne/ uoulut bailler aucun argent a

140 516 643 65 Ephron filz de Seor/ pour certai¬

137 572 645 65 ne possession/ la ou estoit ung dou

138 625 639 74 ble sepulchre/ laq̃lle possessiõ luy

140 685 639 61 fut entieremẽt baillee ⁊ adiugee

138 745 640 65 en heritage/ auecques les arbres

138 800 642 70 qui y estoient: ⁊ par ainsi il est cer

138 859 645 69 tain q̃ ce pouure payen ne print

140 915 638 69 point argẽt de Abrahã poͬ neãt:

140 971 643 68 mais luy bailla ung tres bel he¬

142 1030 640 69 ritage/ ce q̃ ne fõt pas ces beaulx

142 1093 642 61 marchãs aux pouures gens/ car

146 1147 634 67 sans cesser prẽnent force argent/

146 1207 528 77 las ⁊ ne scait on pourquoy.

784 572 140 63 Geñ.23.

643 1265 142 79 Mais
