1120 1501
133 110 630 63 apres la proye, sinon le desir de

135 166 627 66 bien maintenir leur grasse soup-

135 222 629 66 pe, leur ribauldise, ou cõme il di-

138 280 627 65 sẽt leur estat, cest adire, leur gour

136 337 628 68 mãdise ⁊ trop friãde cuisine. On

136 396 629 65 le uoit bien ⁊ nul n y met remide.

137 452 630 67 Que faictes uous nobles ⁊ uer-

137 512 627 64 tueux princes, seigñrs ⁊ dames,

138 571 632 59 que n auez uous sur ces marchãs

138 624 631 66 ĩcy regard. Et nõ obstãt que par

140 682 632 65 orgueil ilz ne ueullẽt pas estre ui

142 739 631 66 sitez; si auez uous ueullẽt ou non

138 798 627 67 sur eulx autorite, ⁊ a uous appar

138 858 634 63 tient de chastier, de corriger ⁊ re-

142 919 628 59 primer les grãs exces de telz l ar

140 969 633 65 rons, faictes le donc affin qu il

138 1028 636 57 naduiẽgne que de uous soit ueri-

138 1083 637 69 fie, ce q̃ dict Esaie. Tes princes

140 1142 637 60 sontinfideles, cõpaignõs des lar

141 1202 636 75 ono; Mais plus tost q̃ en la pre-

777 804 132 65 Rom̃.v.

783 1076 123 84 Esaie..

663 1263 112 71 s ence
