1120 1501
355 125 633 70 Bref soit a la uie soit a la mort/

351 181 637 72 tousiours scauent practiquer/ en

351 237 638 76 leur cas iamais il ny a fin/ cest

352 295 393 73 tousiours a reffaire.

412 358 580 58 Et pour leur cas a leur mode

352 410 636 71 mieulx disposer/ pas ung deulx

352 469 639 65 ne se marie/ affin de plus a leur

352 522 637 80 ayse ribaulder/ de passer temps/ ⁊

355 580 362 67 uiure sans soulcy.

411 640 581 72 Cõclusion/ il fault noter que

352 697 640 71 entre une si grande cohorte de

352 756 639 73 marchãs/ il en y a de deux sortes/

354 813 638 71 toꝰ neãtmoins uiuãs en impur-

352 868 640 73 te de celibat. Desquelz aucuns

355 928 636 73 gouuernent leur cas par grosse ⁊

352 985 641 70 rude tyrãnie/ les aultres par bel-

354 1041 638 73 le hypocrisie. Les premiers sont

354 1101 637 71 ceulx qui appertemẽt cõtraignẽt

355 1157 634 72 le peuple/ pour leur marchandise

356 1215 633 75 achepter/ ⁊ ny a remide/ il fault

863 1278 124 77 passer
