1120 1502
140 116 636 74 passer par la/ ou estre par eulx

135 178 640 68 meurtry ⁊ tue/ ou pour le moins

136 229 639 73 de leur synagogue excommunie.

136 285 639 74 Les aultres qui nõt peu usurper

132 340 643 76 telle puissance de cõmãder/ sõt ue-

132 401 643 74 nus par aultre moyẽ/ cestassauoir

131 461 643 72 en apparence de pourete/ sur leur

131 514 641 76 col portãs besaces/ tant simple-

130 574 644 71 ment faisans la chate mitte/ et a

134 632 637 71 force de fines mines/ cõe Esseẽs/

129 687 642 72 Saduceens/ ou Pharisiẽs/ se sõt

129 743 643 76 uendus eulx mesmes. Aucunes-

130 801 641 75 foys ont aux malades baille leur

132 861 637 73 propre habit/ pretẽdans quelque

131 918 636 72 sanctite/ lequel toutesfoys par

129 981 636 70 apres au centuple leur est paye/

127 1030 639 77 ainsi scaiuent ilz bien sans y tou

130 1090 636 71 cher subtilement besongner et

129 1149 261 67 marchander.

189 1207 573 79 Puis on a ueu ces papelars/

390 1280 379 65 C .iii. ces fines
