1120 1502
185 265 133 64 i reg.i

328 90 640 67 se arreste au grand nombre/ a la

328 143 639 68 multitude/ a leurs richesses et

328 202 640 72 puissances/ car trop mieulx uault

330 260 637 71 oyr le seul Michee q̃ les quattre

330 317 637 69 cẽs prophetes. Le seul Helie que

334 372 630 72 tous les sacrificateurs de Baal.

330 431 638 70 Le bon ⁊ simple Symeon ⁊ lan-

329 490 638 69 ciẽne uefue Anne/ q̃ tous les pha

328 545 639 68 risiens/ sacrificateurs/ scribes et

326 607 639 63 docteurs/ qui de la maisõ de dieu

325 663 640 70 auoyent faict une spelunce de

324 717 640 72 meurtriers. Desquelz nostre sei-

326 777 638 69 gneur doint bien tost cõgnoistre

325 834 635 72 les successeurs/ a tous princes ⁊

326 891 634 70 seigneurs/ gẽs de scauoir ⁊ dau-

324 946 635 74 ctorite/ affin de bien y remedier ⁊

324 1007 636 70 pourueoir/ que la uengeance de

321 1066 633 70 dieu ne tombe sur le pouure peu-

323 1122 363 69 ple ⁊ toute la terre.

394 1185 563 75 Apres dõcques auoir aucu-

182 381 136 54 3.reg.18.

189 430 76 45 ⁊.19.

187 469 122 50 Luce.2.

815 1251 140 68 nemẽt
