<?xml version="1.0" encoding="UTF-8"?>
<alto xmlns:xsi="http://www.w3.org/2001/XMLSchema-instance"
      xmlns="http://www.loc.gov/standards/alto/ns-v4#"
      xsi:schemaLocation="http://www.loc.gov/standards/alto/ns-v4# http://www.loc.gov/standards/alto/v4/alto-4-2.xsd">
  <Description>
    <MeasurementUnit>pixel</MeasurementUnit>
    <sourceImageInformation>
      <fileName>44_1ddeb_default.jpg</fileName>
      <fileIdentifier>https://www.e-rara.ch/i3f/v20/153771/full/full/0/default.jpg</fileIdentifier>
    </sourceImageInformation>
  </Description>
  
  <Tags>
    <OtherTag ID="BT1073" LABEL="MainZone" DESCRIPTION="block type MainZone"/><OtherTag ID="BT1074" LABEL="TitlePageZone" DESCRIPTION="block type TitlePageZone"/><OtherTag ID="BT1075" LABEL="DropCapitalZone" DESCRIPTION="block type DropCapitalZone"/><OtherTag ID="BT1076" LABEL="NumberingZone" DESCRIPTION="block type NumberingZone"/><OtherTag ID="BT1077" LABEL="MarginTextZone" DESCRIPTION="block type MarginTextZone"/><OtherTag ID="BT1080" LABEL="GraphicZone" DESCRIPTION="block type GraphicZone"/><OtherTag ID="BT1081" LABEL="StampZone" DESCRIPTION="block type StampZone"/><OtherTag ID="BT1115" LABEL="QuireMarksZone" DESCRIPTION="block type QuireMarksZone"/><OtherTag ID="BT1327" LABEL="MarginTextZone:handwrittenAddition" DESCRIPTION="block type MarginTextZone:handwrittenAddition"/>
    <OtherTag ID="LT399" LABEL="DefaultLine" DESCRIPTION="line type DefaultLine"/><OtherTag ID="LT400" LABEL="HeadingLine" DESCRIPTION="line type HeadingLine"/><OtherTag ID="LT401" LABEL="DropCapitalLine" DESCRIPTION="line type DropCapitalLine"/>
  </Tags>
  
  <Layout>
    <Page WIDTH="1119"
          HEIGHT="1502"
          PHYSICAL_IMG_NR="44"
          ID="eSc_dummypage_">
      <PrintSpace HPOS="0"
                  VPOS="0"
                  WIDTH="1119"
                  HEIGHT="1502">
        
        <TextBlock HPOS="123"
                   VPOS="101"
                   WIDTH="654"
                   HEIGHT="1151"
                   ID="eSc_textblock_4f98836d"
                   TAGREFS="BT1073">
          <Shape><Polygon POINTS="128 101 123 1252 777 1244 777 101"/></Shape>
          
          
          <TextLine ID="eSc_line_fd4d24f3"
                    TAGREFS="LT399"
                    BASELINE="142 143 777 148" 
                    HPOS="141"
                    VPOS="95"
                    WIDTH="636"
                    HEIGHT="67">
            <Shape><Polygon POINTS="754 113 742 111 729 108 717 106 660 106 658 105 645 98 642 98 635 98 610 103 603 97 592 97 583 97 510 103 503 103 501 103 483 96 481 96 480 96 479 96 461 103 460 103 451 96 451 95 450 95 449 95 441 95 429 95 416 95 404 95 391 95 381 95 380 95 379 95 357 102 356 102 336 95 330 95 316 102 315 102 314 102 305 96 304 96 291 96 279 96 266 97 254 97 241 97 229 97 220 97 212 97 204 98 194 98 151 100 142 108 142 143 141 155 291 151 297 156 300 158 301 158 302 158 304 158 327 156 357 152 394 156 426 158 428 158 429 158 441 156 456 152 474 155 500 160 501 160 503 160 516 155 520 153 524 155 535 160 536 160 538 160 654 155 659 155 667 161 668 161 669 161 670 162 742 162 742 161 776 153 777 148 757 113 754 113"/></Shape>
	    <String CONTENT="nement parle de ces fins mar-"
                    HPOS="141"
                    VPOS="95"
                    WIDTH="636"
                    HEIGHT="67"></String>
          </TextLine>

          
          
          <TextLine ID="eSc_line_4fef99e7"
                    TAGREFS="LT399"
                    BASELINE="141 200 774 207" 
                    HPOS="140"
                    VPOS="150"
                    WIDTH="634"
                    HEIGHT="69">
            <Shape><Polygon POINTS="141 200 140 205 165 212 166 212 167 212 350 209 668 219 669 219 773 212 774 207 773 163 677 156 675 156 610 161 595 162 594 161 589 157 589 156 588 156 587 156 585 156 584 156 573 161 569 162 560 161 521 153 520 153 519 153 505 160 503 161 444 161 444 160 438 155 438 153 436 153 435 153 434 153 400 160 394 160 388 158 340 151 339 151 337 151 336 151 329 158 327 158 321 158 206 150 205 150 141 156 141 200"/></Shape>
	    <String CONTENT="chãs/ ie me deporte pour mainte-"
                    HPOS="140"
                    VPOS="150"
                    WIDTH="634"
                    HEIGHT="69"></String>
          </TextLine>

          
          
          <TextLine ID="eSc_line_d579c23d"
                    TAGREFS="LT399"
                    BASELINE="140 259 776 262" 
                    HPOS="138"
                    VPOS="209"
                    WIDTH="638"
                    HEIGHT="62">
            <Shape><Polygon POINTS="140 259 138 266 773 271 776 262 774 220 614 211 613 211 612 211 597 219 593 220 514 220 511 219 488 210 486 210 431 210 430 210 429 210 428 210 416 217 415 219 413 217 389 210 388 210 386 210 286 217 280 217 271 210 271 209 270 209 269 209 267 209 225 217 222 217 220 217 197 209 196 209 195 209 140 216 140 259"/></Shape>
	    <String CONTENT="nant de parler dũg grand troup-"
                    HPOS="138"
                    VPOS="209"
                    WIDTH="638"
                    HEIGHT="62"></String>
          </TextLine>

          
          
          <TextLine ID="eSc_line_58f19c73"
                    TAGREFS="LT399"
                    BASELINE="138 315 774 320" 
                    HPOS="137"
                    VPOS="266"
                    WIDTH="637"
                    HEIGHT="63">
            <Shape><Polygon POINTS="138 315 137 326 772 329 774 320 773 279 712 279 710 277 698 270 697 270 695 270 694 270 693 270 692 270 692 271 685 277 684 277 682 277 644 270 643 270 574 276 568 276 555 269 554 269 553 269 551 269 518 276 514 276 514 275 505 269 504 269 503 269 501 269 440 275 435 275 428 269 428 267 426 267 425 267 395 267 394 267 393 267 391 267 391 269 385 274 384 276 299 276 294 274 277 266 276 266 250 266 249 266 247 266 246 266 246 267 240 272 239 274 236 272 216 267 215 267 214 267 138 271 138 315"/></Shape>
	    <String CONTENT="peau de marchandes/ autant ou"
                    HPOS="137"
                    VPOS="266"
                    WIDTH="637"
                    HEIGHT="63"></String>
          </TextLine>

          
          
          <TextLine ID="eSc_line_b92885bb"
                    TAGREFS="LT399"
                    BASELINE="138 371 776 378" 
                    HPOS="137"
                    VPOS="320"
                    WIDTH="639"
                    HEIGHT="73">
            <Shape><Polygon POINTS="138 371 137 385 177 380 195 386 197 388 199 388 200 388 201 388 205 386 220 383 249 386 265 389 266 389 289 386 344 381 357 386 362 389 364 389 365 389 379 386 406 383 418 386 426 390 428 390 429 390 430 390 431 390 436 386 445 383 499 383 509 386 519 391 520 391 521 391 545 386 563 384 579 386 602 391 603 391 624 386 634 385 653 386 704 393 705 393 774 386 776 378 774 325 730 331 700 325 698 325 697 325 695 325 694 325 694 326 683 335 639 325 628 324 627 324 625 324 617 326 587 334 461 334 455 327 451 324 451 322 450 322 449 322 448 322 446 322 445 322 439 327 430 332 290 332 282 329 266 320 265 320 264 320 209 329 202 330 201 329 192 321 192 320 191 320 190 320 161 320 160 320 158 320 138 329 138 371"/></Shape>
	    <String CONTENT="plus fines que les marchãs/ les-"
                    HPOS="137"
                    VPOS="320"
                    WIDTH="639"
                    HEIGHT="73"></String>
          </TextLine>

          
          
          <TextLine ID="eSc_line_8c4a44ce"
                    TAGREFS="LT399"
                    BASELINE="137 430 772 435" 
                    HPOS="136"
                    VPOS="381"
                    WIDTH="636"
                    HEIGHT="67">
            <Shape><Polygon POINTS="137 430 136 436 152 444 153 444 155 444 267 438 282 438 285 439 292 445 294 445 295 445 296 445 297 445 317 439 319 439 320 439 331 445 332 445 334 445 362 440 371 439 395 440 460 446 461 446 533 444 609 440 617 445 619 448 620 448 622 448 623 448 637 445 662 441 769 448 772 435 771 385 743 385 742 385 740 385 739 385 723 396 562 390 560 390 519 395 495 388 483 384 481 384 480 384 479 384 463 388 440 394 425 389 416 385 415 385 414 385 413 385 401 389 386 394 378 389 367 383 366 383 365 383 300 383 299 383 297 383 279 390 272 393 267 390 244 381 242 381 241 381 137 391 137 430"/></Shape>
	    <String CONTENT="quelles se sont nõmees moynes-"
                    HPOS="136"
                    VPOS="381"
                    WIDTH="636"
                    HEIGHT="67"></String>
          </TextLine>

          
          
          <TextLine ID="eSc_line_9d24d065"
                    TAGREFS="LT399"
                    BASELINE="136 485 769 494" 
                    HPOS="135"
                    VPOS="438"
                    WIDTH="634"
                    HEIGHT="68">
            <Shape><Polygon POINTS="136 485 135 494 341 501 342 501 376 496 383 496 386 496 405 503 406 503 408 503 461 498 468 498 471 498 498 504 499 504 568 499 573 499 575 499 603 505 604 505 664 500 665 500 667 500 703 506 704 506 768 500 769 494 768 445 689 453 670 445 669 445 668 445 602 451 592 445 590 443 589 443 588 443 587 443 575 445 545 450 516 445 498 441 496 441 468 445 429 449 410 445 401 443 400 443 399 443 379 445 350 448 346 445 341 440 340 440 339 440 337 440 230 444 219 438 217 438 216 438 215 438 136 444 136 485"/></Shape>
	    <String CONTENT="ses/ nõnains/ recluses/ beguines/"
                    HPOS="135"
                    VPOS="438"
                    WIDTH="634"
                    HEIGHT="68"></String>
          </TextLine>

          
          
          <TextLine ID="eSc_line_4a7b5beb"
                    TAGREFS="LT399"
                    BASELINE="135 544 771 550" 
                    HPOS="133"
                    VPOS="494"
                    WIDTH="638"
                    HEIGHT="69">
            <Shape><Polygon POINTS="135 544 133 550 197 551 204 558 204 559 205 559 206 559 207 559 254 553 259 553 262 553 290 560 291 560 292 560 340 554 347 554 354 555 389 561 390 563 769 563 771 550 771 506 757 499 756 499 754 499 753 499 673 508 665 508 664 508 648 500 647 500 645 500 604 506 602 506 600 506 593 499 593 498 592 498 590 498 589 498 550 505 541 506 514 506 513 505 504 498 504 496 503 496 501 496 500 496 499 496 498 496 486 504 484 506 438 506 434 504 426 496 425 496 424 496 423 496 393 503 384 505 340 505 335 501 322 495 321 495 320 495 319 495 301 501 292 505 265 505 260 500 254 495 254 494 252 494 251 494 250 494 249 494 232 500 229 501 225 500 214 494 212 494 211 494 210 494 191 499 177 503 135 499 135 544"/></Shape>
	    <String CONTENT="religieuses/ chanoinesses/ ⁊ telle"
                    HPOS="133"
                    VPOS="494"
                    WIDTH="638"
                    HEIGHT="69"></String>
          </TextLine>

          
          
          <TextLine ID="eSc_line_2a672da4"
                    TAGREFS="LT399"
                    BASELINE="136 602 771 610" 
                    HPOS="135"
                    VPOS="550"
                    WIDTH="636"
                    HEIGHT="68">
            <Shape><Polygon POINTS="136 602 135 613 768 618 771 610 771 567 742 558 740 558 739 558 693 565 680 568 672 565 658 561 657 561 655 561 630 564 614 567 610 564 604 559 603 559 602 559 600 559 599 559 598 559 593 564 590 565 588 564 585 561 585 560 584 560 583 560 582 560 580 560 570 564 565 565 559 563 540 555 539 555 509 555 508 555 506 555 505 555 496 561 494 564 489 561 475 556 474 556 473 556 439 560 415 564 411 560 405 554 405 553 404 553 403 553 401 553 400 553 399 553 388 560 383 563 361 559 316 551 290 551 289 551 287 551 286 551 286 553 280 558 276 563 256 563 251 556 246 553 246 551 245 551 244 551 242 551 241 551 240 551 234 556 227 561 212 556 206 554 205 554 204 554 194 555 181 559 177 555 172 551 172 550 171 550 170 550 168 550 136 554 136 602"/></Shape>
	    <String CONTENT="sorte de uermine/ reseruant ceste"
                    HPOS="135"
                    VPOS="550"
                    WIDTH="636"
                    HEIGHT="68"></String>
          </TextLine>

          
          
          <TextLine ID="eSc_line_f8006ec4"
                    TAGREFS="LT399"
                    BASELINE="133 659 771 665" 
                    HPOS="132"
                    VPOS="610"
                    WIDTH="639"
                    HEIGHT="65">
            <Shape><Polygon POINTS="133 659 132 664 549 675 550 675 769 670 771 665 771 620 730 615 729 615 728 615 727 615 720 619 712 625 652 625 647 619 645 619 645 618 644 618 643 618 570 614 569 614 568 614 567 614 559 619 551 624 520 624 516 619 511 614 511 613 510 613 509 613 488 613 486 613 485 613 484 613 476 619 473 623 421 623 394 619 326 612 325 612 324 612 307 619 304 622 267 622 264 619 245 610 244 610 242 610 133 618 133 659"/></Shape>
	    <String CONTENT="matiere/ certes qui nest pas mai-"
                    HPOS="132"
                    VPOS="610"
                    WIDTH="639"
                    HEIGHT="65"></String>
          </TextLine>

          
          
          <TextLine ID="eSc_line_f602dcb6"
                    TAGREFS="LT399"
                    BASELINE="138 717 695 724" 
                    HPOS="137"
                    VPOS="667"
                    WIDTH="558"
                    HEIGHT="72">
            <Shape><Polygon POINTS="138 717 137 728 194 724 209 729 214 732 215 732 216 732 217 732 225 729 242 725 265 729 284 733 285 733 286 733 300 729 315 725 319 729 321 733 322 733 322 734 324 734 325 734 326 734 384 729 409 728 434 729 496 734 498 734 499 734 500 734 506 729 508 728 518 729 559 737 560 737 595 732 599 737 600 737 600 738 602 738 603 738 604 739 678 739 678 738 679 738 694 729 695 724 695 683 602 670 600 670 528 680 523 680 521 680 511 670 511 669 510 669 509 669 508 669 448 679 443 679 369 679 367 678 357 669 357 668 356 668 355 668 324 667 322 667 279 677 276 678 234 678 231 677 222 669 221 669 220 669 219 669 217 669 216 669 206 675 205 675 138 675 138 717"/></Shape>
	    <String CONTENT="gre/ pour q̃lque aultre saison."
                    HPOS="137"
                    VPOS="667"
                    WIDTH="558"
                    HEIGHT="72"></String>
          </TextLine>

          
          
          <TextLine ID="eSc_line_c7240c1b"
                    TAGREFS="LT399"
                    BASELINE="197 776 771 783" 
                    HPOS="196"
                    VPOS="725"
                    WIDTH="575"
                    HEIGHT="72">
            <Shape><Polygon POINTS="763 739 702 730 700 730 699 730 677 738 675 739 587 739 583 737 563 728 562 728 516 728 515 728 514 728 496 735 491 737 483 735 449 727 425 727 424 727 423 727 421 727 421 728 415 734 413 735 406 733 381 727 380 727 379 727 378 727 360 733 357 734 355 733 349 727 349 725 347 725 346 725 345 725 344 725 324 732 316 734 197 730 197 776 196 789 291 784 330 792 337 793 429 794 430 794 440 793 469 787 499 793 511 796 513 796 514 796 520 793 533 788 560 793 579 797 580 797 600 794 628 789 768 794 771 783 771 747 763 739"/></Shape>
	    <String CONTENT="Pour le present si iay mal (ou"
                    HPOS="196"
                    VPOS="725"
                    WIDTH="575"
                    HEIGHT="72"></String>
          </TextLine>

          
          
          <TextLine ID="eSc_line_a3054561"
                    TAGREFS="LT399"
                    BASELINE="132 831 771 839" 
                    HPOS="131"
                    VPOS="782"
                    WIDTH="640"
                    HEIGHT="71">
            <Shape><Polygon POINTS="132 831 131 843 182 838 194 846 195 846 196 846 266 847 267 847 270 847 306 839 316 847 317 847 319 847 320 847 350 841 369 848 370 848 371 848 373 848 389 841 405 848 406 848 408 848 446 842 455 849 456 849 458 849 459 849 463 849 506 844 540 851 544 851 545 851 548 851 584 843 593 851 594 851 595 851 597 851 598 851 612 844 655 851 657 851 658 851 677 844 680 849 682 849 682 851 683 851 684 851 685 851 733 846 768 853 771 839 771 798 746 789 744 789 743 789 679 797 644 789 643 789 570 794 559 787 558 787 556 787 555 787 554 787 536 794 535 794 454 786 453 786 451 786 450 786 441 793 440 793 347 793 344 792 315 783 314 783 312 783 311 783 282 791 279 791 272 791 222 782 221 782 220 782 200 788 196 789 132 788 132 831"/></Shape>
	    <String CONTENT="peu) dict/ ie remetz le tout au iu-"
                    HPOS="131"
                    VPOS="782"
                    WIDTH="640"
                    HEIGHT="71"></String>
          </TextLine>

          
          
          <TextLine ID="eSc_line_85d10bbc"
                    TAGREFS="LT399"
                    BASELINE="133 888 767 896" 
                    HPOS="132"
                    VPOS="841"
                    WIDTH="635"
                    HEIGHT="66">
            <Shape><Polygon POINTS="133 888 132 898 764 907 767 896 766 856 660 844 659 844 595 853 590 853 538 853 536 852 519 843 518 843 516 843 458 852 451 852 449 852 430 842 429 842 428 842 426 842 396 851 395 851 329 851 329 849 320 842 320 841 319 841 317 841 316 841 315 841 291 848 205 842 204 842 133 847 133 888"/></Shape>
	    <String CONTENT="gement des plus sages/ fideles"
                    HPOS="132"
                    VPOS="841"
                    WIDTH="635"
                    HEIGHT="66"></String>
          </TextLine>

          
          
          <TextLine ID="eSc_line_ef7a9c7c"
                    TAGREFS="LT399"
                    BASELINE="130 947 769 955" 
                    HPOS="128"
                    VPOS="898"
                    WIDTH="641"
                    HEIGHT="70">
            <Shape><Polygon POINTS="130 947 128 955 140 961 141 961 142 961 143 961 145 961 146 961 156 955 232 955 321 963 322 963 352 957 423 957 430 963 431 963 433 963 434 963 435 963 449 957 474 965 475 965 476 965 533 958 554 967 555 967 556 968 605 968 605 967 607 967 608 967 617 960 662 968 663 968 768 960 769 955 769 908 702 903 700 903 699 903 688 907 678 911 668 907 654 902 653 902 652 902 650 902 649 902 642 907 637 911 602 911 598 907 594 903 594 902 593 902 592 902 590 902 550 906 541 907 539 906 533 901 531 901 530 901 529 901 496 906 481 908 474 906 460 901 459 901 458 901 435 906 428 907 420 906 398 899 396 899 395 899 394 899 393 899 393 901 388 906 385 908 360 908 355 906 345 898 344 898 342 898 341 898 340 898 339 898 327 904 325 907 265 907 260 904 242 898 241 898 240 898 239 898 226 904 225 904 130 904 130 947"/></Shape>
	    <String CONTENT="amateurs de uerite/ ausquelz hũ-"
                    HPOS="128"
                    VPOS="898"
                    WIDTH="641"
                    HEIGHT="70"></String>
          </TextLine>

          
          
          <TextLine ID="eSc_line_37565224"
                    TAGREFS="LT399"
                    BASELINE="128 1005 772 1011" 
                    HPOS="127"
                    VPOS="955"
                    WIDTH="645"
                    HEIGHT="70">
            <Shape><Polygon POINTS="128 1005 127 1013 385 1022 386 1022 594 1017 597 1017 604 1023 605 1023 607 1023 608 1023 609 1023 633 1017 634 1017 638 1017 735 1025 737 1025 771 1017 772 1011 772 970 695 968 695 967 687 961 685 961 684 961 683 961 650 967 647 967 645 967 625 957 624 957 623 957 573 965 567 966 565 965 553 957 551 957 550 957 549 957 485 963 480 963 476 963 439 956 438 956 436 956 425 962 419 966 388 966 384 961 376 956 376 955 375 955 374 955 373 955 335 961 330 961 326 961 305 955 304 955 302 955 301 955 290 960 281 963 128 957 128 1005"/></Shape>
	    <String CONTENT="blement ie supplie/ accroistre/ am"
                    HPOS="127"
                    VPOS="955"
                    WIDTH="645"
                    HEIGHT="70"></String>
          </TextLine>

          
          
          <TextLine ID="eSc_line_5220436d"
                    TAGREFS="LT399"
                    BASELINE="130 1062 769 1070" 
                    HPOS="130"
                    VPOS="1016"
                    WIDTH="639"
                    HEIGHT="67">
            <Shape><Polygon POINTS="130 1062 130 1076 153 1070 167 1076 170 1077 171 1077 172 1077 180 1076 211 1070 230 1076 237 1078 239 1078 240 1078 241 1078 249 1076 266 1071 341 1076 383 1078 384 1078 406 1076 435 1072 440 1076 448 1081 449 1081 450 1081 451 1082 493 1082 493 1081 529 1076 546 1073 550 1076 560 1082 562 1082 563 1082 564 1082 565 1082 587 1076 590 1075 594 1076 614 1082 615 1082 617 1082 660 1077 712 1083 713 1083 768 1075 769 1070 769 1022 130 1016 130 1062"/></Shape>
	    <String CONTENT="plier/ ⁊ dilater ce q̃ tãt briefuemẽt"
                    HPOS="130"
                    VPOS="1016"
                    WIDTH="639"
                    HEIGHT="67"></String>
          </TextLine>

          
          
          <TextLine ID="eSc_line_62a5a42c"
                    TAGREFS="LT399"
                    BASELINE="130 1118 767 1127" 
                    HPOS="128"
                    VPOS="1070"
                    WIDTH="639"
                    HEIGHT="75">
            <Shape><Polygon POINTS="130 1118 128 1125 173 1137 175 1137 176 1137 177 1137 207 1127 245 1134 246 1134 247 1134 267 1129 280 1137 281 1137 282 1137 284 1139 284 1137 285 1137 286 1137 299 1129 321 1140 322 1140 403 1141 404 1141 405 1141 425 1134 523 1134 533 1141 533 1142 534 1142 535 1142 536 1142 637 1134 698 1145 699 1145 700 1145 702 1145 714 1135 766 1135 767 1127 767 1085 747 1077 746 1077 744 1077 699 1085 694 1085 687 1085 605 1076 604 1076 562 1082 559 1082 558 1082 534 1075 533 1075 531 1075 500 1081 495 1082 494 1081 481 1073 480 1073 479 1073 478 1073 476 1073 475 1073 464 1081 459 1081 403 1072 401 1072 365 1080 360 1081 316 1081 315 1078 307 1072 307 1071 306 1071 305 1071 304 1071 267 1077 261 1078 254 1077 220 1070 219 1070 130 1075 130 1118"/></Shape>
	    <String CONTENT="iay uoulu passer/ craignãt aux le"
                    HPOS="128"
                    VPOS="1070"
                    WIDTH="639"
                    HEIGHT="75"></String>
          </TextLine>

          
          
          <TextLine ID="eSc_line_70814a6f"
                    TAGREFS="LT399"
                    BASELINE="128 1176 763 1184" 
                    HPOS="127"
                    VPOS="1131"
                    WIDTH="636"
                    HEIGHT="71">
            <Shape><Polygon POINTS="128 1176 127 1184 234 1197 235 1199 274 1199 274 1197 275 1197 301 1187 551 1201 553 1201 649 1191 660 1201 660 1202 662 1202 663 1202 664 1202 762 1191 763 1184 763 1144 551 1144 545 1141 526 1135 525 1135 524 1135 466 1140 451 1141 450 1140 446 1135 445 1135 445 1134 444 1134 443 1134 441 1134 359 1139 340 1140 335 1139 314 1132 312 1132 311 1132 250 1137 237 1139 232 1137 211 1131 210 1131 209 1131 128 1136 128 1176"/></Shape>
	    <String CONTENT="cteurs dõner ennuy/ par mon ru-"
                    HPOS="127"
                    VPOS="1131"
                    WIDTH="636"
                    HEIGHT="71"></String>
          </TextLine>

          
          
          <TextLine ID="eSc_line_54d55af4"
                    TAGREFS="LT399"
                    BASELINE="131 1236 463 1244" 
                    HPOS="130"
                    VPOS="1185"
                    WIDTH="333"
                    HEIGHT="82">
            <Shape><Polygon POINTS="131 1236 130 1257 152 1261 153 1261 155 1261 156 1261 156 1260 158 1259 167 1250 185 1250 205 1260 210 1262 211 1262 212 1262 214 1262 215 1262 215 1261 216 1260 224 1252 269 1252 286 1262 287 1262 289 1262 290 1262 292 1262 330 1254 360 1264 370 1267 371 1267 373 1267 461 1266 463 1244 463 1200 414 1199 409 1191 408 1191 408 1190 406 1190 405 1190 404 1190 403 1190 381 1197 380 1197 325 1197 322 1196 291 1187 290 1187 289 1187 287 1187 265 1195 264 1195 204 1195 202 1194 190 1185 189 1185 187 1185 186 1185 131 1191 131 1236"/></Shape>
	    <String CONTENT="sticque langaige."
                    HPOS="130"
                    VPOS="1185"
                    WIDTH="333"
                    HEIGHT="82"></String>
          </TextLine>

          
        </TextBlock>
        
        <TextBlock HPOS="625"
                   VPOS="1252"
                   WIDTH="141"
                   HEIGHT="69"
                   ID="eSc_textblock_e454b775"
                   TAGREFS="BT1115">
          <Shape><Polygon POINTS="625 1257 625 1321 761 1321 766 1252"/></Shape>
          
          
          <TextLine ID="eSc_line_ef1817f1"
                    TAGREFS="LT399"
                    BASELINE="638 1305 761 1301" 
                    HPOS="637"
                    VPOS="1251"
                    WIDTH="124"
                    HEIGHT="87">
            <Shape><Polygon POINTS="748 1257 735 1255 723 1255 714 1254 705 1260 689 1252 685 1252 673 1252 660 1251 649 1251 647 1254 637 1276 638 1305 638 1338 660 1338 660 1336 662 1336 672 1331 690 1321 712 1324 729 1326 730 1326 732 1326 761 1315 761 1301 759 1265 748 1257"/></Shape>
	    <String CONTENT="Il me"
                    HPOS="637"
                    VPOS="1251"
                    WIDTH="124"
                    HEIGHT="87"></String>
          </TextLine>

          
        </TextBlock>
        

        
      </PrintSpace>
    </Page>
  </Layout>
</alto>
