1120 1502
413 90 565 60 Iͥl me suffist auoir aucune-

350 145 629 62 ment mõstre le mal qui tãt nous

350 200 629 69 blesse, pour seulemẽt dõner occa-

352 259 626 70 siõa gẽs de bon desir, de cy apres

350 314 630 72 ung peu plus y aduiser. Esperãt

349 375 631 66 finablement par la bonte du pe-

348 433 634 67 re de misericorde, quelque bonne

347 488 632 71 deliurãce, leq̃l par sa grace nous

347 545 632 64 uueille tous deliurer des tene-

348 602 632 67 bres derreur, de faulsete, de idola

348 659 632 71 trie ⁊ infidelite, en laquelle som-

347 719 632 68 mes miserablement tõbez, pour-

347 781 633 65 tant que nous auons delaisse sa

348 834 630 68 pure ct saincte parolle, suyuans

348 893 630 69 noz opinions ⁊ folles fantasies.

350 952 625 63 Car Sathan le tentateur enne-

347 1007 631 68 my de nostre salut par cautelle se

345 1066 635 68 transfigurant en ange de lumie-

348 1122 631 69 re soubz umbre ⁊ couleur de ueri-

352 1184 626 81 te, tousiours contreuient a la uo-

201 955 144 58 .. forĩ.ii.

851 1250 124 56 l unte
