1120 1502
324 105 633 68 estre accusez manifestemẽt dinfi

323 158 635 72 delite ⁊ de malice/ attendu la san

323 216 634 70 ctite ⁊ grande excellence diceluy/

323 275 636 70 par lequel dieu auoit faict oeu-

321 332 639 72 ures si admirables: car les hom-

323 393 637 67 mes folz/ sans iugement/ regar-

323 448 639 67 dent les oeuures des sainctz tant

324 506 638 64 seulement ⁊ oublient celuy qui

323 565 636 67 par eulx faict telles oeuures.

324 622 640 66 Certes soubz telle apparence et

320 677 640 68 couleur de bien/ le diable eut en ce

319 733 641 70 lieu la grãdemẽt triumphe/ ainsi

321 792 637 70 que despuis il a faict/ ⁊ de iour en

321 851 637 68 tour tache faire en plusieurs

321 906 638 67 lieux. Tesmoing sainct Re-

323 963 637 72 gnault a Paris. Le dieu des Ia-

323 1022 635 70 copins a Berne/ ⁊ aultres ĩfinitz

323 1078 636 71 abus. Las que dhorreur il est sur

321 1140 637 69 uenu en luniuersel monde/ par

323 1197 630 77 ce moyen/ les marchans ont bien

809 1262 143 66 gratte/
