1120 1502
369 155 636 76 cõmuer/ changer/ cõseruer/ ⁊ trãs-

369 212 638 73 porter/ plusieͬs sortes de marchã-

368 267 640 80 dises dũg lieu en aultre/ selõ lexi-

373 331 636 72 gence du tẽps/ ⁊ necessite du peu-

373 388 638 72 ple. Ausquelz loyaulx marchans

374 443 639 73 est bien licite cõme a bons ⁊ fide-

374 500 642 75 les seruiteurs de la chose cõmu-

374 559 640 74 ne/ moderement gaigner ⁊ proffi-

378 617 641 75 ter sur leur marchãdise pour len-

379 677 640 67 tretenement de leur estat/ de leur

380 732 641 79 personne ⁊ famille/ mais que ilz

382 791 637 71 marchandent en toute loyaulte/

384 847 640 75 sans circonuention ⁊ dõmage de

385 907 638 71 leur prochain/ sans tromperie ou

385 962 637 76 aucune deception: car si en eulx

387 1017 640 78 nest trouuee fidelite/ ⁊ entiere ue-

390 1076 633 74 ritr/ ilz ne sont pas marchans/

389 1135 637 75 mais plus tost affectez larrons/

393 1201 398 68 si cauteleux galans.

457 1247 576 93 Cest estat dont ie parle/ autãt

240 899 140 79 1.thes.4.

903 1314 124 72 que en
