1119 1502
351 95 632 63 prins/ quand au lieu de fideles

351 150 635 69 seruiteurs de dieu/ qui debuoient

350 206 635 70 cõduire ⁊ enseigner le pouure mõ

349 262 633 72 de a la uoye de salut/ sont entrez

350 320 632 73 non par lhuys qui est Iesuchrist/

352 381 630 60 mais par uiolence ont mõte par

349 438 633 67 autre lieu/ faulx imposteurs. Et

352 493 626 68 (cõme sainct Pierre dit) maistres

347 549 634 71 mẽsongiers/ introduisans sectes

350 610 631 68 de perdition/ renonceãs le seigñr

349 667 631 68 qui les a racheptez/ blasphemãs

347 725 634 66 la uoye de uerite/ lesquelz en aua

346 783 629 69 rice par fainctes parolles de noꝰ

347 842 630 65 ont marchande/ car telz ouuriers

346 894 632 67 diniquite/ nont riẽs oublie/ riẽs

346 955 636 70 obmis/ riens delaisse/ dequoy par

347 1015 634 63 cauteleuses inuẽtions ne ayent

346 1068 632 67 marchãde a leur plaisir ⁊ uouloir.

411 1126 569 71 Il nest esprit quil sceut cõprẽ¬

349 1184 632 82 dre ne lãgue declarer/ toꝰ les mar¬

210 376 132 64 Ioan.10.

205 499 137 68 2.Pet̃.2.

819 1241 161 77 chez de
