1014 1413
135 242 197 40 M

339 84 520 56 On frere ⁊ meilleur amy ap̃s

335 129 525 64 mestre recõmande a uous de

334 176 524 64 tresbon coeur/ iay receu uoz

328 222 528 62 letres/ et de mon pouuoir ay

138 269 719 58 faict ainsi que mauez escrit. Et affin que

138 314 718 63 uous puissiez faire plaisir a Messieurs

135 361 721 61 qui uoluntiers oyẽt ce qui est faict en au¬

134 413 722 50 tre part: iay prins peine dauoir tout au

136 452 715 62 uray ce qͥ a este faict en ceste uille de quoy

131 498 722 63 il est si grand bruyt/ a cause de la dispute

133 542 720 64 faicte ces iours passez. Et pour entrer

130 589 722 63 en matiere Le samedy deuãt Noel arriua

134 637 716 62 ung de ces nouueaux p̃scheurs/ qui pres¬

129 682 721 64 chent es terres de Berne: ⁊ le dimẽche au

129 730 720 62 matin ung herault enuoye de Messieurs

129 775 717 59 de Berne auec lr̃es adressãtes aux Syn¬

128 826 715 55 diques ⁊ conseil de Geneue. Sur quoy

124 867 721 63 les prestres firẽt leurs assemblees. Et le

126 914 718 63 procureur Fiscal de Leuesque fit faire cõ

124 960 714 65 mandement de maison en maison/ quon

124 1005 714 67 fust prest en armes poͬ maintenir la foy

124 1053 716 63 ⁊ soy trouuer a Leuesche/ ou conuindrent

124 1102 715 61 grãd nombre tant de p̃stres que dautres.

122 1145 718 63 Et dõnoit on a boire largemẽt/ ⁊ chascũ

123 1192 717 89 promettoit faire bon deuoir. Et cecy fut

547 1241 292 71 A .iiii. faict
