1020 1417
164 70 723 65 faict tout le Dimẽche ⁊ le Lũdy iusques

163 122 723 58 apres disner/ puis tous sortirent de Le¬

163 167 723 60 uesche en armes ayans leurs bastons: et

165 211 714 64 uindrẽt en gros nõbre a la place du Mo

161 259 720 63 lart. De quoy plusieurs disoient: Les

163 303 721 61 prestres ⁊ les moynes sont ilz uenuz hõ¬

161 354 723 59 mes de guerre? fault il q̃ pour ung hõme

160 397 721 62 ilz soient ainsi armez? ne le pourroiẽt ilz

163 443 718 63 par raisons ⁊ escriptures cõuaincre sans

161 494 719 59 uenir aux bastons? De lautre part/

160 539 720 60 auoir entẽdu la menee des p̃stres/ on re¬

160 583 714 62 tira le p̃scheur du logis ou il estoit: affin

161 628 718 66 que uiolence ne luy fust faicte/ ⁊ fut en la

160 673 719 63 maison dũg bourgeois de la uille/ en la¬

160 720 719 64 quelle se retirerẽt aucuns pour eulx gar¬

160 766 721 62 der de lentreprinse des p̃stres ⁊ se mirent

160 811 719 67 en ordre. Et auoir entẽdu q̃ les prestres

160 857 719 66 auec grosse bende estoient au Molart/ ilz

160 904 719 67 sortirẽt en la rue en ordre: cõbien (cõme ay

164 954 717 63 peu entendre) quilz eussent este prie de ne

161 998 719 65 sortir point/ ⁊ de ne courir sus les autres.

160 1043 720 68 Ce quon ne peult obtenir/ fors qͥlz dirent/

163 1089 722 68 que point ne feroiẽt desplaisir a ꝑsonne si

163 1137 719 65 lon ne couroit sus eulx. Persõne neust

163 1183 722 94 camais pense/ que sans grosse effsusion de

788 1229 87 75 sang
