1019 1420
120 80 725 62 sang le iour fust passe. Les deux parties

118 136 722 55 demeurerent longuemẽt en ordre en leur

115 175 724 64 lieu. A la fin les Syndiques firent crier

117 223 712 61 ⁊ cõmanderẽt que ung chascun se retira.

117 269 720 59 Et ceulx de la part des prestres p̃miere¬

114 314 722 62 mẽt se retirerent. Car les autres disoient:

115 362 722 61 Nous ne demandons rien a ꝑsonne/ ⁊ ne

114 408 721 64 les cerchons point. Pourquoy prẽnẽt ilz

114 456 720 59 les armes? que ne procedẽt ilz par iustice/

117 504 718 56 ⁊ non par force? Puys que premiers sont

118 545 667 59 uenuz/ p̃miers se retirẽt: ce qͥ fut faict.

160 590 679 62 En ces aduẽtz p̃schoit ung hõme fort

115 637 722 61 estime ⁊ biẽ scauãt ⁊ hardy/ nõme nostre

117 685 718 56 Maistre Guy Furbiti/ docteur de Paris

113 732 722 58 religieux de sainct Dominicque/ p̃schant

118 782 716 56 ⁊ criant fort cõtre les hereticques moder¬

112 823 723 58 nes cõme il les appelloit: ayant fort belle

113 869 723 62 audiẽce ⁊ sus tout des fẽmes. Et a cause

113 915 723 57 que nommemẽt il auoit parle contre les

113 959 723 62 Allemãs: disant q̃ ceulx qui ne sõt obeis¬

114 1008 722 60 sans au Pape/ ⁊ ceulx qͥ mãgent la chair

113 1061 719 54 es iours q̃ leglise deffend/ sont hereticq̃s:

114 1101 720 53 ⁊ tout plein de gros motz/ ainsi cõe il est

114 1151 721 58 fort hardy en ses sermons. A la requeste

113 1195 723 84 de Messieurs de Berne/ qui demandoiẽt

746 1234 88 85 quil
