1006 1415
165 75 725 58 quil fust detenu pour auoir droict de luy

163 121 717 54 cõme de celuy qui a tort les auoit blasme/

163 166 721 62 lon dõna des gardes audict nr̃e Maistre:

163 214 721 54 mais il pouuoit prescher ⁊ aller auec ses

169 260 720 60 gardes. Et plus hardymẽt parla estant

171 308 715 58 garde que parauãt/ criãt fort cõtre ceulx

169 353 719 54 qui ne suyuoient noz predecesseurs/ quilz

169 398 720 59 estoiẽt hereticques/ meschãtz/ ⁊ hors de la

171 448 719 57 foy/ disant: Ne uous souciez des gardes

167 491 717 62 qui me sont dõnees. Car ce que iay p̃sche/

167 538 718 58 ie le maintiẽdray par la parolle de Dieu/

171 582 718 54 ⁊ ne uous troublez point. De quoy tout

168 629 720 59 le mõde auoit bon espoir. Et ainsi p̃scha

169 675 719 53 toutes les festes de Noel. Et au iour de

172 721 714 59 Lan il dõna les estreines/ cõe de coustu¬

169 767 719 58 me/ disant: que Dieu cõuertist les Lute¬

171 814 718 59 riens: ⁊ silz ne se retournoient/ quil leur

171 860 718 62 dõnoit les fieures quartaines/ qui ueult

173 907 406 58 si prenne ces mitaines.

220 951 672 63 Le dimẽche .iiii. iour de Iãuier quatre

171 1002 720 58 Ambassadeurs de Messieurs de Berne

171 1045 718 59 arriuerẽt poͬ agir ⁊ ꝓceder cõtre leð nr̃e

174 1091 716 55 Maistre. Et deux iours apres qui estoit

172 1139 716 59 les Roys/ une grosse bẽde de gẽs bien en

173 1185 717 74 ordre (qui auoiẽt accompaigne ung des

785 1232 100 61 trois
