987 1411
112 84 729 60 trois Roys a leglise sainct Pierre) fit le

114 131 727 59 tour par la uille/ ⁊ disoit on que cestoit la

114 177 727 59 bende des Euangelistes/ ainsi lappelloit

116 223 725 59 on. Messieurs les Ambassadeͬs desia le

118 269 723 56 Lundy auoiẽt este a la maison de la uille

116 316 725 54 (qui fut le .u. iour de Iãuier) ⁊ eurẽt les

121 362 714 58 .xxiiii. qui est le petit cõseil. Le Mercredy

119 409 677 54 .uii. de Iãuier les. cc. cest le grãd cõseil.

117 455 721 56 Et aussi le Ieudy .uiii. ⁊ au Uẽdredy .ix.

119 504 718 49 de Iãuier nostre Maistre uint deuãt lesð

117 546 724 54 Ambassadeurs de Berne/ lesquelz au cõ¬

118 592 723 60 seil des deux cẽs exposerẽt cõmẽt le beau

119 637 720 61 pere p̃sẽt es aduẽtz passez auoit p̃sche cer¬

118 685 723 54 tains articles cõtre lhõneur de Dieu ⁊ de

118 734 723 57 leurs superieurs Messieͬs de Berne/ les

118 778 723 58 blasmãt ⁊ oultrageãt/ ⁊ tous ceulx aussi

118 825 724 58 qui ueulẽt suyure Leuãgile: ⁊ sil le ueult

119 871 722 54 nyer se offrans le prouuer suffisamment.

121 917 721 57 Et si ledict p̃scheur (ainsi quil sest offert

121 961 720 56 publicquemẽt de uouloir maintenir par

121 1008 720 53 la saincte escripture ce quil auoit p̃sche) le

123 1055 718 59 uouloit maintenir/ les p̃scheurs qͥ estoiẽt

122 1099 716 61 auec eulx p̃schans es terres de Messieurs

122 1145 717 63 de Berne/ estoiẽt prestz poͬ luy respõdre/

127 1194 715 75 ⁊ mõstrer quil auoit mal parle ⁊ cõtre la

712 1236 130 72 saincte
