984 1416
140 80 716 62 saincte parolle de Dieu. Et sil pouuoit

139 129 713 58 maintenir son cas ꝑ la saincte escripture/

140 175 715 59 que Messieurs ne luy demandoient rien:

140 221 716 59 ains feroiẽt grosse iustice de leͬs p̃scheurs

141 267 713 56 cõme parauãt auoiẽt faict en leur uille/

140 316 717 58 des Iacopins qui auoiẽt faict ung Dieu

138 361 716 57 nouueau/ ayant les playes au coste/ aux

140 404 716 57 piedz ⁊ mains/ faisãs pleurer ung image

140 451 709 58 de nostre Dame. Et aussi de la femme qͥ

138 500 718 54 auoit faict bastir une eglise de nr̃e Dame

138 545 713 59 des sept chaines ou se faisoiẽt tout plein

138 590 717 57 de faulx miracles. Car Messieͬs ne ueu¬

137 637 718 58 lent permettre quõ enseigne autre que la

140 680 712 57 uerite/ cõe la pure parolle de Dieu porte.

190 728 661 59 Le p̃mier Syndiq̃ dist a nr̃e Maistre:

137 774 714 59 Beau pere que dictes uous a ce que Mes¬

137 821 715 59 sieurs ꝓposẽt? Nostre Maistre dist: Mes¬

135 867 720 55 sieurs/ iamais ie ne parlis ⁊ nentendis de

138 913 717 59 parler contre lexcellence de Messieurs de

139 960 715 59 Berne/ lesquelz ie tiens gẽs de bien/ ⁊ ne

142 1005 712 60 uouldroye (cõmẽt quil soit) en dire mal.

152 1052 700 59 Ie uous prie que ie sache ceulx qui uous

134 1097 715 59 ont cecy raporte: Car poͬ uray Messieͬs/

134 1142 716 60 ilz sont meschãs gẽs. Dautre part Mes¬

139 1195 712 68 sieurs/ ie suis religieux ⁊ docteur de Pas

772 1247 77 74 ris.
