986 1409
108 89 721 61 ris. Ie ne puys ⁊ ne doibs respõdre icy de¬

108 139 718 54 uant uous/ qui nestes point mes iuges/

108 181 719 63 si ie nay le cõgie ⁊ licence de mon prelat ⁊

105 226 723 62 superieur. Autrement ie feroye tort ⁊ in¬

104 271 722 61 iure a tout mon ordre/ a la faculte de theo

104 317 723 63 logie de Paris ⁊ a toute leglise/ rompant

104 362 669 63 les frãchises/ droictz/ ⁊ libertez dicelle.

108 409 715 59 Ung des Seigneurs de Berne luy dist:

106 456 721 64 Uous nauez point prins cõgie ⁊ demãde

103 502 725 61 licẽce a uostre superieur de parler cõtre la

108 553 719 56 uerite/ et au son de la grosse cloche dire et

106 595 720 60 uous offrir de maintenir uostre cas de¬

104 641 720 63 uãt tous par la saincte escripture. Pour¬

104 688 722 61 quoy demandez uous maintenãt son cõ¬

104 733 722 59 gie ⁊ licence? Respõdez cõme uous estes

104 780 722 63 offert. Ung des prescheurs dist: Nostre

104 827 720 59 Maistre/ ou auez uous leu ⁊ trouue en la

104 874 722 60 saĩcte escripture/ q̃ iamais ꝓphete ne hõe

104 920 718 60 portãt la parolle de Dieu soit apostre ou

102 963 722 63 autre/ mesme Iesus Christ aye demande

103 1009 718 65 estre remis au iuge spirituel? Ne scauez

105 1057 721 61 uous q̃ toute ame doibt estre subiecte au

105 1104 718 61 glayue ⁊ a la puissãce diceluy sãs aucune

104 1151 720 63 exẽption? Iesus nõ seulemẽt a respondu

105 1198 722 72 au cõseil des Iuifz: mais aussi deuãt Pi

726 1249 94 70 late.
