1001 1423
154 79 724 62 late . S. Pierre ⁊ S. Iehan ont respondu

155 125 722 62 au conseil/ ⁊ S. Estienne: aussi S. Paul

156 173 719 61 deuãt tous sans faire aucune difficulte/

156 219 722 60 estãs plus prestz a respõdre/ quon nestoit

156 265 725 61 a les ouyr: ⁊ mesme quãd Festus uouloit

156 311 725 57 remettre S. Paul en Hierusalem deuant

157 358 720 61 ceulx qui auoiẽt la cõgnoissance de ce qui

156 404 724 54 estoit faict au tẽple. S. Paul en appella

155 449 723 62 aymãt mieulx respõdre deuãt le iuge tẽ¬

158 495 722 62 porel ⁊ infidele q̃ deuant ceulx de Hieru¬

158 540 722 64 salẽ qͥ estoiẽt spirituelz ⁊ iugeãs selon la

156 590 722 56 loy de Dieu. Act.25. Pourtãt maintenez

158 634 722 62 ce que uous auez presche/ ainsi que uous

156 679 724 59 estes offert. Lon ne uoꝰ ueult point clor¬

156 726 721 60 re la bouche: mais icy ou deuant tout le

156 770 687 63 monde lon est prest douyr uoz raisons.

207 817 667 64 Nostre Maistre dist/ quil nauoit rien

161 865 720 63 affaire auec led p̃scheur/ et quil alla dire

160 913 721 60 tel ꝓpos en france/ la ou par tout nostre

161 958 720 63 Maistre pouoit prescher. A quoy ung

161 1004 721 62 des Seigñrs luy dist/ que les porteurs de

157 1051 724 61 mensonge auoient lieu par tout: mais la

160 1095 721 62 uerite de peu est receue/ ⁊ na este preschee

158 1145 722 58 quen grand dãgier de ceulx qui lont por¬

157 1189 723 92 lee: ⁊ plusieurs en ont este mis a mort cõe

802 1232 72 66 lon
