977 1471
100 118 724 60 lon faict de present. Nostre Maistre cõ¬

100 161 724 64 tinuãt son propos dist/ q̃ de luy il ne uou

99 209 725 63 loit ne disputer ne respondre. Car il auoit

101 254 722 67 assez dispute a Paris/ la ou ne passent

101 301 716 63 point bestes. Et quand il seroit question

104 349 717 59 de disputer/ la il disputeroit ⁊ maintien¬

102 394 722 62 droit son cas deuãt gẽs scauãs/ docteurs

102 441 721 60 et autres. Et que ainsi que Iesus na¬

104 487 722 62 uoit point uoulu respõdre deuãt Pilate

105 540 722 55 qui nestoit point son iuge/ ainsi il nestoit

104 581 722 57 attenu de respondre deuant iuge seculier.

106 623 720 64 Et ce qui est dit/ que toute ame soit sub¬

105 671 723 63 iecte a la puissance du glayue/ quil est dit

106 718 721 62 du glayue spirituel/ a qui tout le monde

107 762 721 62 doibt estre subiect. Le p̃scheur dist: Nr̃e

107 809 721 65 Maistre S. Pierre uous commande ⁊ a

106 856 720 60 tous/ de rendre raison a tout hõme en be¬

106 903 721 64 nignite. 1.Pierre.3. Et exposant cõment

109 948 718 62 on doibt obeyr au glayue/ dit: aux Roys/

111 992 718 64 Ducz/ ⁊ autres Seigͬs/ ⁊ nõ du glayue

111 1039 718 64 spirituel. Et la chose est toute claire par

109 1086 719 62 lhistoire de la passiõ/ que nostre seigneur

122 1133 706 62 Iesus a respondu deuant Pilate: et S.

112 1179 719 63 Estiẽne/ et S. Paul/ ⁊ autres ne demãde

112 1225 715 103 rẽt iamais estre remis a S. Pierre/ ne S.

699 1268 132 90 Pierre
