973 1470
147 98 720 57 Pierre aussi ne demanda destre remis.

147 148 723 59 Mais promptement tous ont respondu/

144 192 728 59 ainsi que nostre Seigneur leur auoit cõ¬

143 238 724 62 mande/ leur promettãt bouche ⁊ sagesse/

144 282 733 62 a qui tous les aduersaires ne pourroient

144 331 729 61 resister. Luc.21. Parquoy ne doubtez de

145 378 722 59 respondre/ si uous auez p̃sche la uerite:

144 425 723 58 ⁊ maintenez par lescripture ce que uous

144 470 723 61 auez p̃sche. Et si uous auez dispute auec

144 518 721 58 si grãs clercz ⁊ contre si scauãs/ tãt plus

147 562 715 59 facile uous sera de maintenir uostre cas

142 607 723 63 cõtre les petis. Et nest assez dauoir pres¬

144 655 719 57 che et pouoir prescher par tout: mais po¬

142 700 723 57 uoir maintenir par la saincte escripture

143 746 716 60 ce quon a presche. Nostre Maistre dist/

140 791 725 59 que nullement il ne respondroit sans la

140 839 721 58 licence de son superieur/ ⁊ que il ne le po¬

138 884 721 61 uoit ne deuoit faire/ requerant (si lon luy

138 929 722 55 demandoit rien) estre remis a son iuge: ⁊

137 978 723 59 que iamais nauoit parle cõtre Messieurs

138 1024 718 61 en appellãt a tesmoings tous les assistãs

142 1070 377 61 petit ⁊ grand conseil.

188 1108 668 68 Par le cõsentemẽt des Ambassadeurs

142 1161 709 55 de Berne/ ainsi que le conseil fut dauis/

143 1207 712 98 puys que Messieurs ne uouloiẽt la cause

762 1259 89 75 estre
