1020 1428
111 104 701 56 estre demenee que deuãt le petit et grand

114 147 701 62 conseil/ cõbien quilz fussent priez de tout

113 195 703 57 le conseil de uouloir poursuyure nostre

114 241 700 57 Maistre deuãt les officiers de Leuesque:

111 285 706 60 Lon alla uers mõsieur le Uicaire/ Loffi

111 333 705 60 cial/ ⁊ le conseil Episcopal/ pour assister

113 378 703 58 ung ou plusieurs de eulx au beau pere.

110 423 710 62 Lesquelz ont refuse/ disãs: que nullemẽt

108 470 710 57 ne sen uouloient messer/ fors quilz uou

105 515 715 58 loient que nostre Maistre fust relache/ ⁊

107 560 713 59 ce sur grosses peines. A la fin puis quil

104 605 716 60 ny auoit autre ordre/ et que Messieurs

104 650 714 58 les Ambassadeurs instamment deman¬

105 697 713 55 doiẽt iustice/ affin quõ ne fust en la uille

104 744 711 59 de Geneue sãs iustice: le Mardy .xxuii.

104 791 708 58 de Ianuier Messieurs (cõme parauant)

99 836 718 57 demanderent iustice. Et nostre Maistre

98 880 718 60 aduerty que personne des Ecclesiasticq̃s

97 924 718 61 ne luy uouloit assister/ dit quil respon¬

98 972 718 62 droit le mieulx quil pourroit/ ⁊ ainsi a

98 1017 648 68 respondu aux articles cõme sensuyt.

147 1113 619 56 ¶ Sensuyuent les articles propo¬

148 1156 619 60 sez par Messieurs ce Berne/ qͥ ont

147 1199 620 71 este p̃schez publicquemẽt en chayere

542 1241 262 101 B dedãs
