958 1409
216 75 619 62 dedans leglise Cathedrale de sainct

220 123 612 61 Pierre: ⁊ la respõse faicte sur iceulx

220 169 357 58 par nostre Maistre.

423 211 217 59 Le premier.

176 258 703 61 Quil y auoit quatre bourreaulx qui se

173 306 705 54 partirent la robbe de Nostre Seigñr Ie¬

175 352 705 57 sus Christ/ ⁊ q̃ iceulx sont encore de pre¬

172 395 709 60 sent: les premiers sont les Allemans/ les

171 442 710 61 autres sont les Uaudoys/ les Arriens/ ⁊

171 488 292 59 les Sabelliens.

309 531 482 65 Respõse de nostre Maistre.

182 580 703 58 Iamais ie ne dis telles parolles: car ie

171 628 711 57 ne sceuz iamais de quel pays ne quelles

175 672 706 60 gens estoient lesdictz bourreaulx/ ⁊ nen

171 720 549 57 leuz iamais rien es escriptures.

432 763 194 56 Le second.

172 806 713 61 Ceulx qui mangent la chair le Uẽdredy

175 854 711 58 ⁊ Samedy sõt pires q̃ les Iuifz/ Turcz/

175 904 712 62 ⁊ chiens enragez: ⁊ encore plus meschãtz

175 951 497 58 ceulx qui les soubstiennent.

433 993 187 60 Response.

179 1035 715 62 Iay p̃sche ledict article/ ainsi q̃ la coustu¬

176 1084 718 54 me de France le porte. Toutesfois q̃ par

175 1129 723 55 cela nentendz auoir blasme ne oultrage

176 1175 724 74 lexcellẽce de Messieͬs de Berne ne dau¬

818 1230 83 76 tre:
