968 1388
115 75 712 76 tre: car ie ne presche que a ceulx de ceste

116 129 114 54 uille.

342 165 264 68 Le troysiesme.

116 217 710 60 Les meschãtz hereticques modernes en¬

113 267 714 59 nemys de Dieu traistres/ larrõs ⁊ meur

113 313 712 58 triers qui mangẽt la chair le Uendredy/

118 359 708 62 ⁊ ne ueulẽt obeyr na Dieu ne au diable.

374 409 188 59 Response.

116 447 711 60 La coustume de ce pays ⁊ de France est

115 499 714 53 de nen manger point le Uendredy et le

118 543 709 61 Samedy. Parquoy ay presche que ceulx

115 591 711 60 qui en mangent uiuent mal/ ⁊ autant en

119 635 706 62 diroy ie si ie retournoye prescher/ cõbien

120 683 478 58 que ie ne nomme personne.

361 727 272 59 Le quatriesme.

121 770 710 59 Tous ceulx qͥ lisent la saincte escripture

119 821 713 59 en uulgaire/ ne sont que paillardz/ gour

119 866 710 58 mans/ et yurongnes/ blasphemateurs/

121 909 711 60 meschãtz/ meurtriers ⁊ larrõs. Et ceulx

122 957 711 58 qui les soubstiennent sont meschantz: et

125 1003 323 63 Dieu les punira.

385 1043 188 68 Response.

126 1093 710 63 Au pays de France est defendu/ parquoy

128 1142 710 59 ie lay presche. Toutesfois ie nay nomme

130 1189 708 69 persõne: ⁊ nay dit quilz fussent traistres/

470 1234 377 81 B .ii. meschãtz/
