948 1415
145 89 708 59 meschantz/ larrons/ meurtriers/ ⁊ si ne le

149 132 291 57 uouldroye dire.

374 172 274 67 Le cinquiesme.

148 215 706 66 Gardez uous de ces hereticques Alle¬

142 273 712 59 mans/ cõe des ladres ⁊ pourris/ ⁊ ne cõ¬

146 318 707 61 uersez point auec eulx nen marchandise

145 365 708 59 ne autrement. Et nayez point dalliance

142 411 711 54 auec eulx en leur donnant uoz filles: car

144 455 689 61 mieulx les uauldroit dõner aux chiẽs.

402 503 191 55 Response.

149 545 590 70 Ie nye auoir presche ledict article.

404 594 229 55 Le sixiesme.

141 632 716 61 Nostre Seigͬ disant troys foys a sainct

142 683 712 57 Pierre/ sil laymoit/ cõstitua ledict sainct

141 728 713 62 Pierre ⁊ les Papes ses successeurs auec

139 775 715 62 toute puyssance ecclesiasticque. Au con¬

139 823 714 59 traire de quoy font ces meschantz here¬

138 871 715 61 ticques modernes de ceste nouuelle loy/

138 916 715 60 qui ne ueulẽt obeyr ne au Pape/ ne aux

135 962 720 60 Cardinaulx/ Euesques/ Curez/ Uicai¬

134 1009 719 55 res/ ou Prestres. Telz qui ne ueulent a

133 1056 718 57 iceulx obeyr sont des brebis du diable et

135 1101 716 61 marquez diceluy/ ⁊ sont pires que chiens

133 1146 717 61 enragez/ meschantz/ traistres/ larrons/

132 1200 716 84 meurtriers et brigans qui doyuent estre

762 1240 85 67 mis
