951 1385
106 106 249 57 mis au gibet.

362 144 193 66 Response.

105 189 708 66 Si ie lay presche/ ie lay presche tant seu¬

102 241 711 56 lemẽt au peuple de Geneue/ pour la cor¬

103 287 709 62 rectiõ des uices. Et autre chose ne uous

106 333 269 67 en respondray.

354 373 246 66 Le septiesme.

110 420 700 64 Ie suis detenu ⁊ garde a cause dune sor¬

105 473 584 55 te de gens qui ne ualent guaires.

367 518 193 55 Response.

108 556 711 67 Ie nay point presche cela. Bien ay ie dit

106 609 709 59 que ceulx qui me ont accuse enuers Mes

105 654 711 62 sieurs de Berne/ nestoiẽt pas de grande

107 700 151 53 ualeur.

144 739 674 70 Lesquelles respõses faictes Messieurs

106 794 713 54 ont accepte ce qui a este confesse tant qui

106 842 713 58 faict poͬ eulx ⁊ nõ autremẽt/ demandãs

102 884 717 58 estre admis a prouuer ce q̃ par la partie a

103 930 713 61 este nye. Disans oultre que Messieurs

102 974 714 63 leurs superieurs ⁊ eulx aussi sont ceulx

103 1022 713 61 qui selon la parolle de Dieu usent des

105 1071 711 50 bonnes creatures de Dieu/ les prenans

105 1116 708 57 en rendãs graces/ sans faire distinction

105 1159 716 63 entre iour ⁊ iour/ ⁊ uiande ⁊ uiande: soit

109 1203 714 70 Uendredy ou Samedy ilz mãgent de la

518 1249 298 71 B .iii.  chair/
