972 1438
152 105 704 56 chair/ ⁊ lisent les sainctes escriptures en

154 150 707 53 uulgaire/ ⁊ sont Allemans: desirãs plus

151 197 709 57 obeyr a Dieu que au Pape/ des ordon¬

149 244 710 55 nances duquel cõme cõtraires a Dieu/

151 288 709 59 ⁊ que tous les iours le Pape ⁊ les siens

151 336 709 55 reforgent/ ne tiennent cõpte: ayans assez

149 381 712 57 de suyure ⁊ tenir ce que nostre Seigñr a

149 424 713 54 cõmande ⁊ ordonne. Lequel ilz tiennent

149 472 713 62 estre seul chef de leglise ⁊ grand ⁊ souue

149 520 712 59 rain pasteur/ ⁊ a autre ne se ueulẽt tenir

147 565 717 60 ne ouyr que ceulx qui purement portent

151 609 710 62 sa doctrine. Parquoy ilz entendẽt les ar¬

149 655 711 64 ticles auoir este preschez contre eulx/ sin¬

152 703 708 57 gulierement en ce que le beau pere a dit:

151 747 711 61 tous ceulx. Et pource ilz reputent grosse

149 794 712 58 iniure a eulx faicte/ demãdãs qͥl respõde

152 840 709 59 sil le ueult maintenir ⁊ soubstenir estre

152 886 709 55 uray cõme il la presche/ ⁊ cõe en p̃schant

152 932 706 61 sest offert. A quoy nr̃e Maistre a rñdu/

151 979 713 61 que ce quil auoit p̃sche il la faict par ꝯseil

149 1024 712 58 ⁊ prins des escriptures: ⁊ quand il seroit

151 1070 710 61 deuãt son iuge cõpetant/ il respõdroit ce

152 1115 708 55 quil pourroit. Messieurs oyãs ce ont

151 1161 709 61 dit quil parloit mal. Car ce qͥl auoit p̃sche

151 1210 710 66 cõtre eulx/ luy ne personne du monde ne

701 1255 155 84 scauroit
