952 1389
134 76 711 57 scauroit mõstrer quil soit ainsi ꝑ la saĩcte

130 125 713 55 escripture/ selõ laquelle ilz ont chasse les

130 164 714 59 traditiõs ⁊ ordonnãces repugnãtes a la

132 210 711 59 parolle de Dieu/ prenans celles qui sont

130 256 711 56 cõtenues en Leuangile. Et pourtãt silz

132 304 712 53 estoient telz cõe les articles p̃schez portẽt

129 349 712 59 ilz auroiẽt deseruy grosse peine/ ilz demã

129 393 714 58 dent q̃ iustice leur soit administree dune

129 442 711 58 telle qͥl fauldroit estre faicte de eulx silz

130 487 711 50 estoiẽt telz cõme les articles chãtẽt/ pour

128 532 715 58 la grosse iniure faicte a eulx. Et sur ce

130 576 711 61 fut cõcede de produyre tesmoings/ pour

132 625 709 57 prouuer ce qui auoit este nye/ qui furent

132 671 705 55 ꝓduictz deuãt nr̃e Maistre ⁊ la iurerẽt/

128 715 713 60 et fut requis nostre Maistre sil uouloit

127 761 714 59 rien dire cõtre iceulx/ lequel respõdit que

128 806 717 60 non. Messieurs demãderẽt qͥlz fussent

129 853 711 59 examinez/ ⁊ q̃ iustice leur fust ministree.

181 900 655 57 Nostre Maistre aussi demãda q̃ selon

129 944 712 59 quil auoit respõdu aux articles q̃ droict

130 991 706 60 ⁊ iustice luy fust administree. Les tes¬

128 1038 707 58 moings furent examinez. Et le Ieudy

129 1081 708 63 suyuãt qui fut le .xxix. de Iãuier Mes¬

129 1129 712 57 sieurs les Ambassadeurs demãderẽt que

129 1173 712 66 iustice leur fust administree selon la con¬

496 1216 343 75 B .iiii. fession
