975 1465
129 141 711 62 fession ⁊ les ꝓbations des articles/ cõme

130 188 709 56 suffisamment cõstoit. Nostre Maistre

128 239 708 51 fut interrogue par Messieurs du cõseil/

128 282 710 58 sil uouloit autre chose dire ne proposer

130 327 709 61 poͬ ses deffenses ou cõtre les tesmoings.

125 372 715 61 Lequel dit quil nẽtendoit (cõe plusieurs

124 418 715 59 fois auoit dit) de cõparoistre cõme en iu¬

124 465 716 56 gemẽt ⁊ deuãt son iuge. Neãtmoins quil

123 511 716 60 auoit souuenãce de ce que S. Pierre a cõ

124 557 715 60 mãde. 1.Pierre.3. quon soit prest de rẽdre

122 604 716 55 raison a ung chascun de sa foy. Et pour¬

123 651 715 57 tant il est prest selon la saincte escripture

124 692 714 61 ⁊ par icelle de uouloir respõdre/ sans sor

124 742 712 56 tir hors dicelle: priant humblemẽt Mes¬

123 786 715 61 sieurs tous les assistãs/ ⁊ singulieremẽt

123 830 713 63 Messieͬs de Berne/ quilz prinssent tout

122 877 713 59 ce qui seroit dit en maniere de disputatiõ.

122 927 714 53 Car mesme a Paris en Sorbõne lon met

122 971 712 61 en auãt beaucop de ꝓpos en disputation

124 1018 710 56 qui semblent fort estrãges. Et pourtant

124 1063 709 61 prioit Messieurs de prẽdre tout en la bõ¬

123 1108 711 54 ne part. Car iamais il nẽtendit dire au¬

124 1153 709 62 cune chose qui fut au desplaisir ⁊ deshon

123 1202 712 60 neur de lexcellence de Messieurs de Ber

123 1246 710 73 ne/ ⁊ ne uouldroit aussi. Et Messieurs

740 1297 88 59 sans
