988 1443
126 96 710 57 sans deroguer a leurs droictz ⁊ actiõ ont

127 139 709 60 uoluntiers accepte/ que nostre Maistre

125 188 707 57 disputast/ ⁊ par les escriptures mist son

125 232 710 54 cas en auant. Et ung des Predicãtz

126 278 712 59 dit parlãt a nostre Maistre: Ie remercie

125 325 712 57 Dieu/ qui uous a dõne le coeur de uou¬

123 371 712 60 loir maintenir par la saincte escripture/

123 417 714 57 ce quauez presche et selon la doctrine de

126 464 710 60 saĩct Pierre cõment en auiez este requis

123 511 713 57 rendre raison. Puys quil est ainsi q̃ nous

126 559 711 54 sommes tous faictz a limage de Dieu ⁊

127 600 710 62 q̃ Iesus Christ est mort pour nous/ pour

122 651 715 56 lhonneur de ce bon pere qui nous a tous

125 692 711 58 creez/ pour lamour de Iesus qui nous a

126 741 712 55 rachetez/ en cest affaire qui est grand ⁊ de

127 785 710 61 grande importãce/ quon doibt biẽ peser:

133 830 705 62 Ie uous prie quen toute doulceur ⁊ cha¬

125 875 714 60 rite parlons amiablemẽt ensemble/ et ne

126 919 711 58 demandons que lhonneur ⁊ la gloire de

126 966 710 56 Dieu/ ⁊ ledification de nostre prochain.

125 1013 711 63 Et tãt que puys uoꝰ supplie q̃ ne parlez

127 1063 710 50 autrement de la bouche/ que uostre coeur

128 1107 710 60 porte et iuge/ sans renuerser lescripture.

131 1153 706 59 Ne taschons a surmõter ⁊ uaincre lung

129 1197 709 74 lautre: mais que la uerite uiẽne en auãt.

755 1242 78 73 Car
