951 1462
114 141 716 57 Car plꝰ belle uictoire ne pourriõs auoir

117 186 710 60 que uerite soit au dessus. Et de moy se¬

117 233 712 56 roye content quil meust couste la uie/ et

117 278 710 59 que uerite fust cõgnue de tous. Tous

114 325 713 51 les assistans en furent cõsentans ⁊ uou¬

112 369 715 67 loient ainsi estre faict. Et nostre Maistre

114 421 224 52 commencea.

163 508 623 59 ¶ La disputation faicte en la mai¬

162 555 623 56 son de la uille de Geneue entre nr̃e

160 601 626 58 Maistre Guy Furbiti/ docteur de

162 645 623 60 Paris/ ⁊ les Predicantz estãs auec

162 690 623 53 les Ambassadeurs de Messieurs de

162 735 621 59 Berne/ assistãs le petit ⁊ grãd cõ¬

163 782 619 62 seil de la uille/ ⁊ plusieurs docteurs

160 828 406 65 en loix et en medecine.

336 916 304 68 Nostre Maistre.

115 967 715 56 Pour entrer en matiere/ affin que ie mõ¬

119 1017 710 51 stre ce que iay dit par la saĩcte escripture:

119 1061 711 59 Ie forme ceste question/ Utrum assauoir

117 1102 713 62 mon: Si les prelatz de leglise peuuẽt or¬

115 1147 714 62 dõner licitemẽt aucune chose/ qui ne soit

117 1192 712 58 cõtenue ⁊ cõmandee en la saĩcte escriptu¬

115 1240 715 77 re/ a quoy ilz obligent sur peine de peche

683 1288 147 75 mortel.
