963 1447
139 144 712 53 mortel. A laquelle question ie respons

139 186 711 62 par une telle conclusion. Il est loysible

138 235 715 58 aux prelatz ⁊ pasteurs de leglise dordon

138 280 712 51 ner ⁊ cõstituer ordonnãces ⁊ cõstitutiõs

138 326 713 52 lesquelles ne sont contenues ne cõman¬

138 371 716 57 dees en la saincte escripture/ en obligeãt

139 417 714 55 ⁊ astreignant a les garder soubz peine de

141 464 712 58 peche mortel. Et qͥl soit ainsi/ ie le preu¬

137 516 716 48 ue tant par le Uieil que par le Nouueau

143 554 710 58 Testamẽt. Premieremẽt il est escript au

141 602 712 50 Deutero. au .17. cha. Si difficile ⁊ ambi¬

142 647 711 57 guum ⁊c. Laquelle autorite nr̃e Maistre

138 693 715 58 leut en Latin en sa Bible quil tenoit/ et

139 737 712 61 puys la dit en Frãcoys ainsi: Si tu uoys

139 786 712 56 le iugement estre difficile ⁊ doubteux en¬

139 830 710 62 tre le sang ⁊ le sang/ la cause ⁊ la cause/

139 877 712 58 la lepre et ce qui nest point lepre. Et tu

143 921 710 58 uoys que les parolles des Iuges dedãs

142 967 709 55 tes portes uarient: lieue toy ⁊ monte au

139 1011 714 63 lieu que ton Seigneur Dieu aura esleu

141 1058 712 57 ⁊ uiendras au prestre du gẽre Leuitique

143 1110 708 50 ⁊ au iuge qui sera en celuy tẽps/ ⁊ tu de¬

142 1152 713 58 manderas diceulx qui te monstreront la

144 1197 711 59 uerite du iugemẽt: ⁊ feras tout ce que te

143 1243 710 89 diront ceulx qui sont cõstituez en ce lieuz

733 1284 123 67 lequel
