956 1412
107 98 713 59 lequel le Seigneur a esleu/ ⁊ tẽseignerõt

108 144 710 60 selon la loy diceluy. Et tu suyuras leur

107 191 712 57 sentence ⁊ ne declineras a la dextre ne a

104 236 714 55 la fenestre. Mais celuy qui sen orgueilli¬

105 283 716 57 ra ne uolant obeyr au cõmandement du

105 330 714 57 prestre qui en ce temps sert a ton Seigñr

104 374 714 59 Dieu/ celuy hõme morra par lordõnãce

104 421 713 53 du iuge. Et tu osteras le mal de Israel.

104 467 710 62 Et tout le peuple ouyant craindra: affin

108 513 711 56 quen apres personne ne soit enfle par or¬

109 560 711 60 gueil. Parquoy il appert/ que nostre

109 607 711 60 Seigneur a laisse sur la terre prestres et

108 651 709 60 iuges/ ausquelz fault obeyr/ ⁊ quil ya en

107 697 711 58 leglise qui sont pour decider des grans

108 742 713 55 affaires/ soit de la foy ou des meurs/ cõe

108 787 711 63 est le Pape a qui fault par le cõmande¬

107 834 711 59 ment de Dieu obeyr/ ⁊ tenir sa sentence.

104 881 716 61 Et ainsi il peult sentẽcier ⁊ ordõner/ cõ¬

104 929 714 65 bien quil ne soit contenu en la saincte es¬

107 983 163 52 cripture.

332 1013 264 64 Le Predicant.

107 1062 710 65 Uous auez dit uostre cas. Ie uous prie

104 1110 709 61 ouyez patiemment/ ⁊ comme ie uous ay

102 1155 710 64 laisse dire ce quauez uolu sans dire ung

107 1203 670 77 seul mot. Permettez aussi quon parle.

688 1247 127 82 La cõ-
