973 1405
167 79 670 60 La conclusion que uous auez mise/ est

128 125 711 55 cõtre la saincte escripture ⁊ loing de ue¬

128 172 711 56 rite/ et ne lauez prouuee. Car le passage

129 217 708 62 de Moyse contreuiẽt a uostre cõclusion/

128 263 713 61 ainsi que de soymesme se declaire/ en ce qͥl

129 309 711 62 est dict/ que le sacerdot cest adire le sacri¬

129 354 711 61 ficateur du genre de Leui/ lequel uous

129 400 714 67 exposez le prestre/ ⁊ le iuge tenseignerõt

129 451 715 59 selon la loy. En quoy bien appert/ que

129 495 715 58 autremẽt ne peuuent ⁊ ne doyuẽt parler

129 539 717 58 ne enseigner/ comme grandement est de¬

132 586 715 60 fendu de nadiouster ou oster rien aux pa

128 632 718 58 rolles que nostre Seigneur a cõmande

133 677 713 59 par Moyse. Deutero.4. Et silz faisoiẽt

129 725 717 60 autrement/ ordonnans quelque chose de

132 771 712 61 leͬs testes que la parolle de Dieu porte/

132 821 712 57 ne les fauldroit ouyr/ mesme quand ilz

134 864 712 57 feroient signes ⁊ prodiges cõme il est cõ¬

133 909 713 54 mãde Deutero.13. cõmandant quon soit

133 955 713 61 adherant ⁊ suyuãt Dieu ouyãt sa uoix:

134 1002 712 59 ⁊ que celuy qui parle de sa teste meure de

133 1049 713 59 mort. Et sil est ainsi q̃ soubz la loy baillee

136 1097 707 59 par Moyse qui nestoit que seruiteur ⁊ au

132 1141 708 60 remps des umbres/ nestoit licite de rien

133 1187 713 81 muer/ changer/ ne ordonner sur la loy/ et

727 1234 118 67 oultre
