966 1466
119 136 714 63 oultre la loy: par plus forte raison au

121 184 706 63 tẽps de Leuãgile reuele ꝑ Iesus Christ/

121 229 710 62 qui est le filz demeurãt en la maison eter

121 278 710 57 nellement/ au tẽps de la pleine reuelatiõ

122 322 711 55 de la uerite/ il nest loysible dordonner ne

122 368 711 60 de proposer autre que ce que Iesus a or¬

122 414 711 61 donne/ tellement que quand S. Paul ou

123 460 712 60 quicõque autre/ mesme ung ange du ciel

122 506 714 59 qui euangelizeroit autremẽt quil na este

122 552 710 62 euãgelize/ que Iesus a ordõne/ quil soit

122 598 535 62 mauldict ⁊ execrable. Gala.1.

364 645 296 59 Nostre Maistre.

123 689 710 59 Uous ne tenez point de forme de dispu¬

122 735 711 59 tation. Nous ne sommes point icy pour

123 781 709 61 prescher. Ie scay bien cõment il fault dis¬

123 828 706 58 puter/ ie suis docteur: ⁊ bien ay prouue q̃

125 873 708 60 puys quil fault obeyr a la sentence du

125 922 711 55 prestre Leuitique/ aussi il fault obeyr au

128 973 708 54 Pape/ qui estoit prefigure/ ⁊ lequel repre

127 1013 709 60 sentoit parauant le prestre Leuitique/ cõ

125 1060 710 61 me ie monstre en brief/ ⁊ ne suis si long

129 1104 198 67 que uous.

366 1145 266 64 Le Predicant.

130 1194 707 61 Ie uoꝰ ay ouy/ dictes tout ce quil uous

128 1244 708 97 plaira: mais apres ouyez le texte/ Assez

709 1290 132 66 mõstre
