961 1376
131 50 713 63 monstre si le sacerdot le sacrificateur/ ⁊ le

130 96 712 59 iuge peuuent faire ordõnances/ ne dõner

131 142 710 62 sentẽce que selon la loy. Et uoꝰ adaptez

131 189 711 55 mal les figures. Car ce qui est dit du sa¬

133 239 708 52 crificateur Leuitique/ nest dit des p̃stres:

134 282 708 53 car ilz ne sõt de la lignee de Leui/ ne aussi

133 327 711 60 les sacrificateurs Leuitiques ne sont fi¬

136 373 710 60 gure des prestres. Mais ainsi cõe le saĩct

136 421 710 54 esperit declaire/ Aaron et tous les sou¬

136 471 710 47 uerains sacrificateurs ont este figure de

153 513 693 56 Iesus/ qui est le sacerdot le sacrificateur

135 553 710 62 eternellemẽt selõ lordre de Melchisedec/

135 602 714 61 lequel na point de successeur uiuãt tous¬

137 651 713 58 iours: car il nest point cõme les Leuitiq̃s

141 698 707 57 qui par la mort ne pouoient perseuerer/

137 741 715 60 mais lung succedoit a lautre cõme Elea

141 786 711 61 zar a Aaron: mais Iesus tousiours ui¬

139 834 714 53 uant a loffice sacerdotal eternellement/ ⁊

141 880 711 53 ainsi que uiuãt Aaron/ autre na este mis

142 925 710 61 en sa place/ ainsi tãt que Iesus est uiuãt

141 971 712 59 nen fault point ordonner dautre: ueu qͥl

144 1017 708 60 est plus digne/ puyssant/ ⁊ constitue par

145 1064 709 59 serment/ ⁊ qͥl na besoing doffrir tous les

144 1109 711 60 iours/ ou tous les ans/ cõme faisoiẽt les

150 1155 708 76 sacrificareurs de la loy/ offrãs sacrifices

795 1204 57 68 qui
