967 1489
119 109 713 62 qui ne pouuoiẽt effacer les pechez. Mais

117 156 715 57 par ung seul sacrifice il a sanctifie ⁊ con¬

116 202 714 56 somme eternellemẽt les sãctifiez/ ce q̃ les

115 249 716 56 autres ne pouuoiẽt faire: car silz leussent

117 296 717 61 peu faire eussent cesse destre offers. Mais

115 342 715 60 celuy de Iesus pourtãt quil est parfaict/

115 387 715 55 na este offert que une foys/ ueu que une

115 433 716 62 foys Iesus est mort/ ⁊ plus ne morra/ le¬

115 480 715 58 quel est entre non point en ung taberna¬

115 529 716 57 cle faict de main dhõme/ ne par sang des

114 575 717 57 bestes ⁊ estrange cõme les autres sacrifi¬

112 619 717 58 cateurs selon lordre de Leui: mais il est

111 663 719 61 entre es cieulx par son propre sang appa

112 709 717 59 roissant deuant son pere/ intercedãt pour

110 756 719 54 nous/ cõme conste pleinement par ce qui

110 799 717 59 est escript aux Ebrieux au .5.7.8.9.10.

111 846 718 57 Mesme toute celle belle epistre pleinemẽt

106 894 720 61 nous monstre tous sacrifices pour salut

107 941 720 54 et redemption/ et tous sacrificateurs qui

109 986 715 60 offrent pour les pechez auoir cesse en Ie¬

111 1032 714 59 sus. Et par ainsi ne fault aller a auire sa

107 1078 719 57 crificateur/ ne tenir la sentẽce dautre que

110 1122 714 61 de Iesus. Leq̃l ainsi qͥl est esleu de Dieu

110 1168 713 62 son pere poͬ estre souuerain sacrificateur

107 1213 716 92 eternellemẽt tousiours uiuãt poͬ inter¬

719 1258 101 54 ceder
