978 1445
130 120 713 59 cedet pour nous/ puyssãt de sauuer tous

128 166 716 57 ceulx qui par luy uiẽnent a Dieu: sem¬

126 209 718 54 blablement il est iuge sus tous. Car il est

125 256 721 60 mort ⁊ est resuscite: affin quil aye seigneu

127 303 719 60 rie sus les uiuans ⁊ les mortz/ deuant le

130 350 715 60 siege duquel fault que tous soiẽt presen¬

128 394 719 62 tez. Ro.14. Car le pere luy a dõne tout le

128 441 718 62 iugemẽt. Iehan.5. Parquoy par la fi¬

131 488 714 59 gure du sacrificateur Leuitiq̃ ⁊ du iuge/

130 535 716 57 appert q̃ deuõs tous aller a ce tresgrand

132 580 718 59 ⁊ souuerain sacrificateur ⁊ iuge cõstitue

130 626 717 60 sus toꝰ. A quoy Iesus luy mesme nous

130 670 719 63 admõneste en S. Matth.11. disãt: Uenez

130 722 719 57 a moy tous ceulx qui estes chargez ⁊ tra

131 768 715 58 uaillez/ ⁊ ie uous soulageray. Car par

130 814 716 60 autre ne pouons estre instruictz a salut q̃

132 859 718 59 par luy/ qui seul congnoit le pere/ ⁊ nul

128 903 721 62 autre fors ceulx a qui il le reuele/ cõe auð

131 948 719 62 chap̃. est cõtenu. Le pere nous cõmande

131 994 716 62 aussi douyr Iesus/ disant: Cestuy est mõ

133 1041 714 66 filz bien ayme/ ouyez le. Matth.17. Car

132 1093 714 56 toute ame qui ne lorra/ ⁊ ne suyura sa pa

131 1137 690 57 rolle/ elle sera exterminee. Deutero.18.

133 1180 714 63 Et sil est ainsi q̃ ce bon sauueur ne faict ⁊

132 1228 715 79 ne dit rien de soy/ mais seulemẽt ce que le

608 1272 238 74 C pere
