<?xml version="1.0" encoding="UTF-8"?>
<alto xmlns:xsi="http://www.w3.org/2001/XMLSchema-instance"
      xmlns="http://www.loc.gov/standards/alto/ns-v4#"
      xsi:schemaLocation="http://www.loc.gov/standards/alto/ns-v4# http://www.loc.gov/standards/alto/v4/alto-4-2.xsd">
  <Description>
    <MeasurementUnit>pixel</MeasurementUnit>
    <sourceImageInformation>
      <fileName>37_b52ce_default.jpg</fileName>
      <fileIdentifier>https://api.digitale-sammlungen.de/iiif/image/v2/bsb10194057_00038/full/full/0/default.jpg</fileIdentifier>
    </sourceImageInformation>
  </Description>
  
  <Tags>
    <OtherTag ID="BT1411" LABEL="MainZone" DESCRIPTION="block type MainZone"/><OtherTag ID="BT1412" LABEL="TitlePageZone" DESCRIPTION="block type TitlePageZone"/><OtherTag ID="BT1413" LABEL="MarginTextZone:handwrittenAddition" DESCRIPTION="block type MarginTextZone:handwrittenAddition"/><OtherTag ID="BT1414" LABEL="QuireMarksZone" DESCRIPTION="block type QuireMarksZone"/><OtherTag ID="BT1415" LABEL="DropCapitalZone" DESCRIPTION="block type DropCapitalZone"/><OtherTag ID="BT1416" LABEL="GraphicZone" DESCRIPTION="block type GraphicZone"/><OtherTag ID="BT1417" LABEL="StampZone" DESCRIPTION="block type StampZone"/>
    <OtherTag ID="LT515" LABEL="DefaultLine" DESCRIPTION="line type DefaultLine"/><OtherTag ID="LT516" LABEL="DropCapitalLine" DESCRIPTION="line type DropCapitalLine"/><OtherTag ID="LT517" LABEL="HeadingLine" DESCRIPTION="line type HeadingLine"/>
  </Tags>
  
  <Layout>
    <Page WIDTH="950"
          HEIGHT="1458"
          PHYSICAL_IMG_NR="37"
          ID="eSc_dummypage_">
      <PrintSpace HPOS="0"
                  VPOS="0"
                  WIDTH="950"
                  HEIGHT="1458">
        
        <TextBlock HPOS="128"
                   VPOS="77"
                   WIDTH="741"
                   HEIGHT="1185"
                   ID="eSc_textblock_510e045b"
                   TAGREFS="BT1411">
          <Shape><Polygon POINTS="128 77 131 1262 869 1248 869 77"/></Shape>
          
          
          <TextLine ID="eSc_line_c6af1423"
                    TAGREFS="LT515"
                    BASELINE="145 134 856 137" 
                    HPOS="144"
                    VPOS="92"
                    WIDTH="712"
                    HEIGHT="58">
            <Shape><Polygon POINTS="850 105 838 105 825 105 813 105 801 105 789 104 777 104 765 104 752 104 740 103 728 103 716 103 704 103 692 103 679 102 667 102 655 102 643 102 631 102 619 100 606 100 594 100 582 100 570 100 558 99 546 99 542 99 540 100 538 99 533 99 521 99 509 99 497 98 485 98 473 98 461 98 448 98 436 97 424 97 423 97 402 99 385 95 375 95 363 95 351 95 339 95 327 94 315 94 302 94 272 97 251 93 242 93 229 93 225 93 206 99 198 92 193 92 189 92 172 98 155 92 145 95 145 134 144 139 199 140 211 149 212 149 214 149 215 149 327 142 346 148 347 148 349 148 389 142 405 149 406 149 407 149 487 142 488 142 498 149 498 150 499 150 501 150 502 150 580 143 598 150 599 150 600 150 658 143 677 150 678 150 679 150 681 150 703 143 728 149 729 149 731 149 802 143 807 143 810 143 835 150 836 150 838 150 839 150 855 143 856 137 855 105 850 105"/></Shape>
	    <String CONTENT="pere luy a cõmande cõe il dit clairement:"
                    HPOS="144"
                    VPOS="92"
                    WIDTH="712"
                    HEIGHT="58"></String>
          </TextLine>

          
          
          <TextLine ID="eSc_line_238afc22"
                    TAGREFS="LT515"
                    BASELINE="150 187 279 181 855 183" 
                    HPOS="149"
                    VPOS="136"
                    WIDTH="706"
                    HEIGHT="60">
            <Shape><Polygon POINTS="794 137 782 137 769 137 757 137 745 137 734 137 733 138 728 142 724 138 722 137 721 137 709 137 703 137 673 139 672 139 671 139 660 147 650 139 649 139 648 139 647 139 643 139 606 145 599 140 594 137 587 137 575 137 563 137 551 137 540 137 529 140 513 147 503 142 495 136 490 136 468 142 457 144 436 142 398 138 397 138 396 138 395 138 390 143 389 144 384 143 361 136 360 136 358 136 357 136 356 136 345 143 344 144 338 143 302 138 301 138 300 138 288 144 283 147 277 144 267 140 266 140 265 140 263 140 251 144 245 147 150 147 150 187 149 194 187 189 239 189 249 195 249 196 250 196 251 196 253 196 254 196 257 195 284 189 312 195 317 196 318 196 327 195 370 189 475 189 486 195 488 196 490 196 491 196 503 195 565 189 586 195 589 196 591 196 592 196 593 196 597 195 625 189 752 195 777 196 778 196 787 195 828 189 851 195 855 183 851 137 829 145 796 137 794 137"/></Shape>
	    <String CONTENT="Ie ne fais riẽ de moy/ mõ pere est qͥ faict"
                    HPOS="149"
                    VPOS="136"
                    WIDTH="706"
                    HEIGHT="60"></String>
          </TextLine>

          
          
          <TextLine ID="eSc_line_cb2e1380"
                    TAGREFS="LT515"
                    BASELINE="143 224 856 227" 
                    HPOS="142"
                    VPOS="184"
                    WIDTH="714"
                    HEIGHT="57">
            <Shape><Polygon POINTS="178 185 166 187 165 187 143 189 143 224 142 232 164 239 165 239 166 239 167 239 169 239 176 233 248 233 268 240 270 240 271 240 340 234 347 240 349 240 350 240 351 240 426 235 499 241 501 241 624 235 639 241 641 241 642 241 643 241 662 234 789 241 790 241 855 233 856 227 856 193 850 187 850 185 849 185 847 185 846 185 761 191 741 185 740 185 739 185 738 185 720 191 696 185 695 185 694 185 650 191 626 185 625 185 624 185 622 185 597 191 552 185 551 185 549 185 531 191 465 191 411 191 405 185 405 184 403 184 402 184 401 184 356 190 356 191 201 191 200 190 187 185 178 185"/></Shape>
	    <String CONTENT="les oeuures. Ie ne parle point de moy: la"
                    HPOS="142"
                    VPOS="184"
                    WIDTH="714"
                    HEIGHT="57"></String>
          </TextLine>

          
          
          <TextLine ID="eSc_line_a5c9128e"
                    TAGREFS="LT515"
                    BASELINE="145 270 857 274" 
                    HPOS="144"
                    VPOS="229"
                    WIDTH="713"
                    HEIGHT="60">
            <Shape><Polygon POINTS="145 270 144 281 279 279 296 283 311 286 312 286 313 286 315 286 316 286 321 283 325 279 349 283 373 286 374 286 428 283 458 280 462 283 468 286 469 286 470 286 471 286 495 283 506 280 509 281 518 287 519 287 520 287 621 289 622 289 624 289 637 281 638 281 645 281 732 289 733 289 856 280 857 274 857 239 812 232 811 232 810 232 808 232 800 238 799 238 757 232 756 232 755 232 741 238 740 238 738 238 709 232 707 232 706 232 684 238 679 238 551 238 549 236 536 230 535 230 533 230 508 236 503 236 487 235 411 230 409 230 408 230 397 235 396 235 384 229 383 229 381 229 145 233 145 270"/></Shape>
	    <String CONTENT="parolle que uous auez ouye nest point a"
                    HPOS="144"
                    VPOS="229"
                    WIDTH="713"
                    HEIGHT="60"></String>
          </TextLine>

          
          
          <TextLine ID="eSc_line_b69f062d"
                    TAGREFS="LT515"
                    BASELINE="144 315 857 320" 
                    HPOS="143"
                    VPOS="273"
                    WIDTH="714"
                    HEIGHT="62">
            <Shape><Polygon POINTS="143 324 188 324 190 325 201 331 203 331 204 331 205 331 206 331 231 325 235 324 240 325 263 331 265 331 266 331 312 325 315 325 316 325 323 332 324 332 325 332 327 332 493 326 520 334 521 334 523 334 593 326 594 326 596 326 616 334 617 334 619 334 620 334 641 326 642 326 643 326 686 334 687 334 688 334 712 328 720 334 720 335 721 335 722 335 723 335 856 326 857 320 855 279 678 285 507 285 501 277 498 275 498 274 497 274 496 274 400 274 398 274 397 274 396 274 396 275 394 277 389 283 352 284 327 284 321 277 321 275 319 275 319 274 318 274 317 274 316 274 315 274 313 274 311 277 302 283 277 283 267 277 262 273 261 273 260 273 259 273 257 273 245 277 225 283 154 283 147 275 144 315 143 324"/></Shape>
	    <String CONTENT="moy/ mais a mõ pere qui ma enuoye. Et"
                    HPOS="143"
                    VPOS="273"
                    WIDTH="714"
                    HEIGHT="62"></String>
          </TextLine>

          
          
          <TextLine ID="eSc_line_5015de92"
                    TAGREFS="LT515"
                    BASELINE="144 362 861 368" 
                    HPOS="143"
                    VPOS="318"
                    WIDTH="718"
                    HEIGHT="62">
            <Shape><Polygon POINTS="143 366 287 376 288 377 364 377 364 376 366 376 377 370 381 375 381 376 383 376 384 376 385 376 487 371 707 379 709 379 710 379 711 379 718 373 791 380 793 380 859 373 861 368 859 331 757 324 756 324 755 324 743 329 735 331 726 329 709 323 707 323 706 323 604 326 519 329 502 324 491 321 490 321 488 321 476 324 452 329 332 329 319 321 319 320 318 320 317 320 316 320 315 320 313 320 313 321 304 328 204 328 195 319 194 319 193 319 192 319 190 319 160 326 147 318 144 362 143 366"/></Shape>
	    <String CONTENT="cõe mon pere ma cõmande/ ainsi ie fais."
                    HPOS="143"
                    VPOS="318"
                    WIDTH="718"
                    HEIGHT="62"></String>
          </TextLine>

          
          
          <TextLine ID="eSc_line_3c7f6939"
                    TAGREFS="LT515"
                    BASELINE="154 414 853 409" 
                    HPOS="153"
                    VPOS="365"
                    WIDTH="700"
                    HEIGHT="60">
            <Shape><Polygon POINTS="834 368 829 368 819 373 806 368 805 368 804 368 712 373 676 374 660 371 626 366 615 366 603 366 598 371 594 374 585 371 561 365 560 365 559 365 558 365 543 370 533 374 524 370 507 365 506 365 496 365 490 370 488 371 484 370 467 365 465 365 464 365 463 365 462 365 456 370 448 375 428 370 414 366 413 366 412 366 411 366 409 366 406 369 397 375 338 375 327 369 322 366 321 366 319 366 318 366 310 369 288 374 263 368 255 366 254 366 153 366 154 414 154 425 852 415 853 409 852 374 838 368 834 368"/></Shape>
	    <String CONTENT="Iehã.5.8.12.14: Cõmẽt lhõme mortel/"
                    HPOS="153"
                    VPOS="365"
                    WIDTH="700"
                    HEIGHT="60"></String>
          </TextLine>

          
          
          <TextLine ID="eSc_line_9023007b"
                    TAGREFS="LT515"
                    BASELINE="145 458 861 458" 
                    HPOS="145"
                    VPOS="415"
                    WIDTH="716"
                    HEIGHT="57">
            <Shape><Polygon POINTS="145 458 145 465 181 471 182 471 183 471 184 471 190 465 193 464 225 464 227 465 232 470 232 471 233 471 234 471 235 472 270 472 270 471 332 465 346 464 349 465 357 471 358 471 360 471 361 471 412 465 422 464 425 465 441 471 442 471 443 472 587 472 587 471 643 464 647 464 658 471 659 471 660 471 661 471 662 471 681 465 752 471 754 471 755 471 778 464 779 464 861 464 861 458 861 421 849 415 847 415 846 415 845 415 824 421 763 415 762 415 507 421 433 415 431 415 324 421 274 415 273 415 221 421 190 415 189 415 145 421 145 458"/></Shape>
	    <String CONTENT="qui nest du tout rien au pris de Iesus/ et"
                    HPOS="145"
                    VPOS="415"
                    WIDTH="716"
                    HEIGHT="57"></String>
          </TextLine>

          
          
          <TextLine ID="eSc_line_63808c4b"
                    TAGREFS="LT515"
                    BASELINE="145 500 856 504" 
                    HPOS="144"
                    VPOS="459"
                    WIDTH="712"
                    HEIGHT="59">
            <Shape><Polygon POINTS="603 459 602 459 600 459 599 459 598 459 594 461 586 467 561 462 557 461 555 461 542 462 488 467 481 462 476 459 475 459 474 459 473 459 471 459 456 462 437 467 422 464 406 459 405 459 403 459 402 459 391 464 381 467 344 464 316 461 315 461 313 461 302 464 294 466 290 464 282 459 279 459 273 459 261 465 257 466 145 466 145 500 144 506 188 516 189 517 238 517 238 516 239 516 240 516 250 509 296 516 298 516 361 509 364 509 367 509 402 516 403 516 481 510 484 510 485 510 493 517 495 517 496 517 497 517 581 511 596 510 704 510 705 511 720 518 721 518 722 518 723 518 746 512 750 511 755 512 774 518 776 518 777 518 778 518 793 512 795 511 796 512 802 518 804 518 805 518 806 518 855 512 856 504 855 460 734 460 733 460 732 460 729 460 706 468 694 461 694 460 693 460 692 460 690 460 684 461 651 468 644 461 643 461 643 460 642 460 641 460 639 460 631 461 611 465 606 461 604 459 603 459"/></Shape>
	    <String CONTENT="ne peult ⁊ nentend au pris de la sagesse"
                    HPOS="144"
                    VPOS="459"
                    WIDTH="712"
                    HEIGHT="59"></String>
          </TextLine>

          
          
          <TextLine ID="eSc_line_639069b6"
                    TAGREFS="LT515"
                    BASELINE="152 552 858 547" 
                    HPOS="150"
                    VPOS="504"
                    WIDTH="708"
                    HEIGHT="63">
            <Shape><Polygon POINTS="795 504 791 504 776 510 756 504 746 504 745 504 728 511 726 511 724 511 703 504 698 504 692 504 682 511 677 513 591 513 588 510 582 505 582 504 581 504 580 504 579 504 577 504 560 510 552 512 490 509 409 505 408 505 407 505 406 505 402 509 397 512 374 509 366 507 364 507 358 509 325 515 298 507 290 506 289 506 262 506 261 506 260 506 259 506 257 507 249 515 239 507 238 507 237 507 150 507 152 552 152 558 278 567 279 567 280 567 305 560 312 557 397 557 402 561 408 566 409 566 411 566 412 567 473 567 473 566 493 561 518 556 548 562 565 564 566 564 568 564 574 562 587 556 619 562 621 562 622 562 624 562 647 556 670 562 678 564 679 564 681 564 682 564 683 564 684 562 694 556 735 563 740 563 741 563 743 563 744 563 760 555 783 563 784 563 785 563 787 563 788 563 789 563 814 555 856 563 858 547 856 512 808 512 808 511 800 504 795 504"/></Shape>
	    <String CONTENT="⁊ puyssance de Iesus/ osera en leglise de"
                    HPOS="150"
                    VPOS="504"
                    WIDTH="708"
                    HEIGHT="63"></String>
          </TextLine>

          
          
          <TextLine ID="eSc_line_f046d99b"
                    TAGREFS="LT515"
                    BASELINE="147 600 858 594" 
                    HPOS="145"
                    VPOS="549"
                    WIDTH="713"
                    HEIGHT="62">
            <Shape><Polygon POINTS="814 549 806 549 799 555 795 558 677 558 670 555 661 550 656 550 651 550 647 555 641 560 579 560 546 555 510 550 498 551 495 551 468 554 405 561 391 554 386 551 385 551 377 551 364 551 352 551 340 551 335 551 334 551 333 551 332 551 329 554 324 557 318 554 316 551 316 552 308 552 307 554 299 561 253 562 226 554 222 552 221 552 220 552 145 552 147 600 147 603 274 611 276 611 277 611 278 611 288 603 289 603 299 603 366 609 367 609 392 603 395 603 397 603 422 609 423 609 424 609 467 603 479 602 492 603 533 608 535 609 566 609 566 608 568 608 569 608 575 603 579 601 596 603 624 607 625 607 858 602 858 594 856 556 818 549 814 549"/></Shape>
	    <String CONTENT="Dieu poͬ le seruice de Dieu faire aucũs"
                    HPOS="145"
                    VPOS="549"
                    WIDTH="713"
                    HEIGHT="62"></String>
          </TextLine>

          
          
          <TextLine ID="eSc_line_d83ba2d6"
                    TAGREFS="LT515"
                    BASELINE="145 643 857 640" 
                    HPOS="144"
                    VPOS="597"
                    WIDTH="713"
                    HEIGHT="61">
            <Shape><Polygon POINTS="277 600 276 600 274 600 274 601 267 608 244 600 243 600 242 600 201 608 169 600 167 600 166 600 165 600 144 608 145 643 145 650 257 650 259 650 266 657 267 657 268 657 270 658 298 658 298 657 299 657 300 657 307 650 308 650 329 650 587 656 588 656 633 648 644 647 650 648 666 653 667 653 669 654 669 653 670 653 686 648 689 647 690 648 696 653 696 654 698 654 699 654 700 654 728 648 733 647 737 648 752 654 754 654 755 654 856 647 857 640 855 606 812 597 811 597 810 597 808 597 808 598 800 606 785 606 597 600 596 600 594 600 593 600 585 607 561 601 560 601 559 601 519 607 508 598 507 598 506 598 469 598 468 598 424 607 357 600 356 600 355 600 334 608 278 600 277 600"/></Shape>
	    <String CONTENT="cõmandemẽs ⁊ ordõnances/ ne proposer"
                    HPOS="144"
                    VPOS="597"
                    WIDTH="713"
                    HEIGHT="61"></String>
          </TextLine>

          
          
          <TextLine ID="eSc_line_5c84cad8"
                    TAGREFS="LT515"
                    BASELINE="145 690 857 686" 
                    HPOS="144"
                    VPOS="642"
                    WIDTH="713"
                    HEIGHT="60">
            <Shape><Polygon POINTS="617 642 616 642 599 650 598 650 592 650 515 643 514 643 513 643 512 643 504 651 409 651 396 643 395 643 394 643 226 651 182 645 181 645 144 652 145 690 145 696 284 702 285 702 287 702 304 696 305 696 329 702 330 702 332 702 333 702 349 696 377 702 378 702 379 702 380 702 380 701 381 701 385 696 602 701 603 701 651 693 656 693 658 693 664 699 665 699 666 699 667 699 856 692 857 686 855 648 734 642 733 642 732 642 706 648 694 642 693 642 692 642 662 648 619 642 617 642"/></Shape>
	    <String CONTENT="autre chose q̃ ce que clairemẽt est cõmãde"
                    HPOS="144"
                    VPOS="642"
                    WIDTH="713"
                    HEIGHT="60"></String>
          </TextLine>

          
          
          <TextLine ID="eSc_line_23aefa00"
                    TAGREFS="LT515"
                    BASELINE="147 735 857 731" 
                    HPOS="145"
                    VPOS="687"
                    WIDTH="712"
                    HEIGHT="60">
            <Shape><Polygon POINTS="829 687 828 687 788 694 779 687 778 687 777 687 766 687 754 687 741 687 729 687 717 687 705 687 700 687 699 687 698 687 696 687 688 696 599 696 591 696 569 690 568 690 566 690 565 690 542 696 514 688 513 688 512 688 510 688 493 696 457 690 456 690 378 697 373 697 372 697 347 690 346 690 345 690 344 690 328 697 328 698 267 698 267 697 260 691 259 691 257 691 194 690 193 690 192 690 177 697 154 690 153 690 152 690 150 690 149 690 149 691 145 693 147 735 147 741 380 747 381 747 383 747 395 743 405 739 412 743 418 746 419 746 420 746 422 746 428 743 435 739 513 743 566 746 568 746 569 746 574 743 583 739 769 744 785 744 787 744 788 744 805 738 855 744 857 731 856 696 830 687 829 687"/></Shape>
	    <String CONTENT="de Dieu ⁊ appertemẽt ꝯtenu en la saĩcte"
                    HPOS="145"
                    VPOS="687"
                    WIDTH="712"
                    HEIGHT="60"></String>
          </TextLine>

          
          
          <TextLine ID="eSc_line_c9598e45"
                    TAGREFS="LT515"
                    BASELINE="145 780 857 777" 
                    HPOS="144"
                    VPOS="733"
                    WIDTH="713"
                    HEIGHT="59">
            <Shape><Polygon POINTS="576 733 575 733 574 733 548 742 547 742 518 733 516 733 515 733 514 733 513 733 499 742 488 735 487 735 486 735 437 735 436 735 435 735 434 735 434 736 425 743 424 744 328 744 273 744 257 736 256 736 255 736 195 743 180 735 178 735 177 735 176 735 144 744 145 780 145 786 237 792 238 792 277 786 279 786 282 786 304 792 305 792 306 792 307 792 329 786 330 786 347 792 349 792 350 792 351 792 366 786 367 786 413 792 414 792 416 792 428 786 480 792 481 792 523 784 527 784 538 784 619 790 620 790 828 784 834 789 834 790 835 790 836 790 838 790 839 790 857 783 857 777 856 738 847 733 846 733 845 733 844 733 777 741 759 742 756 741 750 735 750 733 749 733 748 733 715 733 714 733 670 741 662 742 658 741 632 733 631 733 630 733 628 733 599 742 597 742 596 742 577 733 576 733"/></Shape>
	    <String CONTENT="escripture/ puys q̃ Iesus de si grãde auto"
                    HPOS="144"
                    VPOS="733"
                    WIDTH="713"
                    HEIGHT="59"></String>
          </TextLine>

          
          
          <TextLine ID="eSc_line_0e8c5759"
                    TAGREFS="LT515"
                    BASELINE="144 826 857 826" 
                    HPOS="144"
                    VPOS="781"
                    WIDTH="713"
                    HEIGHT="58">
            <Shape><Polygon POINTS="144 826 145 838 172 832 214 838 218 838 220 838 226 838 267 832 282 837 284 838 285 838 287 839 343 839 343 838 344 838 345 838 345 837 346 837 351 832 378 835 394 838 395 838 396 838 397 838 400 835 405 832 416 835 423 838 424 838 425 838 426 838 434 835 445 832 450 835 453 838 454 838 456 838 457 838 458 838 459 838 462 835 467 832 485 835 506 838 507 838 508 838 509 838 513 834 515 832 520 834 527 838 529 838 530 838 531 838 540 834 546 832 628 833 813 838 814 838 857 831 857 826 856 783 664 787 655 784 645 781 644 781 643 781 617 784 598 787 582 784 560 781 559 781 558 781 557 781 557 782 553 784 551 788 504 788 498 786 486 781 485 781 484 781 454 786 443 787 436 786 419 781 418 781 417 781 373 786 362 787 352 786 313 781 312 781 144 787 144 826"/></Shape>
	    <String CONTENT="rite ⁊ puyssance ne la point faict: disant"
                    HPOS="144"
                    VPOS="781"
                    WIDTH="713"
                    HEIGHT="58"></String>
          </TextLine>

          
          
          <TextLine ID="eSc_line_60f54b8b"
                    TAGREFS="LT515"
                    BASELINE="144 869 857 872" 
                    HPOS="143"
                    VPOS="827"
                    WIDTH="714"
                    HEIGHT="56">
            <Shape><Polygon POINTS="704 827 703 827 701 827 694 833 693 835 621 835 613 833 575 827 574 827 572 827 554 833 549 834 540 833 499 827 498 827 446 833 442 833 435 827 426 827 419 833 418 833 395 827 388 827 380 827 343 833 338 834 289 834 288 833 280 827 278 827 271 827 254 833 251 833 248 833 220 827 217 827 205 827 201 827 144 832 144 869 143 874 173 883 175 883 176 883 315 877 323 877 332 877 416 883 417 883 418 883 430 878 434 877 440 878 463 883 464 883 856 882 857 872 856 834 705 827 704 827"/></Shape>
	    <String CONTENT="nestre point uenu poͬ destruyre la loy ne"
                    HPOS="143"
                    VPOS="827"
                    WIDTH="714"
                    HEIGHT="56"></String>
          </TextLine>

          
          
          <TextLine ID="eSc_line_d56801c7"
                    TAGREFS="LT515"
                    BASELINE="144 918 859 918" 
                    HPOS="144"
                    VPOS="873"
                    WIDTH="715"
                    HEIGHT="58">
            <Shape><Polygon POINTS="144 918 144 923 184 930 186 931 332 931 332 930 333 930 334 930 341 925 344 924 858 929 859 918 851 882 787 882 787 880 778 873 777 873 776 873 672 873 671 873 670 873 669 873 658 880 656 882 630 882 630 880 622 874 622 873 621 873 620 873 619 873 617 873 598 880 596 882 559 882 558 880 549 873 548 873 547 873 546 873 544 873 525 880 524 880 523 880 515 874 514 874 513 874 512 874 424 879 403 880 395 879 357 873 356 873 144 878 144 918"/></Shape>
	    <String CONTENT="les prophetes/ mais pour les accõplir/ et"
                    HPOS="144"
                    VPOS="873"
                    WIDTH="715"
                    HEIGHT="58"></String>
          </TextLine>

          
          
          <TextLine ID="eSc_line_42d71653"
                    TAGREFS="LT515"
                    BASELINE="145 964 861 964" 
                    HPOS="145"
                    VPOS="919"
                    WIDTH="716"
                    HEIGHT="57">
            <Shape><Polygon POINTS="785 919 784 919 783 919 782 919 780 919 769 925 624 922 551 919 549 919 548 919 543 922 535 927 426 927 411 923 383 919 381 919 380 919 370 924 366 927 276 927 272 924 253 919 251 919 250 919 145 925 145 964 145 972 769 976 771 976 774 976 818 970 859 976 861 964 859 919 810 925 787 919 785 919"/></Shape>
	    <String CONTENT="auoir acheue sõ oeuure q̃ le pere luy auoit"
                    HPOS="145"
                    VPOS="919"
                    WIDTH="716"
                    HEIGHT="57"></String>
          </TextLine>

          
          
          <TextLine ID="eSc_line_7762e307"
                    TAGREFS="LT515"
                    BASELINE="147 1012 858 1009" 
                    HPOS="145"
                    VPOS="965"
                    WIDTH="713"
                    HEIGHT="55">
            <Shape><Polygon POINTS="814 965 802 965 799 965 783 969 772 972 766 969 755 965 754 965 745 965 741 969 738 973 672 973 669 970 656 965 656 965 647 965 634 970 631 972 626 970 606 965 596 965 593 965 570 972 569 972 568 972 561 965 559 965 547 965 535 965 523 965 510 965 506 965 492 972 490 974 454 974 442 973 368 965 367 965 366 965 364 965 355 973 332 967 330 967 329 967 328 967 307 973 248 965 246 965 245 965 216 973 170 965 169 965 167 965 145 974 147 1012 147 1018 856 1020 858 1009 856 969 818 965 814 965"/></Shape>
	    <String CONTENT="cõmande/ mõstre quil failloit ainsi estre"
                    HPOS="145"
                    VPOS="965"
                    WIDTH="713"
                    HEIGHT="55"></String>
          </TextLine>

          
          
          <TextLine ID="eSc_line_056965e2"
                    TAGREFS="LT515"
                    BASELINE="147 1057 856 1059" 
                    HPOS="145"
                    VPOS="1012"
                    WIDTH="711"
                    HEIGHT="58">
            <Shape><Polygon POINTS="273 1012 272 1012 271 1012 147 1018 147 1057 145 1061 165 1069 166 1069 167 1069 499 1063 521 1070 523 1070 524 1070 525 1070 544 1064 825 1070 827 1070 828 1070 855 1063 856 1059 856 1020 834 1013 833 1013 832 1013 748 1020 735 1020 734 1020 728 1014 728 1013 727 1013 726 1013 671 1013 670 1013 642 1019 637 1020 631 1019 605 1013 604 1013 603 1013 602 1013 600 1013 591 1019 589 1019 583 1014 583 1013 582 1013 581 1013 526 1013 525 1013 524 1013 507 1019 502 1020 377 1020 375 1019 368 1013 367 1013 366 1013 364 1013 363 1013 362 1013 353 1019 352 1020 284 1020 283 1019 274 1012 273 1012"/></Shape>
	    <String CONTENT="accõply ce qui auoit este dit par les ꝓphe"
                    HPOS="145"
                    VPOS="1012"
                    WIDTH="711"
                    HEIGHT="58"></String>
          </TextLine>

          
          
          <TextLine ID="eSc_line_6c34be22"
                    TAGREFS="LT515"
                    BASELINE="148 1104 857 1102" 
                    HPOS="147"
                    VPOS="1058"
                    WIDTH="710"
                    HEIGHT="57">
            <Shape><Polygon POINTS="731 1059 718 1059 706 1059 694 1059 682 1059 681 1059 672 1065 633 1065 625 1059 621 1059 613 1059 606 1064 602 1059 597 1059 585 1059 572 1059 560 1059 548 1059 543 1059 498 1065 368 1058 367 1058 366 1058 346 1065 339 1059 339 1058 338 1058 336 1058 329 1058 317 1058 310 1058 308 1058 267 1065 246 1058 245 1058 244 1058 243 1058 217 1065 166 1059 165 1059 164 1059 147 1066 148 1104 148 1108 243 1115 244 1115 411 1110 502 1108 510 1111 518 1114 519 1114 520 1114 552 1111 592 1108 856 1112 857 1102 855 1065 735 1059 731 1059"/></Shape>
	    <String CONTENT="tes. Matth.5. Luc.24. Sainct Paul ne"
                    HPOS="147"
                    VPOS="1058"
                    WIDTH="710"
                    HEIGHT="57"></String>
          </TextLine>

          
          
          <TextLine ID="eSc_line_f17008b4"
                    TAGREFS="LT515"
                    BASELINE="149 1146 857 1149" 
                    HPOS="148"
                    VPOS="1103"
                    WIDTH="709"
                    HEIGHT="59">
            <Shape><Polygon POINTS="791 1103 790 1103 785 1105 776 1110 745 1105 727 1103 726 1103 724 1103 723 1103 720 1105 711 1111 675 1111 670 1105 667 1104 667 1103 666 1103 665 1103 660 1103 648 1103 638 1103 637 1103 636 1103 634 1103 630 1106 624 1110 593 1106 566 1103 565 1103 548 1106 531 1110 524 1106 515 1103 514 1103 508 1103 485 1106 470 1109 468 1106 464 1104 453 1104 441 1104 429 1104 417 1104 405 1104 401 1108 398 1110 248 1110 239 1108 212 1104 210 1104 198 1104 188 1104 178 1109 177 1109 170 1104 161 1104 156 1104 149 1108 149 1146 148 1156 475 1160 476 1160 478 1160 479 1160 485 1156 488 1154 492 1155 503 1160 504 1160 506 1160 557 1155 565 1155 566 1155 574 1161 575 1161 576 1161 577 1162 636 1162 636 1161 637 1161 656 1155 659 1155 662 1155 715 1161 716 1161 717 1161 718 1161 726 1155 727 1155 791 1155 812 1161 813 1161 814 1161 856 1154 857 1149 855 1105 822 1109 804 1105 793 1103 791 1103"/></Shape>
	    <String CONTENT="dit il point aussi quil nẽseigne autre q̃ ce"
                    HPOS="148"
                    VPOS="1103"
                    WIDTH="709"
                    HEIGHT="59"></String>
          </TextLine>

          
          
          <TextLine ID="eSc_line_4f1fc9b2"
                    TAGREFS="LT515"
                    BASELINE="150 1196 564 1193 853 1196" 
                    HPOS="149"
                    VPOS="1148"
                    WIDTH="704"
                    HEIGHT="60">
            <Shape><Polygon POINTS="733 1149 721 1149 718 1149 689 1156 687 1157 621 1157 620 1156 611 1149 610 1149 609 1149 608 1149 606 1149 581 1156 572 1149 563 1149 551 1149 538 1149 529 1149 520 1157 475 1157 431 1148 430 1148 429 1148 428 1148 428 1149 419 1156 401 1148 400 1148 398 1148 397 1148 396 1148 384 1156 367 1148 366 1148 364 1148 363 1148 346 1156 324 1148 323 1148 322 1148 321 1148 304 1157 272 1157 240 1148 239 1148 238 1148 237 1148 235 1148 223 1156 177 1151 176 1151 175 1151 149 1157 150 1196 150 1208 197 1200 232 1207 233 1207 282 1201 324 1207 330 1207 332 1207 333 1207 334 1207 349 1200 357 1206 357 1207 358 1207 360 1207 361 1207 362 1207 363 1207 364 1206 377 1200 498 1200 510 1205 518 1207 519 1207 520 1207 543 1204 572 1200 593 1204 615 1207 616 1207 617 1207 619 1207 619 1206 622 1204 626 1200 662 1202 724 1207 726 1207 757 1201 767 1200 780 1201 833 1207 834 1207 835 1207 853 1200 853 1196 852 1156 743 1149 733 1149"/></Shape>
	    <String CONTENT="que Moyse ⁊ les prophetes ont escript."
                    HPOS="149"
                    VPOS="1148"
                    WIDTH="704"
                    HEIGHT="60"></String>
          </TextLine>

          
          
          <TextLine ID="eSc_line_001bc5df"
                    TAGREFS="LT515"
                    BASELINE="150 1245 857 1239" 
                    HPOS="149"
                    VPOS="1194"
                    WIDTH="708"
                    HEIGHT="82">
            <Shape><Polygon POINTS="782 1196 774 1196 763 1200 762 1200 704 1195 696 1195 684 1195 682 1195 666 1200 630 1194 628 1194 627 1194 597 1201 575 1194 574 1194 572 1194 571 1194 554 1202 549 1202 440 1195 439 1195 377 1204 278 1197 277 1197 276 1197 274 1197 263 1205 158 1197 156 1197 155 1197 154 1197 154 1199 149 1202 150 1245 150 1258 180 1272 181 1272 182 1272 183 1272 220 1258 228 1255 233 1257 263 1276 265 1276 266 1276 267 1276 361 1275 362 1275 363 1275 363 1274 372 1266 409 1263 411 1263 425 1256 433 1252 487 1252 491 1255 498 1262 498 1263 499 1263 501 1263 502 1263 503 1263 504 1263 514 1255 518 1252 549 1252 554 1255 591 1273 592 1273 593 1274 683 1274 683 1273 684 1273 686 1273 686 1272 705 1253 705 1252 724 1250 754 1250 757 1252 768 1261 769 1261 771 1261 772 1261 773 1261 774 1261 774 1259 783 1252 787 1250 825 1250 828 1251 835 1257 835 1258 836 1258 838 1258 839 1258 840 1258 857 1251 857 1239 853 1200 799 1200 797 1200 794 1196 782 1196"/></Shape>
	    <String CONTENT="Act.26? ⁊ ne parle q̃ ce que Iesus a faict"
                    HPOS="149"
                    VPOS="1194"
                    WIDTH="708"
                    HEIGHT="82"></String>
          </TextLine>

          
        </TextBlock>
        
        <TextBlock HPOS="712"
                   VPOS="1253"
                   WIDTH="148"
                   HEIGHT="50"
                   ID="eSc_textblock_4fafd487"
                   TAGREFS="BT1414">
          <Shape><Polygon POINTS="712 1253 712 1303 860 1303 860 1253"/></Shape>
          
          
          <TextLine ID="eSc_line_62ec76e7"
                    TAGREFS="LT515"
                    BASELINE="728 1289 859 1289" 
                    HPOS="728"
                    VPOS="1241"
                    WIDTH="131"
                    HEIGHT="77">
            <Shape><Polygon POINTS="728 1289 728 1302 751 1312 752 1312 754 1312 755 1312 774 1306 783 1303 788 1307 796 1314 796 1315 797 1315 799 1315 800 1315 819 1312 825 1317 825 1318 827 1318 828 1318 829 1318 859 1312 859 1289 852 1253 825 1241 824 1241 793 1241 791 1241 790 1241 789 1241 776 1252 756 1242 755 1242 754 1242 752 1242 728 1249 728 1289"/></Shape>
	    <String CONTENT="en luy."
                    HPOS="728"
                    VPOS="1241"
                    WIDTH="131"
                    HEIGHT="77"></String>
          </TextLine>

          
        </TextBlock>
        

        
      </PrintSpace>
    </Page>
  </Layout>
</alto>
