977 1414
160 84 709 62 Leuãgile ainsi quil est necessaire pour le

161 130 706 62 proffit des Chrestiẽs/ ⁊ doit on tenir lesð

157 177 710 57 cõmandemẽs ⁊ ordõnances soubz peine

157 222 708 61 de peche mortel/ aĩsi q̃ S. Paul la p̃sche/

156 269 714 62 cõmandãt de tenir les traditiõs ⁊ ordon

155 315 711 59 nãces des anciẽs qͥ estoiẽt en Hierusalẽ/

160 361 709 60 ce qͥl neut faict si le peuple ne fut tenu de

157 408 713 52 les garder/ cõe il est cõtenu aux Act.16.

185 454 685 62 En quoy est tout clair/ q̃ le siege Aposto

156 500 714 63 lique de Rõme a ung chef/ cest le Pape/

157 547 710 63 qͥ aux choses doubteuses doit mettre fin/

159 593 713 59 ⁊ a puyssãce de faire ordõnãces ⁊ status

157 641 713 58 obligeãs tous soubz peine de peche mor¬

157 685 716 62 tel/ ⁊ semblablemẽt les Euesques en leͬs

159 730 709 68 dioceses. Et pourtant la conclusion de¬

160 780 514 66 meure uraye ⁊ assez prouuee.

386 827 265 57 Le Predicant.

161 868 712 65 Uous dictes biẽ quil fault en Leglise de

164 919 710 62 Dieu ung chef ⁊ ung souuerain/ ⁊ quõ

162 966 711 59 est tenu luy obeyr: mais uous le mõstrez

162 1011 712 61 mal/ ⁊ mettez ung autre q̃ lescripture ne

162 1058 713 60 met. Car en lescripture ne trouuerez que

161 1101 713 65 le Pape soit chef ne souuerain en Legli¬

163 1147 713 63 se: mais Iesus qui est le souuerain est le

163 1194 715 84 seul chef ⁊ le seul espoux de Leglise: ueu

750 1240 122 71 quil a
