983 1405
113 121 720 56 Cõment dictes uous que ce que Lapostre

114 166 714 57 cõmande quon garde/ a este cõmande en

117 211 714 60 Leuangile? ou trouuez uous que Iesus

115 258 715 59 aye defẽdu de mãger du sãg/ des choses

117 304 712 51 estranglees/ ⁊ des sacrifiees aux idoles?

117 348 714 60 uoꝰ nẽ auez ung seul mot en tout Leuã

119 394 712 61 gile. Car si Iesus leut defẽdu/ il nestoit

115 443 715 58 ia besoing que les Apostres ⁊ anciẽs eus¬

117 488 713 55 sent faict ce cõcil en Ierusalẽ pour le de¬

118 530 712 62 fendre. Il suffisoit qͥl fut defendu de Ie¬

118 578 711 60 sus. Mais pourtãt q̃ nr̃e Seigñr Iesus

115 622 714 60 auoit baille la charge a S. Pierre/ disãt:

117 669 714 61 Paistz mes brebis. Iehã.21. le cõstituãt

115 717 714 60 chef de son eglise/ auquel auoit dõne les

115 763 714 60 clefz du royaume des cieulx/ ayant aussi

118 811 711 50 estably lautorite des concilz/ disant: q̃ ce

117 854 711 58 qͥlz lyeroiẽt sus la terre/ seroit lye au ciel:

117 899 712 59 ⁊ ce qͥlz deslyeroiẽt en la terre/ seroit des¬

115 944 716 60 lye au ciel. En uertu de cecy S. Pierre a¬

115 991 714 58 uec le cõcil ordõna les quatre articles cõ

118 1037 711 60 tenus en la defense faicte. Car S. Pierre

117 1084 711 59 a eu puyssãce/ ⁊ la laissee a ses successeͬs.

118 1132 711 59 Et aussi les saĩctz cõcilz ont eu puyssan¬

118 1177 711 59 ce de faire ordonnances/ quon est tenu de

120 1222 627 71 garder soubz peine de peche mortel.

459 1263 370 71 C .iiii. Le Pre-
