948 1404
386 88 262 59 Le Predicant.

121 131 714 60 S. Pierre point ne presume de cõmãder

119 181 716 57 ne faire ordõnãce autre q̃ ce que Iesus a

118 225 716 58 ordõne/ ⁊ ne ueult charger le peuple dau

118 271 710 58 cuns fardeaulx de cõstitutiõs. Mais ap

117 317 713 58 pelle ce tẽpter Dieu/ disant deuãt tous:

118 362 714 60 Que uoulez uoꝰ tẽpter Dieu/ de mettre

117 410 716 60 charge sur les disciples q̃ nous ne noz pe¬

115 458 717 52 res nauõs peu porter? mais attẽdõs par

117 503 715 59 la grace de Dieu destre sauuez cõe iceulx

117 548 716 61 Act.15. Parquoy la saincte assemblee des

117 595 712 59 Apostres ⁊ autres Chrestiẽs (qͥ estoiẽt en

133 641 701 57 Ierusalem/ reprenãs les prescheurs qui

117 685 712 61 auoiẽt p̃sche a ceulx qui par la p̃dication

118 731 714 59 de S. Paul ⁊ Barnabas sestoiẽt cõuer¬

117 778 716 56 tis didolatrie a Iesus/ qͥlz deuoient estre

117 824 716 62 circõcis ⁊ garder la loy de Moyse) escri¬

118 872 715 59 uent qͥlz nont point este consentans/ ⁊ ne

120 917 713 59 ueulent charger iceulx qͥ ont creu en Ie¬

119 964 714 59 sus de lobseruatiõ de la loy de Moyse/ cõ

118 1010 714 59 bien quelle a este dõnee par nr̃e Seigñr.

120 1056 715 61 Mais cõe umbre ⁊ figure de Iesus/ fors

125 1104 711 55 qͥlz se gardẽt du sãg/ ð lestrãgle/ ð loffert

119 1150 717 58 aux images/ ⁊ de paillardise. Et cecy a

120 1195 715 75 bon droict: affin que par leur manger/ ilz

682 1241 151 83 ne scan-
