972 1409
112 98 716 54 ne scãdalizassent leur ꝓchain/ ce que nr̃e

112 140 711 61 Seigñr a defendu. Matth.18. cõme aussi

112 190 708 57 Lapostre le mõstre aux Romaĩs au .14.

111 241 712 52 ⁊ en la premiere aux Corinthiẽs.8. ⁊ .10.

105 285 718 53 Car plusieurs sans auoir esgard a leur

109 328 713 60 prochain les scandalizoiẽt en mangeãt/

108 375 715 60 ce quilz ne deuoiẽt faire/ ains sen garder

109 421 545 61 par le cõmandement de Iesus.

336 467 299 54 Nostre Maistre.

110 509 717 60 Quand il ny eut autre q̃ le scãdale/ il ne

108 561 718 57 failloit ia faire pour ce ordonnance. Car

109 607 718 56 cessant le scãdale/ on ne seroit point tenu

108 652 718 56 de tenir ceste ordõnance: mais S. Pierre

109 697 713 62 ⁊ le cõcil (cõe desia ay dit) selon la puys¬

110 745 715 59 sance q̃ nr̃e Seigñr leur a donnee luy cõ¬

109 792 716 55 mettant les brebis/ ⁊ le cõstituãt chef de

109 838 717 55 Leglise luy dõnant les clefz du royaume

109 881 717 58 des cieulx/ quand il dit: Paistz mes bre¬

108 927 717 58 bis: En uertu de ce ont faict ceste ordõnã

109 973 716 60 ce. Et ie uoꝰ demãde/ puys q̃ uoꝰ dictes

110 1020 715 61 q̃ cecy qͥ est cõmande de soy garder/ est du

111 1069 715 57 cõmãdemẽt de Iesus quõ ne dõne point

111 1115 717 57 de scãdale/ si cessant le scãdale il oblige ⁊

114 1158 711 64 quõ le doyue tenir? Et respondez bref:

114 1203 713 87 car uous estes fort long. Nous ne som-

742 1252 83 71 mes
