957 1407
104 112 712 67 mes pas icy pour p̃scher/ mais pour dis¬

105 164 120 58 puter.

330 195 266 66 Le Predicant.

116 249 709 62 Ie uous uouldroye prier que eussiez la

107 297 717 61 paciẽce douyr/ cõme lon est prest de uous

106 343 719 59 ouyr si longuemẽt quil uous plairra de

111 388 714 56 parler. Ce q̃ uous dictes q̃ le scãdale ne

109 433 716 61 deuoit esmouuoir les Apostres de defen¬

110 480 714 61 dre quon se gardast de ce quilz defendẽt/

111 526 711 61 puys q̃ nr̃e Seigñr lauoit assez defendu/

110 574 719 53 certes il est tout au cõtraire. Car pourtãt

112 617 715 57 que nr̃e Seigñr lauoit defendu/ cõe bons

114 665 712 59 seruiteͬs de Iesus ilz le deuoiẽt defẽdre/

113 708 714 62 mõstrans la uolunte du Seigͬ cõe celuy

112 755 718 62 bien ꝓpose le cõmandemẽt de Iesus/ qui

116 806 713 55 dit quõ pardõne a ceulx qui ont faict in¬

114 847 716 62 iure ⁊ tort. Ce qui est dit uniuersellemẽt

118 895 711 59 de remettre et pardonner/ sil uient dire:

117 941 713 61 cestuy a dit tout plein de mal de toy/ par¬

118 987 713 57 donne luy/ en ce faisant il ne dõne point

117 1034 714 58 nouueau commandemẽt/ mais celuy de

119 1078 712 62 Dieu. Ainsi les Apostres ont faict/ com¬

118 1123 714 62 mandãs deuiter scandale/ lequel cessant

120 1171 711 61 plus nest on oblige: non autrement que

120 1217 709 62 quãd mon frere a indigẽce suys tenu luy

689 1266 140 62 donner
