964 1402
111 121 713 58 dõner de mes biẽs: ⁊ quãd il nen a point

111 167 711 58 de necessite/ lobligatiõ cesse. Et de ce que

109 214 711 58 demandez/ il est clair que maintenant ne

109 264 711 54 sommes obligez/ puys quil ny a point de

109 306 710 59 scãdale ⁊ ꝑsonne ne dit que celuy qͥ mãge

111 355 711 57 du sang peche. En quoy bien appert quẽ

109 398 713 57 ceste ordõnance riẽ noblige q̃ le cõmande

109 443 712 59 mẽt de Iesus/ cest le scãdale. Et cecy biẽ

109 490 710 56 deuroit abbatre les cornes de toꝰ Papes

109 536 711 58 ⁊ cõcilz ⁊ toutes leurs ordonnances. Car

111 581 709 61 sil est ainsi que ce qui a este ordonne en ce

108 627 711 61 cõcil tãt sainct des Apostres/ qui est con¬

111 676 708 58 tenu en la saincte escripture/ que le sainct

111 722 708 54 esperit a ordõne/ na lieu ⁊ nest tenu ⁊ ne

108 767 709 52 oblige fors que tant q̃ le cõmandemẽt de

115 811 702 59 Iesus astreinct/ ⁊ cessant lobligation du

107 858 710 57 cõmandemẽt de Iesus ceste ordonnance

107 904 712 58 noblige point. Par plus forte raison les

108 951 708 52 ordõnãces des Papes ⁊ des cõcilz qui ne

109 997 707 59 sont enregistrees en la saincte escripture

109 1043 706 58 cõe ceste/ ⁊ qui ne sont par le S. esperit si

108 1095 708 52 exp̃ssemẽt/ cõmẽt peuuẽt obliger a peche

108 1134 709 58 si ny a expres cõmandemẽt qui cõmande

107 1181 703 57 ce que les concilz ou Papes cõmandent?

107 1223 709 89 Et ne fault q̃ pource que nr̃e Seigñr a cõ

673 1268 137 88 mande
