950 1405
114 98 717 53 mande a S. Pierre de nourrir les brebis

117 139 715 64 diceluy Seigͬ Iesus/ non de S. Pierre.

115 186 716 61 Car il dit: paistz mes brebis/ non les tiẽ¬

114 234 716 59 nes: que par ce S. Pierre soit chef/ ne les

118 277 712 66 Papes q̃ uoꝰ dictes successeͬs de S. Pier

115 325 715 61 re/ duq̃l ne tiẽnent rien. Leglise na quũg

117 371 713 63 chef ⁊ une teste/ cest Iesus uiuãt eternel¬

115 416 715 64 lemẽt: lequel a dõne a S. Pierre ⁊ a tous

117 463 713 60 ceulx qͥ portẽt puremẽt la parolle de ue¬

115 511 716 56 rite les clefz du royaume des cieulx/ qͥ ne

117 557 714 62 sont que Leuãgile la parolle de Dieu/ et

115 602 714 64 tant que S. Picrre p̃sche puremẽt Iesus

119 648 711 65 filz de Dieu uiuãt/ Leuãgile/ la pure pa

117 695 711 63 rolle de Dieu/ il a les clefz: ⁊ ceulx aussi

117 739 712 60 qui puremẽt portẽt la doctrine de Iesus.

117 786 712 64 Et ainsi q̃ par la parolle de Dieu ilz an¬

117 834 713 62 noncẽt la remissiõ des pechez aux croyãs

119 879 709 60 en Iesus/ qͥ delaissẽt leur mauuaise uie/

118 926 714 64 ainsi il leur est faict. Car puis qͥlz parlẽt

118 972 714 59 la parolle de Dieu/ selon quelle contient

119 1019 712 60 il est faict/ ⁊ declairãs aux infideles en¬

120 1065 712 62 durcis en leurs iniqͥtez/ le iugemẽt ⁊ con¬

121 1111 713 61 dẽnation de Dieu cõtenue en la parolle

121 1157 709 60 de Dieu selon qͥlz annõcẽt/ Dieu iuge ꝑ

125 1202 710 82 sa parolle. Et autremẽt ne peult lhõme

706 1250 128 70 ouurir
