962 1498
111 141 721 61 ouurir ne fermer le royaume des cieulx/

113 188 719 62 pardõner ou retenir les pechez quen ꝓpo

113 232 721 62 sant la parolle de Dieu/ cõe nr̃e Seigñr

119 279 715 60 Iesus monstre en enuoyãt ses Apostres

114 325 718 63 p̃scher Leuãgile a toute creature: ⁊ Leuq̃

114 372 716 64 gile p̃schee/ ceulx qͥ croyẽt ⁊ sont baptizez

114 420 718 59 sont sauuez/ la est louuerture du ciel/ le

114 464 718 66 desliemẽt/ ⁊ la remissiõ des pechez auoir

117 513 717 61 par foy les coeurs netz et purifiez. Qui

117 558 717 57 ne croit point/ est condemne: la est cloz le

114 604 723 62 ciel/ le lyemẽt/ la retẽtion des pechez. Au¬

118 647 719 64 trement quand S. Pierre ne parle la pa¬

117 695 721 67 rolle de Dieu/ il na les clefz du royaume

116 744 722 64 des cieulx: mais est ung Satan ne sca¬

121 790 716 62 uant point les choses de Dieu mais des

122 833 690 65 hõmes/ cõme Iesus luy dit Matth.16.

124 878 715 69 Et ceulx qui doyuẽt porter la parolle de

127 930 717 59 Dieu ⁊ ne la portent/ mais empeschent

124 971 720 66 ceulx qui la portẽt/ sont mauldictz cõme

126 1018 717 65 cloans ⁊ fermans le royaume des cieulx

126 1064 716 66 deuãt les hõmes/ ⁊ ny entrẽt point/ ⁊ ne

126 1111 713 61 laissent entrer ceulx qui y ueulẽt entrer.

126 1157 716 65 Matth.23. ilz ostent la clef de sciẽce sans

128 1204 716 64 y entrer ne laisser entrer ceulx qͥ y ueulẽt

128 1248 716 93 entrer. Luc.11. Et autrement Leglise ne

738 1293 105 71 peult
