952 1392
132 37 720 60 peult lyer ne deslyer sinõ en apportãt la

132 82 716 57 parolle de Dieu. Et ꝑsõne des seruiteͬs

132 127 716 58 de Dieu iamais ne sappella chef de Le¬

135 175 713 59 glise/ ⁊ na este baille ce nom qua Iesus.

132 222 718 54 Car S. Pierre ne sappelle ne Pape ne

135 267 715 57 souuerain: mais simplemẽt Apostre/ pre

133 314 715 59 stre/ cõe il a escript en son epistre/ disant:

134 357 714 60 Les p̃stres qui sont entre uous/ moy qui

135 402 713 63 suys p̃stre ie prie nourrissez tant quil est

134 452 714 51 en uoꝰ le troppeau du Seigͬ. 1.Pierre.5.

136 496 714 60 qui nest autre chose que p̃scher la parolle

135 542 715 61 du pasteur Iesus. Et autre ne doyuent

136 589 713 55 p̃scher ne leurs ordonnances ne dautres:

133 634 717 58 mais Iesus puremẽt/ ⁊ soy recõgnoistre

134 679 715 61 seruiteurs de Leglise ⁊ non chef cõme dit

135 725 712 61 Lapostre: Nous ne p̃schons point nous

132 772 716 58 mesmes: mais le Seigͬ Iesus Christ/ et

132 817 715 61 nous uoz seruiteͬs en Iesus. 2.Corin.4.

195 865 653 60 Parquoy de toutes ces superioritez

133 908 715 64 Papales ⁊ puyssance de cõstituer ⁊ faire

132 956 715 58 ordõnances/ lescripture nen a rien: mais

131 1004 714 58 les defend ⁊ nul des Apostres nen a use.

359 1049 298 58 Nostre Maistre.

134 1085 712 68 Dieu a cõstitue S. Pierre pour estre sou

134 1141 714 108 uerain/ ainsi quen la loy anciẽne y auoit

758 1191 87 61 ung
