957 1491
113 99 714 60 ung souuerain p̃stre qui a este figure de

110 144 715 58 S. Pierre ⁊ de ses successeurs/ cõe para¬

109 188 715 60 uant a este dict. Et Dieu a dõne puyssã¬

111 236 715 60 ce a S. Pierre et a ses successeurs/ en luy

111 284 715 57 donnant les clefz du royaume des cieulx

111 328 716 54 de faire ordõnances ⁊ sentẽces lesquelles

111 373 720 59 fault ainsi garder cõme parauant celles

111 419 716 60 du souuerain p̃stre de la loy/ ⁊ a S. Pier

111 467 717 56 re ⁊ a ses successeurs tout le monde doit

110 513 716 58 obedience ⁊ leur obeyr/ sans uouloir dif¬

113 559 717 54 puter ne senquester du cõtraire/ puys que

114 603 717 60 Dieu la constitue sus tous/ ⁊ a son siege

113 649 720 60 appartiẽt de discuter les choses doubteu

114 694 716 60 ses en la foy ⁊ es meurs/ et ainsi quil or¬

114 741 710 64 donne/ ⁊ ceulx qui uiennent apres luy/

116 787 366 67 fault tenir ⁊ garder.

345 831 267 59 Le Predicant.

114 877 722 62 Assez a este mõstre clairemẽt cõe le souue

114 925 717 56 rain sacrificateur (q̃ uous dictes p̃stre) a

116 971 716 59 este figure de Iesus/ ⁊ nõ de S. Pierre.

115 1018 713 60 Car lors lhõme seroit figure dũg pur hõ

118 1064 712 61 me/ ⁊ par lescripture ne poui riez mõstrer

119 1112 716 58 que le souuerain sacrificateur que uous

119 1155 716 61 appellez prestre soit figure de S. Pierre

123 1202 713 95 ne dautre fors que de Iesus comme par

698 1246 142 78 lepistre
