938 1402
129 65 718 58 lepistre aux Ebrieux a este mõstre/ ⁊ de

130 112 717 60 la puyssance ⁊ clefz de S. Pierre claire¬

130 160 719 57 ment a este monstre/ que cest la parolle

132 204 713 60 de Dieu quil a presche/ annonceant aux

133 250 716 60 fideles salut et remission des pechez: et

130 295 719 62 ainsi les deslyant comme il appert en ses

134 343 715 60 p̃dications quil a faict aux Iuifz auoir

132 390 717 57 receu le S. esperit/ ⁊ en Cornille ⁊ les siẽs

132 435 717 62 qui oyans la p̃dication de S. Pierre ont

132 482 715 58 receu le Saĩct esperit. Actes.10. et .1.3.4.

132 529 717 61 monstrant la uẽgeance des infideles/ et

130 573 713 60 ainsi les lyant cõe est clair Act.5. et .8. en

130 621 719 58 Ananie/ Saphyra/ et Simon magicien.

134 665 715 54 Et ainsi a faict S. Paul demõstrant la

132 711 715 61 promesse de Dieu aux esleuz/ et le salut

130 759 719 60 aux croyãs: aussi la condẽnation aux re

130 804 716 58 pugnãs infideles. Act.13.18.28. Et quãd

132 854 715 61 S. Pierre a parle autre que la parolle de

129 898 713 61 Dieu/ il en a este reprins cõe ung Satã/

129 947 716 62 cõe Iesus luy a dit. Matt.16. ⁊ S. Paul

125 993 713 59 aussi la reprins cõme ne cheminãt selon

127 1039 716 61 droicture. Gala.2. En quoy assez est

128 1087 717 60 clair que hõme quelque sainct ne bõ quil

128 1132 717 59 soit: nest destre ouy fors tãt quil parle la

127 1177 715 77 pure parolle de Dieu. Et sil dit autre¬

756 1229 87 71 mẽt
