974 1445
87 125 718 61 ment cõe faulx ꝓphete parlant songes ⁊

89 173 717 56 courant sans estre enuoye/ ne doit estre

89 217 715 59 ouy cõe nr̃e Seigͬ cõmande Ieremi.23.

87 267 717 55 Car seulemẽt ceulx qͥ puremẽt portent la

89 310 715 54 parolle de Dieu/ sont enuoyez de Dieu.

87 357 718 58 Et ne fault en cecy estre legier a croyre

87 403 718 59 toꝰ: mais fault prouuer les esperitz/ silz

87 449 715 59 sont de Dieu. 1.Iehan.4. Car il fault q̃

85 494 721 61 les brebis de nr̃e Seigñr regardẽt/ si cest

84 546 721 51 la uoix du pasteur Iesus ce qui leur est

91 587 715 60 ꝓpose: ueu q̃lles cõgnoissent la uoix du

89 635 693 63 pasteur/ ⁊ reiectẽt toute autre. Iehã.10.

315 681 298 57 Nostre Maistre.

89 722 713 64 Ie uous prouue exp̃ssemẽt/ q̃ S. Pierre

85 774 717 61 ⁊ Leglise ont puyssance de faire ordon¬

83 821 721 58 nances quil fault tenir/ cõbien que Dieu

81 865 721 61 ne laye point cõmande: ⁊ qͥlz peuuẽt chã¬

83 911 719 57 ger ⁊ muer le cõmãdemẽt de Dieu. Une

84 957 715 60 foys Dieu a cõmãde quõ trauaillast six

81 1004 720 59 iours ⁊ quõ se reposast le Samedy/ ainsi

83 1051 716 59 q̃ les Iuifz gardãs la letre gardent leur

85 1103 713 54 feste. Mais Leglise par la puyssance que

83 1145 716 60 luy a este dõnee/ a change le Samedy au

84 1189 715 54 Dimẽche a cause de la resurrectiõ de nr̃e

84 1235 712 75 Seigͬ. Et faict on feste le Dimẽche par

511 1280 283 72 D le cõm-
