<?xml version="1.0" encoding="UTF-8"?>
<alto xmlns:xsi="http://www.w3.org/2001/XMLSchema-instance"
      xmlns="http://www.loc.gov/standards/alto/ns-v4#"
      xsi:schemaLocation="http://www.loc.gov/standards/alto/ns-v4# http://www.loc.gov/standards/alto/v4/alto-4-2.xsd">
  <Description>
    <MeasurementUnit>pixel</MeasurementUnit>
    <sourceImageInformation>
      <fileName>53_4c159_default.jpg</fileName>
      <fileIdentifier>https://api.digitale-sammlungen.de/iiif/image/v2/bsb10194057_00054/full/full/0/default.jpg</fileIdentifier>
    </sourceImageInformation>
  </Description>
  
  <Tags>
    <OtherTag ID="BT1411" LABEL="MainZone" DESCRIPTION="block type MainZone"/><OtherTag ID="BT1412" LABEL="TitlePageZone" DESCRIPTION="block type TitlePageZone"/><OtherTag ID="BT1413" LABEL="MarginTextZone:handwrittenAddition" DESCRIPTION="block type MarginTextZone:handwrittenAddition"/><OtherTag ID="BT1414" LABEL="QuireMarksZone" DESCRIPTION="block type QuireMarksZone"/><OtherTag ID="BT1415" LABEL="DropCapitalZone" DESCRIPTION="block type DropCapitalZone"/><OtherTag ID="BT1416" LABEL="GraphicZone" DESCRIPTION="block type GraphicZone"/><OtherTag ID="BT1417" LABEL="StampZone" DESCRIPTION="block type StampZone"/>
    <OtherTag ID="LT515" LABEL="DefaultLine" DESCRIPTION="line type DefaultLine"/><OtherTag ID="LT516" LABEL="DropCapitalLine" DESCRIPTION="line type DropCapitalLine"/><OtherTag ID="LT517" LABEL="HeadingLine" DESCRIPTION="line type HeadingLine"/>
  </Tags>
  
  <Layout>
    <Page WIDTH="935"
          HEIGHT="1446"
          PHYSICAL_IMG_NR="53"
          ID="eSc_dummypage_">
      <PrintSpace HPOS="0"
                  VPOS="0"
                  WIDTH="935"
                  HEIGHT="1446">
        
        <TextBlock HPOS="122"
                   VPOS="70"
                   WIDTH="757"
                   HEIGHT="1189"
                   ID="eSc_textblock_53f472b2"
                   TAGREFS="BT1411">
          <Shape><Polygon POINTS="122 74 137 1259 879 1248 857 70"/></Shape>
          
          
          <TextLine ID="eSc_line_6d83030f"
                    TAGREFS="LT515"
                    BASELINE="141 128 849 126" 
                    HPOS="139"
                    VPOS="81"
                    WIDTH="710"
                    HEIGHT="57">
            <Shape><Polygon POINTS="839 91 827 87 815 84 803 81 801 84 795 81 791 81 779 81 767 81 755 81 743 81 731 81 728 81 692 84 688 81 682 81 670 81 669 83 664 81 658 81 646 81 635 81 632 84 627 81 622 81 610 81 606 85 548 85 524 81 513 81 501 81 489 81 482 81 474 86 435 86 429 81 429 81 417 81 405 81 398 81 374 85 369 81 369 81 357 81 353 81 337 85 332 81 332 81 320 81 308 81 296 81 284 81 283 81 277 86 234 86 228 81 224 81 212 81 200 81 188 81 176 81 164 81 152 81 139 95 141 128 141 134 848 138 849 126 844 92 839 91"/></Shape>
	    <String CONTENT="le cõmandemẽt ⁊ ordõnance de Leglise/"
                    HPOS="139"
                    VPOS="81"
                    WIDTH="710"
                    HEIGHT="57"></String>
          </TextLine>

          
          
          <TextLine ID="eSc_line_7ad7055e"
                    TAGREFS="LT515"
                    BASELINE="143 178 370 173 852 175" 
                    HPOS="142"
                    VPOS="128"
                    WIDTH="710"
                    HEIGHT="53">
            <Shape><Polygon POINTS="196 128 143 133 143 178 142 181 851 179 852 175 851 134 197 128 196 128"/></Shape>
	    <String CONTENT="⁊ nõ point par le cõmandemẽt de Dieu."
                    HPOS="142"
                    VPOS="128"
                    WIDTH="710"
                    HEIGHT="53"></String>
          </TextLine>

          
          
          <TextLine ID="eSc_line_2e33a0cb"
                    TAGREFS="LT515"
                    BASELINE="143 221 854 219" 
                    HPOS="142"
                    VPOS="175"
                    WIDTH="712"
                    HEIGHT="57">
            <Shape><Polygon POINTS="817 175 813 175 784 183 698 183 675 175 673 175 664 175 647 183 562 183 546 175 545 175 544 175 542 175 516 181 487 175 486 175 484 175 470 183 453 175 452 175 451 175 450 175 431 183 253 175 250 177 238 177 226 177 220 177 196 183 174 178 166 178 155 178 142 184 143 221 143 226 381 232 382 232 383 232 384 232 392 226 433 232 434 232 501 225 507 225 518 225 661 231 662 231 693 225 769 231 770 231 804 225 843 231 844 231 845 231 846 231 854 224 854 219 851 183 828 183 821 175 817 175"/></Shape>
	    <String CONTENT="Car si lon suyuoit le commandement de"
                    HPOS="142"
                    VPOS="175"
                    WIDTH="712"
                    HEIGHT="57"></String>
          </TextLine>

          
          
          <TextLine ID="eSc_line_04a8a7b1"
                    TAGREFS="LT515"
                    BASELINE="144 268 854 263" 
                    HPOS="143"
                    VPOS="220"
                    WIDTH="711"
                    HEIGHT="61">
            <Shape><Polygon POINTS="819 220 811 220 798 227 690 227 682 220 674 220 662 220 650 220 643 220 603 227 564 220 553 220 552 220 541 228 517 228 501 220 493 221 481 221 469 221 457 221 446 221 445 221 443 221 434 228 365 221 360 221 348 221 347 221 319 230 308 221 307 221 306 221 305 221 304 221 277 230 277 231 276 231 228 231 214 221 213 221 212 221 203 221 191 221 179 221 167 221 155 221 149 221 148 221 147 221 145 221 145 222 144 222 143 224 144 268 144 274 230 273 241 275 271 281 272 281 312 275 332 272 342 275 349 278 351 278 352 278 353 278 359 275 366 272 398 275 423 278 424 278 425 278 433 275 442 272 452 275 462 279 463 279 464 279 465 279 466 279 470 275 471 274 472 275 477 279 477 280 478 280 480 280 481 280 482 280 500 275 511 273 526 275 547 279 548 279 550 279 551 279 551 278 554 275 559 271 568 275 575 279 576 279 577 279 606 275 645 271 652 275 656 279 657 279 658 279 659 279 715 278 716 278 717 278 717 277 719 275 723 272 731 275 733 278 734 278 735 278 737 278 852 275 854 263 852 227 827 220 819 220"/></Shape>
	    <String CONTENT="Dieu a la letre/ il fauldroit soy reposer"
                    HPOS="143"
                    VPOS="220"
                    WIDTH="711"
                    HEIGHT="61"></String>
          </TextLine>

          
          
          <TextLine ID="eSc_line_c74f14fc"
                    TAGREFS="LT515"
                    BASELINE="142 314 856 310" 
                    HPOS="141"
                    VPOS="266"
                    WIDTH="715"
                    HEIGHT="61">
            <Shape><Polygon POINTS="641 266 640 266 627 268 591 275 528 275 519 269 517 267 516 267 515 267 513 267 499 269 474 274 468 269 464 267 463 267 462 267 460 267 441 271 415 275 334 275 328 272 324 268 323 268 322 268 320 268 319 268 308 272 296 275 293 272 289 268 288 268 287 268 285 268 284 268 271 272 259 275 248 272 232 268 231 268 230 268 141 273 142 314 142 321 301 321 306 321 337 327 339 327 340 327 353 321 354 321 370 327 371 327 372 327 374 327 388 321 392 320 396 321 411 326 412 326 413 326 460 321 476 320 480 321 491 326 492 326 493 326 855 320 856 310 854 266 828 266 827 266 826 266 825 266 825 267 817 273 790 266 789 266 787 266 786 266 785 266 784 266 767 274 700 274 688 267 685 266 684 266 682 266 681 266 678 267 662 273 647 268 643 266 641 266"/></Shape>
	    <String CONTENT="le Samedy: ⁊ en faisant ainsi/ lon iudai¬"
                    HPOS="141"
                    VPOS="266"
                    WIDTH="715"
                    HEIGHT="61"></String>
          </TextLine>

          
          
          <TextLine ID="eSc_line_3b3054bf"
                    TAGREFS="LT515"
                    BASELINE="145 360 856 357" 
                    HPOS="144"
                    VPOS="314"
                    WIDTH="712"
                    HEIGHT="61">
            <Shape><Polygon POINTS="145 360 147 375 171 368 388 373 487 374 488 374 489 374 491 374 494 371 500 367 513 371 521 373 522 373 523 373 524 373 526 373 528 371 533 367 552 371 570 373 571 373 855 366 856 357 852 319 764 321 758 319 746 314 745 314 744 314 743 314 741 314 734 319 729 322 635 322 632 320 624 314 623 314 622 314 588 314 587 314 586 314 568 320 563 321 556 320 521 314 519 314 518 314 517 314 506 321 505 321 498 321 452 315 451 315 450 315 448 315 448 316 442 321 441 322 423 321 360 316 359 316 328 322 323 322 322 322 307 315 306 315 215 315 214 315 213 315 212 315 202 322 168 316 167 316 166 316 144 322 145 360"/></Shape>
	    <String CONTENT="zeroit ⁊ seroit mal faict. Et cecy nõ pour"
                    HPOS="144"
                    VPOS="314"
                    WIDTH="712"
                    HEIGHT="61"></String>
          </TextLine>

          
          
          <TextLine ID="eSc_line_81dece5a"
                    TAGREFS="LT515"
                    BASELINE="142 407 856 403" 
                    HPOS="141"
                    VPOS="361"
                    WIDTH="715"
                    HEIGHT="54">
            <Shape><Polygon POINTS="142 407 142 414 855 415 856 403 852 361 721 367 705 362 699 361 698 361 697 361 696 361 691 363 680 367 658 363 643 361 641 361 640 361 629 363 612 368 568 365 533 362 532 362 530 362 529 362 526 366 522 369 446 369 436 367 413 362 412 362 371 368 357 369 351 368 336 363 335 363 334 363 272 369 265 369 260 369 191 363 190 363 141 371 142 407"/></Shape>
	    <String CONTENT="autre cause que pour lautorite de leglise"
                    HPOS="141"
                    VPOS="361"
                    WIDTH="715"
                    HEIGHT="54"></String>
          </TextLine>

          
          
          <TextLine ID="eSc_line_0e32d742"
                    TAGREFS="LT515"
                    BASELINE="145 454 807 451" 
                    HPOS="144"
                    VPOS="407"
                    WIDTH="663"
                    HEIGHT="59">
            <Shape><Polygon POINTS="145 454 145 462 465 466 466 466 468 466 482 460 484 460 499 460 571 465 573 465 574 465 575 465 575 463 580 460 581 459 710 459 711 459 726 465 727 465 728 465 729 465 731 465 738 459 805 459 807 451 804 415 767 407 766 407 720 414 682 407 681 407 680 407 679 407 671 414 646 407 645 407 644 407 643 407 612 414 565 407 564 407 563 407 534 414 505 407 504 407 503 407 501 407 487 414 477 407 476 407 475 407 474 407 472 407 450 415 422 408 421 408 419 408 293 415 281 408 279 408 278 408 277 408 276 408 249 415 182 408 180 408 144 416 145 454"/></Shape>
	    <String CONTENT="⁊ dauoir passe le cõmandemẽt dicelle."
                    HPOS="144"
                    VPOS="407"
                    WIDTH="663"
                    HEIGHT="59"></String>
          </TextLine>

          
          
          <TextLine ID="eSc_line_244c553a"
                    TAGREFS="LT515"
                    BASELINE="145 500 855 500" 
                    HPOS="145"
                    VPOS="454"
                    WIDTH="710"
                    HEIGHT="62">
            <Shape><Polygon POINTS="442 454 441 454 440 454 439 454 437 454 434 457 429 462 360 462 353 457 347 454 346 454 345 454 343 454 342 454 331 457 323 461 307 459 282 454 281 454 279 454 260 459 248 462 194 462 189 459 178 454 177 454 176 454 145 459 145 500 147 515 173 508 225 508 237 514 237 515 238 515 240 515 241 515 242 515 244 514 261 508 283 514 288 515 289 515 290 515 291 515 297 514 318 508 375 508 380 513 382 514 382 515 383 515 384 515 386 515 400 513 418 509 439 512 460 515 462 515 463 515 464 515 468 512 472 508 533 508 539 510 544 515 545 515 546 515 547 516 588 516 588 515 589 515 591 515 591 514 595 510 598 508 608 510 632 515 633 515 634 515 652 509 659 508 665 509 685 515 686 515 687 515 729 509 737 508 740 508 763 515 764 515 766 516 766 515 767 515 791 508 793 508 795 508 820 515 821 515 822 515 824 515 855 507 855 500 855 455 819 454 817 454 816 454 814 455 801 462 754 462 743 455 741 454 740 454 739 454 665 454 664 454 663 454 657 456 644 461 632 456 626 454 624 454 623 454 610 456 586 461 538 456 505 454 504 454 503 454 501 454 497 457 489 461 471 457 460 455 459 455 458 455 457 455 454 457 450 460 446 457 443 455 443 454 442 454"/></Shape>
	    <String CONTENT="Parquoy bien appert/ que leglise a puys¬"
                    HPOS="145"
                    VPOS="454"
                    WIDTH="710"
                    HEIGHT="62"></String>
          </TextLine>

          
          
          <TextLine ID="eSc_line_3a929ad1"
                    TAGREFS="LT515"
                    BASELINE="145 547 854 543" 
                    HPOS="144"
                    VPOS="502"
                    WIDTH="710"
                    HEIGHT="60">
            <Shape><Polygon POINTS="145 547 147 562 166 554 290 554 319 561 322 561 323 561 324 561 336 561 437 553 475 560 481 560 482 561 603 561 603 560 612 557 639 551 646 557 647 557 649 557 650 557 653 557 703 551 725 557 732 559 733 559 734 559 852 555 854 543 849 502 826 509 649 509 638 504 628 502 627 502 626 502 624 502 623 502 620 506 612 509 482 507 316 504 314 504 313 504 300 510 297 510 287 510 208 504 207 504 144 512 145 547"/></Shape>
	    <String CONTENT="sance de cõstituer/ chãger ⁊ muer: ⁊ quon"
                    HPOS="144"
                    VPOS="502"
                    WIDTH="710"
                    HEIGHT="60"></String>
          </TextLine>

          
          
          <TextLine ID="eSc_line_b28145dc"
                    TAGREFS="LT515"
                    BASELINE="143 594 857 591" 
                    HPOS="142"
                    VPOS="548"
                    WIDTH="715"
                    HEIGHT="61">
            <Shape><Polygon POINTS="143 594 143 603 442 609 443 609 445 609 460 603 478 609 480 609 481 609 482 609 506 602 507 602 509 602 546 608 547 608 617 602 719 608 720 608 721 608 734 602 744 608 745 608 746 608 748 609 849 609 849 608 850 608 851 608 851 607 857 601 857 591 852 548 833 556 778 556 769 548 768 548 767 548 766 548 764 548 762 549 745 555 719 549 711 548 710 548 709 548 705 549 691 555 655 549 649 549 647 549 640 549 606 555 597 550 592 548 591 548 589 548 559 550 498 556 482 551 475 549 474 549 472 549 471 549 465 551 452 557 377 557 371 553 370 550 369 550 367 550 366 550 351 553 329 556 325 553 322 550 322 549 320 549 319 549 318 549 142 554 143 594"/></Shape>
	    <String CONTENT="doit garder ce quelle a ordonne soubz pei"
                    HPOS="142"
                    VPOS="548"
                    WIDTH="715"
                    HEIGHT="61"></String>
          </TextLine>

          
          
          <TextLine ID="eSc_line_79e9bb2b"
                    TAGREFS="LT515"
                    BASELINE="143 642 482 639" 
                    HPOS="142"
                    VPOS="595"
                    WIDTH="340"
                    HEIGHT="62">
            <Shape><Polygon POINTS="143 642 143 649 168 649 177 656 178 656 179 656 180 656 182 656 183 656 190 649 191 649 221 649 224 649 235 657 236 657 237 657 238 657 336 656 337 656 348 651 352 650 355 651 369 656 370 656 371 656 372 656 386 651 398 648 481 653 482 639 481 602 465 595 464 595 463 595 360 600 335 601 329 600 312 595 311 595 310 595 308 595 299 600 293 602 142 597 143 642"/></Shape>
	    <String CONTENT="ne de peche mortel."
                    HPOS="142"
                    VPOS="595"
                    WIDTH="340"
                    HEIGHT="62"></String>
          </TextLine>

          
          
          <TextLine ID="eSc_line_a85b7102"
                    TAGREFS="LT517"
                    BASELINE="372 688 639 684" 
                    HPOS="371"
                    VPOS="638"
                    WIDTH="268"
                    HEIGHT="59">
            <Shape><Polygon POINTS="624 644 612 643 600 642 588 639 581 645 532 645 523 638 522 638 521 638 519 638 474 645 466 641 456 641 448 641 425 647 396 641 395 641 386 641 371 647 372 688 372 695 628 697 629 697 630 697 632 697 639 691 639 684 637 651"/></Shape>
	    <String CONTENT="Le Predicant."
                    HPOS="371"
                    VPOS="638"
                    WIDTH="268"
                    HEIGHT="59"></String>
          </TextLine>

          
          
          <TextLine ID="eSc_line_9fb8050b"
                    TAGREFS="LT515"
                    BASELINE="145 733 861 730" 
                    HPOS="144"
                    VPOS="682"
                    WIDTH="717"
                    HEIGHT="63">
            <Shape><Polygon POINTS="856 697 844 696 832 695 820 694 808 694 796 692 784 691 772 690 760 690 748 689 735 688 728 686 725 689 713 686 711 686 699 685 687 684 680 682 629 690 616 692 568 692 564 690 558 685 554 685 544 685 532 690 524 691 503 690 469 686 458 688 446 688 445 688 441 689 436 691 434 689 431 688 422 688 410 688 405 688 399 689 381 692 376 689 374 688 374 688 372 686 369 684 367 684 366 684 317 684 316 684 314 684 313 684 307 689 304 692 291 689 276 684 275 684 273 684 246 689 229 691 220 689 208 684 207 684 206 684 205 684 203 684 196 689 195 690 193 689 188 684 187 684 185 684 184 684 144 688 145 733 145 742 221 738 250 743 271 745 272 745 273 745 283 743 297 738 312 743 320 745 322 745 323 745 357 743 408 738 413 743 415 743 415 744 416 744 417 744 418 745 474 745 474 744 475 744 476 744 477 743 488 737 507 743 512 744 513 744 515 744 516 744 519 743 534 737 595 743 610 744 611 744 612 744 615 743 632 736 713 736 720 742 720 743 721 743 722 743 723 743 725 743 751 737 785 743 786 743 787 743 805 736 816 743 817 743 819 743 820 744 860 744 861 730 858 697 856 697"/></Shape>
	    <String CONTENT="Les Chrestiẽs qͥ sont urayemẽt Leglise"
                    HPOS="144"
                    VPOS="682"
                    WIDTH="717"
                    HEIGHT="63"></String>
          </TextLine>

          
          
          <TextLine ID="eSc_line_73bd2781"
                    TAGREFS="LT515"
                    BASELINE="144 777 863 779" 
                    HPOS="143"
                    VPOS="731"
                    WIDTH="720"
                    HEIGHT="61">
            <Shape><Polygon POINTS="844 731 832 731 820 731 808 731 796 731 789 731 787 731 786 731 770 739 740 731 739 731 735 731 723 731 711 731 699 731 687 731 676 731 675 731 674 731 673 731 663 738 662 739 657 738 623 731 617 731 610 738 608 741 564 741 562 738 556 732 554 732 546 732 522 737 511 739 457 739 454 737 448 732 446 732 437 732 433 737 430 739 388 739 383 736 378 732 374 733 361 733 355 733 347 736 336 739 308 739 305 736 302 733 301 733 289 733 284 733 277 736 266 738 252 735 244 733 241 733 229 733 223 733 220 735 212 738 144 735 144 777 143 783 176 790 177 790 178 790 179 790 188 784 189 784 253 784 254 784 260 790 261 790 263 790 264 790 293 784 296 784 297 784 308 790 310 790 311 790 349 785 359 784 387 785 512 791 513 792 588 792 588 791 589 791 591 791 591 790 595 786 595 785 597 786 606 791 608 791 609 791 610 791 624 786 629 785 861 788 863 779 863 741 845 731 844 731"/></Shape>
	    <String CONTENT="de nr̃e Seigñr ⁊ son espouse. Ephe.4.5."
                    HPOS="143"
                    VPOS="731"
                    WIDTH="720"
                    HEIGHT="61"></String>
          </TextLine>

          
          
          <TextLine ID="eSc_line_f42b078d"
                    TAGREFS="LT515"
                    BASELINE="144 825 865 821" 
                    HPOS="143"
                    VPOS="779"
                    WIDTH="722"
                    HEIGHT="57">
            <Shape><Polygon POINTS="674 779 662 779 650 779 638 779 637 779 633 783 627 779 626 779 617 779 612 784 603 779 602 779 600 779 517 785 500 779 499 779 498 779 465 785 457 779 456 779 454 779 453 779 452 779 440 785 383 779 382 779 337 786 283 780 282 780 218 786 203 780 202 780 201 780 143 788 144 825 144 831 618 836 620 836 621 836 638 830 848 835 849 835 850 835 865 827 865 821 862 785 679 779 674 779"/></Shape>
	    <String CONTENT="en reposant le Dimẽche/ tiẽnẽt le cõman"
                    HPOS="143"
                    VPOS="779"
                    WIDTH="722"
                    HEIGHT="57"></String>
          </TextLine>

          
          
          <TextLine ID="eSc_line_cc7dd563"
                    TAGREFS="LT515"
                    BASELINE="144 871 862 868" 
                    HPOS="143"
                    VPOS="824"
                    WIDTH="719"
                    HEIGHT="61">
            <Shape><Polygon POINTS="524 824 523 824 459 831 437 832 413 831 352 825 351 825 305 831 287 832 282 831 271 825 270 825 269 825 143 830 144 871 144 878 375 884 376 884 423 878 429 883 429 884 430 884 431 884 433 885 482 885 482 884 483 884 509 877 512 877 621 877 622 877 628 883 629 883 630 883 632 883 633 883 634 883 643 877 645 877 681 883 682 883 722 877 723 877 727 877 838 883 839 883 840 883 862 876 862 868 860 831 767 824 766 824 764 824 745 831 741 832 650 832 647 831 629 824 628 824 627 824 626 824 608 831 605 832 541 832 539 831 526 824 524 824"/></Shape>
	    <String CONTENT="demẽt de Dieu/ qui cõmande quon tra¬"
                    HPOS="143"
                    VPOS="824"
                    WIDTH="719"
                    HEIGHT="61"></String>
          </TextLine>

          
          
          <TextLine ID="eSc_line_e3daa3b7"
                    TAGREFS="LT515"
                    BASELINE="144 919 861 914" 
                    HPOS="143"
                    VPOS="870"
                    WIDTH="718"
                    HEIGHT="63">
            <Shape><Polygon POINTS="855 870 843 870 831 870 819 870 810 870 809 870 808 870 807 870 797 877 725 870 722 870 716 870 715 870 714 870 711 870 686 877 665 871 664 871 663 871 662 871 661 871 661 872 653 878 540 871 526 871 524 871 523 871 521 871 494 880 351 880 339 872 337 872 336 872 335 872 334 872 332 872 320 880 312 873 311 873 310 873 193 873 191 873 190 873 189 873 177 879 143 874 144 919 144 925 256 925 258 926 265 932 265 933 266 933 267 933 269 933 270 933 283 926 284 926 302 933 304 933 305 933 306 933 307 933 318 926 322 924 324 926 328 930 329 930 330 930 331 930 364 926 382 925 384 926 389 931 389 932 390 932 392 932 393 932 394 932 405 927 412 924 423 927 440 932 441 932 442 933 494 933 494 932 495 932 497 932 503 927 505 926 519 927 558 931 559 931 561 931 569 927 579 924 634 929 676 931 678 931 679 931 685 929 696 921 705 929 706 930 708 930 709 930 710 931 785 931 785 930 786 930 787 930 789 929 796 923 802 927 803 927 804 927 805 927 807 927 822 923 858 929 861 914 858 870 855 870"/></Shape>
	    <String CONTENT="uaille six iours/ ⁊ quõ se repose le septies"
                    HPOS="143"
                    VPOS="870"
                    WIDTH="718"
                    HEIGHT="63"></String>
          </TextLine>

          
          
          <TextLine ID="eSc_line_3f7c3377"
                    TAGREFS="LT515"
                    BASELINE="144 965 863 961" 
                    HPOS="143"
                    VPOS="918"
                    WIDTH="720"
                    HEIGHT="61">
            <Shape><Polygon POINTS="144 965 144 972 178 978 179 978 180 978 182 978 182 977 187 973 188 972 248 972 253 973 269 979 270 979 271 979 314 973 330 972 340 974 364 979 365 979 366 979 376 974 383 971 433 971 441 974 448 978 450 978 451 979 482 979 482 978 483 978 484 978 488 974 494 971 548 976 571 977 573 977 574 977 577 976 587 971 609 976 621 978 622 978 623 978 630 976 651 970 714 977 722 977 723 978 723 977 731 977 793 970 803 977 804 977 805 977 807 978 862 978 863 961 862 926 840 918 839 918 838 918 715 925 692 918 691 918 690 918 688 918 687 918 687 919 680 926 534 926 513 919 512 919 511 919 471 926 465 921 465 920 464 920 463 920 462 920 460 920 450 925 382 919 381 919 380 919 353 926 313 920 312 920 311 920 310 920 301 927 300 929 252 929 250 927 215 920 214 920 213 920 212 920 212 921 206 927 143 927 144 965"/></Shape>
	    <String CONTENT="me/ lequel est le iour du repos/ lequel ilz"
                    HPOS="143"
                    VPOS="918"
                    WIDTH="720"
                    HEIGHT="61"></String>
          </TextLine>

          
          
          <TextLine ID="eSc_line_a6bf5476"
                    TAGREFS="LT515"
                    BASELINE="145 1012 867 1009" 
                    HPOS="144"
                    VPOS="965"
                    WIDTH="723"
                    HEIGHT="54">
            <Shape><Polygon POINTS="145 1012 145 1019 866 1019 867 1009 865 972 602 965 600 965 556 971 530 965 529 965 528 965 527 965 499 972 291 966 290 966 249 972 243 967 243 966 242 966 241 966 201 966 200 966 199 966 197 966 188 972 173 966 172 966 171 966 170 966 144 973 145 1012"/></Shape>
	    <String CONTENT="nobseruẽt par cõmandemẽt dhomme/ ne"
                    HPOS="144"
                    VPOS="965"
                    WIDTH="723"
                    HEIGHT="54"></String>
          </TextLine>

          
          
          <TextLine ID="eSc_line_8d1c42e2"
                    TAGREFS="LT515"
                    BASELINE="148 1057 867 1055" 
                    HPOS="147"
                    VPOS="1010"
                    WIDTH="720"
                    HEIGHT="61">
            <Shape><Polygon POINTS="857 1010 856 1010 855 1010 749 1019 663 1019 655 1012 653 1012 652 1012 651 1012 562 1018 552 1010 551 1010 550 1010 548 1010 511 1018 505 1019 501 1018 491 1013 489 1013 488 1013 454 1018 442 1019 437 1018 423 1012 422 1012 421 1012 419 1012 405 1018 399 1019 388 1018 355 1012 352 1012 340 1012 328 1012 316 1012 304 1012 291 1012 290 1012 289 1012 288 1012 287 1012 287 1013 282 1017 282 1018 281 1017 277 1014 277 1013 276 1013 275 1013 273 1013 272 1013 271 1013 266 1017 263 1019 248 1017 220 1012 219 1012 147 1015 148 1057 148 1071 185 1064 201 1070 202 1070 203 1070 205 1070 225 1064 311 1064 317 1068 317 1070 318 1070 319 1070 320 1070 325 1070 371 1064 381 1068 381 1070 382 1070 383 1070 384 1070 390 1068 416 1064 440 1068 448 1070 450 1071 500 1071 500 1070 501 1070 506 1067 519 1062 534 1067 538 1068 539 1068 540 1068 866 1064 867 1055 866 1019 858 1012 858 1010 857 1010"/></Shape>
	    <String CONTENT="faisant distinction de iour ⁊ de iour. Car"
                    HPOS="147"
                    VPOS="1010"
                    WIDTH="720"
                    HEIGHT="61"></String>
          </TextLine>

          
          
          <TextLine ID="eSc_line_c8b222ef"
                    TAGREFS="LT515"
                    BASELINE="147 1103 866 1101" 
                    HPOS="145"
                    VPOS="1057"
                    WIDTH="721"
                    HEIGHT="60">
            <Shape><Polygon POINTS="147 1103 147 1111 301 1111 302 1111 312 1117 313 1117 314 1117 316 1117 317 1117 330 1111 331 1111 334 1111 367 1117 369 1117 395 1111 399 1111 405 1111 454 1117 456 1117 457 1117 474 1111 476 1111 478 1111 493 1117 494 1117 495 1117 632 1115 633 1115 641 1112 646 1109 650 1112 656 1115 657 1115 658 1115 659 1115 661 1115 674 1112 684 1109 706 1112 739 1115 740 1115 866 1112 866 1101 863 1061 729 1057 728 1057 702 1062 691 1064 685 1062 668 1057 667 1057 665 1057 640 1062 633 1064 623 1062 583 1057 582 1057 548 1064 544 1064 541 1064 505 1057 504 1057 503 1057 501 1057 494 1064 493 1065 493 1064 486 1059 484 1059 483 1059 482 1059 481 1059 480 1059 471 1064 469 1066 323 1066 287 1066 249 1059 248 1059 203 1065 165 1059 164 1059 162 1059 145 1065 147 1103"/></Shape>
	    <String CONTENT="tous les iours aux Chrestiẽs sont saĩctz/"
                    HPOS="145"
                    VPOS="1057"
                    WIDTH="721"
                    HEIGHT="60"></String>
          </TextLine>

          
          
          <TextLine ID="eSc_line_1b066cef"
                    TAGREFS="LT515"
                    BASELINE="148 1153 871 1149" 
                    HPOS="147"
                    VPOS="1104"
                    WIDTH="724"
                    HEIGHT="62">
            <Shape><Polygon POINTS="148 1153 148 1161 153 1165 154 1165 155 1165 156 1165 158 1165 159 1165 167 1159 170 1158 284 1158 291 1164 291 1165 293 1165 294 1165 295 1166 352 1166 352 1165 353 1165 369 1158 371 1158 456 1164 457 1164 494 1156 497 1156 509 1164 510 1164 511 1164 512 1164 513 1164 515 1164 523 1158 621 1164 622 1164 722 1155 728 1155 735 1161 735 1162 737 1162 738 1162 739 1164 834 1164 834 1162 869 1154 871 1149 867 1106 522 1111 519 1109 512 1104 511 1104 510 1104 509 1104 507 1104 497 1109 494 1111 492 1109 477 1104 476 1104 475 1104 474 1104 460 1111 454 1104 453 1104 452 1104 388 1104 387 1104 386 1104 363 1112 360 1112 353 1112 290 1106 289 1106 242 1112 162 1106 161 1106 160 1106 147 1112 148 1153"/></Shape>
	    <String CONTENT="⁊ tous ilz sanctifient: mais pour ouyr la"
                    HPOS="147"
                    VPOS="1104"
                    WIDTH="724"
                    HEIGHT="62"></String>
          </TextLine>

          
          
          <TextLine ID="eSc_line_05a6bb8d"
                    TAGREFS="LT515"
                    BASELINE="149 1196 871 1196" 
                    HPOS="149"
                    VPOS="1150"
                    WIDTH="722"
                    HEIGHT="58">
            <Shape><Polygon POINTS="795 1150 793 1150 792 1150 791 1150 789 1151 774 1158 726 1151 711 1150 710 1150 685 1153 624 1158 615 1153 611 1151 608 1151 602 1151 599 1153 589 1159 539 1159 506 1154 481 1151 475 1151 463 1151 462 1151 443 1155 430 1158 413 1155 387 1151 378 1153 367 1153 359 1156 354 1159 276 1159 273 1158 259 1153 258 1153 246 1153 238 1153 217 1158 209 1153 197 1153 185 1153 173 1153 161 1153 159 1153 149 1158 149 1196 149 1208 871 1207 871 1196 868 1150 848 1159 807 1159 796 1150 795 1150"/></Shape>
	    <String CONTENT="saincte parolle de Dieu/ cõuenãt ensem¬"
                    HPOS="149"
                    VPOS="1150"
                    WIDTH="722"
                    HEIGHT="58"></String>
          </TextLine>

          
          
          <TextLine ID="eSc_line_dd8a4f45"
                    TAGREFS="LT515"
                    BASELINE="148 1244 872 1242" 
                    HPOS="147"
                    VPOS="1197"
                    WIDTH="725"
                    HEIGHT="74">
            <Shape><Polygon POINTS="822 1197 810 1197 797 1202 793 1203 789 1202 769 1197 762 1197 752 1197 715 1202 699 1203 687 1202 663 1197 653 1197 651 1197 646 1201 643 1205 517 1205 507 1201 498 1197 497 1197 495 1197 494 1197 484 1200 470 1205 451 1200 437 1197 436 1197 435 1197 424 1200 405 1205 384 1200 380 1198 378 1198 377 1198 367 1200 337 1203 318 1198 308 1197 307 1197 306 1197 300 1198 282 1205 271 1198 267 1197 266 1197 265 1197 252 1198 215 1203 207 1198 206 1197 205 1197 203 1197 202 1197 147 1197 148 1244 150 1262 156 1258 205 1258 212 1262 220 1270 221 1270 223 1270 224 1271 284 1271 284 1270 285 1270 287 1270 287 1268 295 1262 297 1259 306 1262 328 1270 329 1270 330 1270 331 1270 364 1261 380 1258 392 1261 417 1270 418 1270 419 1270 421 1270 422 1270 433 1261 435 1259 460 1259 470 1261 507 1270 509 1270 573 1268 574 1268 575 1268 575 1267 583 1260 585 1260 621 1268 622 1268 623 1268 651 1260 662 1256 673 1260 696 1266 697 1266 698 1266 699 1266 725 1259 731 1258 733 1259 741 1265 743 1265 744 1265 745 1265 776 1259 791 1256 871 1258 872 1242 869 1203 825 1197 822 1197"/></Shape>
	    <String CONTENT="ble ⁊ gardant charite enuers le prochain:"
                    HPOS="147"
                    VPOS="1197"
                    WIDTH="725"
                    HEIGHT="74"></String>
          </TextLine>

          
        </TextBlock>
        
        <TextBlock HPOS="750"
                   VPOS="1255"
                   WIDTH="123"
                   HEIGHT="49"
                   ID="eSc_textblock_354aa951"
                   TAGREFS="BT1413">
          <Shape><Polygon POINTS="750 1255 750 1304 873 1304 873 1255"/></Shape>
          
          
          <TextLine ID="eSc_line_386fb638"
                    TAGREFS="LT515"
                    BASELINE="764 1291 862 1294" 
                    HPOS="763"
                    VPOS="1243"
                    WIDTH="99"
                    HEIGHT="80">
            <Shape><Polygon POINTS="825 1243 813 1243 801 1243 789 1243 764 1247 764 1291 763 1321 795 1323 796 1323 797 1323 803 1319 816 1313 860 1315 862 1294 862 1245 832 1243 825 1243"/></Shape>
	    <String CONTENT="affin"
                    HPOS="763"
                    VPOS="1243"
                    WIDTH="99"
                    HEIGHT="80"></String>
          </TextLine>

          
        </TextBlock>
        

        
      </PrintSpace>
    </Page>
  </Layout>
</alto>
