945 1424
111 116 711 65 affin q̃ du continuel trauail il ne soit op¬

111 167 710 64 presse: mais qͥl aye repos le Dimenche.

111 212 712 62 Les Chrestiẽs se reposẽt cõuenãs ensem¬

109 265 716 55 ble a la parolle de Dieu/ ce q̃ nr̃e Seigñr

113 306 712 63 ueult/ qͥ est Dieu non point de dissentiõ

109 353 713 62 mais de paix/ ne uoulãt quõ presse trop

112 402 714 60 son ꝓchain sans luy donner repos. Deu

109 449 714 57 terono.4. 1.Corin.14. Et ce que uous

111 494 712 60 dictes des Iuifz qͥlz gardent le Samedy

110 541 716 53 suyuant la letre/ nous nauons que faire

109 587 718 57 de leurs obseruations. Car point ne som

110 632 717 61 mes Iuifz: mais Chrestiẽs. Et ne fault

110 679 715 57 des ennemys de uerite enquerir ⁊ demã¬

111 725 712 60 der la uerite/ ne soy arrester a yceulx aĩsi

113 773 712 61 q̃ Iesus a monstre ne faisant la Pasque

109 823 718 56 comme eulx: mais a la parolle de Dieu

110 866 716 53 nous fault arrester/ laquelle les Iuifz re

109 914 716 51 iectẽt ⁊ ont reiecte ne receuant le sauueur

128 958 123 58 Iesus.

341 997 300 66 Nostre Maistre.

113 1046 714 63 Sil estoit ainsi quil ne faulsit autre que

112 1097 714 62 soy reposer le septiesme iour auoir tra¬

112 1143 714 60 uaille six iours/ ainsi q̃ uous dictes quõ

112 1190 713 56 obserue le cõmandemẽt de Dieu: il sen¬

117 1236 706 75 suyuroit q̃ iceluy qui reposeroit le Lũdy/

522 1283 304 79 D .ii. auoir
