956 1404
125 88 709 53 auoir trauaille les six iours auãt ⁊ lau¬

125 134 708 60 tre le Mardy ou le Mercredy chascũ fai¬

128 181 706 55 sant le repos le septiesme iour/ quon gar

127 225 708 58 deroit le cõmandemẽt de Dieu. Et ainsi

131 272 681 60 seroit une grosse confusion en Leglise.

129 319 707 55 Dautre part le texte a expressemẽt: Me

131 365 707 56 mẽto ut diẽ sabbati sãctifices. Exo.20.

133 410 707 60 Ou il est formelemẽt cõmãde de sancti¬

132 455 709 63 fier le Samedy/ ce qui na este faict en Le

134 505 707 57 glise: mais elle de son autorite ⁊ puyssan

132 551 706 59 ce quelle a de Dieu/ a chãge le Samedy

132 595 710 61 au Dimẽche/ Lequel qui nobserue/ il pe¬

133 644 708 53 che cõtreuenant au cõmandemẽt de Le¬

134 690 672 58 glise: cõbien q̃ Dieu ne laye cõmande.

358 734 263 55 Le Predicant.

149 774 693 64 Il nest loysible a creature qui soit de chã

133 824 709 62 ger ne muer les ordõnãces de Dieu. Car

132 870 711 63 autrement fauldroit que la creature fust

133 919 709 59 plus sage ⁊ eust puissãce sus le createur/

132 965 711 61 auquel elle doit obeyssance ⁊ a luy estre

132 1010 704 60 du tout subiecte. Ce que ne feroit celuy qͥ

133 1056 709 64 prẽdroit le Lũdy/ Mardy/ ou Mercredy

132 1102 712 60 pour soy reposer: car il feroit droictement

129 1148 714 59 contre charite/ laquelle nous est tant cõ¬

131 1193 713 71 mãdee de Dieu. Et soy diuisant des au¬

753 1241 84 64 tres
