968 1402
119 88 713 65 tres en son repos seroit reprins de Dieu/

120 137 714 61 comme assez appert. 1.Corinthiẽs.1. ou le

121 184 712 55 Sainct esperit nous commãde de dire et

120 230 715 60 sentir une mesme chose/ ⁊ nestre point bã

121 278 712 57 dez. Car tous deuons tenir une mesme

121 321 711 63 reigle. Galat.6. Ce qui ne seroit quand

122 370 705 62 chascun prendroit son iour pour reposer/

121 418 641 57 ⁊ ne pourroit on conuenir ensemble.

121 462 710 57 Et ce que uous dictes que Sabbathum

123 507 710 61 signifie le Samedy/ ⁊ non le Dimenche:

121 554 716 58 le mot ne le porte point. Car il ne signifie

123 604 714 57 que repos. Et ne pourriez monstrer par

122 648 709 61 lescripture/ qung iour sappelle Lundy/

123 695 711 60 lautre Mardy/ ou Mercredy/ Dimẽche/

123 743 710 51 ou autremẽt: mais seulemẽt le Premier/

123 786 712 57 le Second/ le Tiers iour/ ⁊ ainsi des au¬

125 834 713 58 tres. Et si uous pouez monstrer que le

128 878 711 60 Dimẽche ne soit point le septiesme/ com¬

128 926 710 57 menceãt au Lundy: ⁊ en soy reposant au

128 972 709 59 Dimenche/ quil ne soit le iour de repos/

132 1019 707 59 uous auez gaigne ce point. Mais par la

129 1065 708 58 saincte escripture ne le pourriez mõstrer.

130 1109 711 55 Et les Chrestiens gardans le Dimẽche

133 1158 707 57 point ne font comme les Iuifz obserua¬

132 1204 712 68 teurs des iours/ temps/ ⁊ annees. Mais

540 1247 313 72 D .iii. fran-
