937 1424
108 109 710 59 franchemẽt se reposent nõ pour le iour:

106 157 708 51 ains pour conuenir ensemble par charite

108 202 581 59 fraternelle en lhonneur de Dieu.

108 249 707 54 ¶ Cecy a este dit auant disner le premier

108 296 706 57 iour. Et pourtant quil estoit tard/ le de¬

104 341 713 54 mourãt fut remis au lẽdemain. Et nr̃e

106 388 711 55 Maistre dit dũg grand coeur/ quil estoit

105 434 708 57 prest de respondre a tous/ ⁊ de bien main

103 479 712 59 tenir son cas. Et ung des Predicantz

103 526 712 62 luy dit quil deuoit faire plus dhonneur

104 573 708 59 a la parolle de Dieu/ ⁊ non ainsi faire en

104 619 709 63 la forme de Sorbonne/ ⁊ il luy respõdit:

111 665 703 62 Oportet se prestare uirum. A qui fut re¬

108 712 703 65 spondu: Si insanire sit prestare uirum/

104 761 335 57 tu egregie prestas.

108 805 707 61 ¶ Le Uendredy trentiesme de Ianuier

104 850 710 60 deuant le petit ⁊ grand conseil des deux

104 898 711 58 cens de la uille de Geneue/ estans pre¬

104 944 713 62 sens les Ambassadeurs de Messieurs de

105 992 600 62 Berne/ fut procede cõme sensuyt.

330 1039 262 58 Le Predicant.

106 1079 706 67 Hier fut parle de la puyssãce de Leglise/

105 1129 709 62 ⁊ de ceulx qui sont ordonnez pour seruir

104 1174 713 63 en icelle/ laquelle ne peult estre sinon quẽ

108 1222 709 97 proposant purement ⁊ simplement la pa

714 1268 99 74 rolle
