971 1406
112 67 720 66 rolle de Dieu. Car ce qui a este amene du

114 123 717 57 souuerain sacrificateur ⁊ du iuge Leui¬

112 166 717 61 tique/ ne compete qua Iesus/ duquel ce q̃

114 212 720 65 Moyse a escript est figure. Car il a tout

112 260 720 59 consomme ne faisant ⁊ ne disant rien de

114 306 719 60 soy/ ⁊ autre ne fault quon demande que

112 352 718 59 luy. Car tout luy est baille du pere/ et en

113 398 719 61 autre ny a salut. Et ce que les Apostres

113 445 719 59 ont ordõne/ ne lont faict de eulx mesmes

113 490 719 61 ne de leurs testes: mais par le cõmande¬

116 537 716 55 ment de Dieu/ menez ⁊ conduictz par le

117 581 714 64 Sainct esperit: affin q̃ les Iuifz ne fus¬

118 629 714 62 sent scandalizez en ceulx qͥ des idolatres

119 674 708 59 uenoient a Iesus tant pour la diuision

117 724 716 56 anciẽne qui estoit entre eulx/ que pour la

116 769 716 55 maniere de uiure. Selon la parolle de

118 815 714 61 Dieu (comme charite requeroit) a faillu

118 861 714 62 quon les aye supportez cõe les Apostres

117 906 716 62 ont escript. Semblablemẽt le Dimẽche

118 953 712 59 nest prins de lordonnance des hommes/

118 1001 715 57 ne par leur cõmandemẽt garde: mais du

120 1047 713 59 cõmandement de Dieu en uraye liberte

123 1094 707 58 ⁊ sans superstition/ ne aussi obseruation

120 1141 712 59 des iours. Et na este dit chose par laq̃lle

121 1186 710 74 aye este monstre que les Apostres ou au¬

533 1232 304 76 D .iiii. tres
