960 1398
126 69 722 63 tres ayẽt autre puyssance/ que simplemẽt

129 115 714 64 ⁊ puremẽt proposer la parolle de Dieu/

126 163 718 60 qͥ est la clef des cieulx. Et en tãt qͥlz por¬

124 212 719 58 lent puremẽt la parolle de Dieu/ ilz ont

123 258 715 53 la clef/ ⁊ autremẽt non: ⁊ ne sont douyr/

124 302 690 61 quẽ tant qͥlz disent ce q̃ Dieu cõmande.

351 348 294 63 Nostre Maistre.

125 389 716 67 Le passage q̃ iay amene de uenir au p̃stre

125 441 713 59 ⁊ au iuge/ ⁊ quon doit tenir leur sentẽce/

124 486 718 60 tellement que lame qui ne la garde doit

123 538 715 56 morir de mort: assez est clair/ q̃ ainsi quen

124 580 717 59 la loy de Moyse on estoit tenu dobeyr au

126 624 712 64 prestre ⁊ iuge. Ainsi maintenãt soubz pei

123 672 714 60 ne de peche mortel on doit obeyr aux p̃¬

124 718 716 63 latz de leglise. Et suffisamment il a este

123 764 168 66 monstre.

350 806 263 63 Le Predicant.

143 857 697 61 Il a este monstre clairement que au uieu

124 906 717 59 du sacrificateur q̃ uous appellez p̃stre/ a

128 954 714 58 succede Iesꝰ/ qͥ est le souuerain ⁊ eternel

126 1000 710 54 sacrificateur et iuge/ et de uostre raison

125 1045 715 55 mesme uostre intẽtion est reprouuee. Car

129 1090 712 63 si les sacrificateurs ⁊ iuges Leuitiq̃s ne

128 1138 713 54 pouuoiẽt rien dire ne proposer que ce que

128 1182 709 76 nle Seigñr auoit cõmande par Moyse/

700 1233 138 91 comme
