965 1444
114 122 712 54 comme il appert. Deutero.4. ⁊ .12. ou est

114 172 713 51 dict qͥl fault garder les parolles que nr̃e

112 214 714 54 Seigñr cõmande sans y adiouster ou di

108 262 717 60 minuer/ sans tyrer a la dextre/ ou a la se¬

109 310 716 58 nestre/ ⁊ faire seulemẽt ce quest cõmande

108 359 717 57 sans y adiouster ou diminuer: Par plus

108 400 718 63 forte raison/ fault garder ce que Iesus a

108 453 717 49 cõmande/ qui est plus grand ⁊ plus par¬

109 495 715 62 faict que Moyse/ sans y adiouster ne di¬

108 541 159 53 minuer.

337 580 300 58 Nostre Maistre.

109 628 712 66 Sil estoit ainsi qͥl ne fust loysible de rien

109 679 716 55 changer ne muer: mais seulemẽt tenir ce

110 726 715 56 que Iesus a dict/ a quel ꝓpos eut dit nr̃e

112 773 715 58 Seigͬ: Iay a uous dire encore plusieurs

110 820 717 58 choses/ que uous ne pouez porter main¬

110 865 718 57 tenant: mais quãd le Sainct esperit sera

113 915 713 48 uenu il uous menera a toute uerite. Ie¬

114 956 711 58 han.16. ⁊ uous enseignera toutes choses.

118 1003 710 60 Iehan.14? Pourquoy nostre Seigñr a

112 1050 713 58 il reserue aucunes choses a ses disciples/

115 1096 711 53 qui nõt point este cõmandees de Iesus.

115 1143 716 53 Mais les Apostres ap̃s les ont cõman¬

116 1185 716 62 dees ⁊ leurs successeͬs/ ausq̃lz Leglise est

116 1233 714 75 cõmise ⁊ les clefz du royaume des cieulx

657 1277 174 76 donnees/
