960 1404
125 70 721 57 dõnees/ pour regir ⁊ gouuerner Leglise.

129 113 718 67 Tellement q̃ ceulx qui ne leur obeyssent

126 161 720 64 ⁊ les mesprisent/ ilz pechent grandement

124 207 721 65 autant que silz mesprisoient Iesus/ ainsi

125 257 385 64 quil a dit Matth.10.

354 299 265 63 Le Predicant.

127 345 719 68 Les passages que uous alleguez/ quil y

128 391 718 65 a plusieurs choses q̃ les Apostres ne peu¬

128 439 718 65 uent porter/ ⁊ que le Saĩct esperit les en¬

131 485 716 61 seignera/ ne monstrent point que Iesus

129 534 718 60 aye reserue aucune chose quil deuoit com

129 579 717 64 mettre aux Apostres pour faire des au¬

131 630 717 56 tres ordonnances ⁊ dinstituer autremẽt

131 673 716 60 que Iesus na faict. Car tout leur a este

128 718 719 61 monstre/ combien quilz ne lentendissent

131 764 716 62 point/ cõme quil failloit que Iesus mou

129 809 718 64 rust/ ⁊ quil resuscitast/ ⁊ que les gens les

128 856 718 64 idolatres fussent participans du royau¬

128 904 719 56 me ⁊ de la uie/ ce que nostre Seigñr leur

128 950 719 62 auoit monstre. Et cõe il dit: Ie ne uous

131 995 716 66 appelleray plus serfz: car le serf ne scait

132 1043 713 63 point que faict son seigneur. Ie uous ay

131 1097 710 49 dict amys: car tout ce que iay ouy de mon

131 1134 696 60 pere/ ie le uous ay manifeste. Iehan.15.

133 1182 713 94 Puys q̃ Iesus a manifeste toutes choses

749 1229 92 77 a ses
