964 1401
142 84 714 60 1.Pierre.4. Ce quõ faict les sainctz Apo¬

144 130 712 59 stres et Euangelistes/ preschans et escri¬

143 176 711 61 uans ce q̃ Iesus a faict ⁊ cõmande: affin

144 221 708 63 q̃ nous creussiõs que Iesus est le Christ/

144 269 712 61 ⁊ en croyant eussions la uie eternelle. Ie

144 315 711 60 han.20. Ce qͥ nous doit suffir. Car assez

144 360 712 61 auõs dauoir ung paradis/ une uie eter¬

142 407 714 61 nelle. Et ceulx qͥ nont assez de cecy: mais

147 451 710 62 ueulent inuenter de leur teste/ faire des

146 503 710 58 nouuelles ordonnances que Iesus ne cõ

147 548 710 59 manda iamais/ ⁊ introduyre reigles de

149 593 707 64 perfection cõme ilz disent/ enflez uaine¬

147 642 711 56 ment de leurs sens/ uoulans aller ⁊ che¬

147 687 710 57 miner en religions qͥlz appellent des an¬

148 730 708 61 ges/ en differẽces de iours/ dhabillemẽs/

147 777 714 60 de uiandes ⁊ lieux/ ne tenans le chef qui

148 823 712 59 est Christ/ comme il est dit aux Coloss.2.

149 870 712 54 tachãs dauoir une autre uie ⁊ salut/ per¬

150 917 711 59 dront la uraye/ ⁊ uiendront a perdition.

174 963 687 57 Et trop mieulx leur uauldroit suyurs

148 1008 714 56 les Apostres ⁊ leur saincte doctrine sim¬

149 1054 711 56 plement cõme nostre Seigñr a ordonne/

149 1103 714 58 sans auoir tãt de diuersitez dordres sans

147 1146 715 60 ordre. Car tous deuõs tenir une seule ri¬

148 1192 716 77 gle/ que Iesus nous a dõnee/ sans auoir

778 1239 86 68 tant
