960 1442
80 129 720 59 tant de dignitez Preminences/ Deues¬

79 171 719 63 ques/ Prelatz/ Archeuesques/ Primatz/

80 218 722 55 Cardinaulx/ Papes/ ⁊ tant dautres in¬

79 270 721 55 uentions ⁊ superioritez. Desq̃lles lescri¬

80 316 721 52 pture nen faict aucune mẽtion/ ainsi que

80 356 720 60 tout ua de present en grosse ruyne des

80 402 722 61 ames ⁊ cõfusion de Leglise/ destructiõ de

80 448 721 65 la Chrestiente/ ⁊ annullemẽt de la doctri

83 493 233 64 ne de Iesus.

313 533 299 67 Nostre Maistre.

83 582 719 62 Cõment? uous uoulez abbatre toute Le

85 632 717 60 glise ⁊ toute son autorite/ tant du Pape

85 681 715 56 que des concilz/ qui ont cõmence du tẽps

84 724 714 63 des Apostres/ cõme quand S. Matthias

84 770 714 63 fut esleu/ ⁊ quand S. Estienne ⁊ ses com

86 818 712 62 paignõs furẽt aussi esleuz/ ⁊ aussi a cau¬

86 865 711 54 se des uiandes. Act.1.6.15. Et despuys

83 909 715 60 le cõcil de Nycene/ Dantioche/ de Constã

84 954 712 63 tinoble/ la ou tãt de Prelatz/ Euesques/

86 1000 712 63 ⁊ Prestres estoient assemblez contre les

85 1049 711 60 heretiques qui estoient alors/ les condẽ¬

85 1094 712 62 nãs ⁊ par raisons inuincibles de la sain¬

86 1141 710 61 cte parolle de Dieu les uainquans: ⁊ si

86 1186 706 64 ne fut quen toute diligence ilz ont resiste/

87 1232 640 82 les heretiques eussent tout destruict.

731 1312 64 44 Et
