945 1439
142 124 717 58 Et pourtãt il est necessaire quen Leglise

142 169 715 63 soiẽt les dignitez/ offices/ ⁊ superioritez/

140 213 716 64 qui sont des Papes/ Cardinaulx/ Eues

140 260 703 60 ques/ Archeuesq̃s/ Prestres/ ⁊ Diacres.

140 306 719 59 Et que yceulx ayent puyssance de condẽ

140 357 722 55 ner ou approuuer ⁊ absouldre: autremẽt

141 399 716 61 seroit une grosse confusion sans aucun

142 446 723 60 ordre. Pourtant Leglise conduicte par le

141 492 717 59 Saĩct esperit a faict les ordõnances ⁊ cõ

142 538 714 61 stitue dignitez ⁊ preminẽces de ꝑsonnes/

141 583 716 62 ainsi quil est de present: et qui les uoul¬

142 631 717 56 droit abollir/ uiendroit contre le Sainct

139 678 719 59 esperit. Il nest point de nouueau q̃ Le¬

140 724 717 59 glise a des affaires/ principalement en ce

137 772 720 54 tẽps ou les prelatz ne font leur office ne

141 815 717 59 preschent ⁊ nenseignent le peuple/ mais

140 863 716 57 elle sera en la fin uictorieuse. Car nostre

141 907 716 57 Seigneur a ꝓmis destre auec elle iusq̃s a

139 954 719 61 la fin du monde. Matth.28. ⁊ a constitue

139 1007 717 53 les gouuerneurs de Leglise princes/ cõe

139 1046 713 64 il est dict au Psal.44. et ne fault ainsi

140 1092 519 65 abbatre la dignite de Leglise.

366 1140 269 59 Le Predicant.

139 1181 714 66 Pleut a Dieu q̃ uous ⁊ tous autres qui

139 1231 713 106 auez le nom de docteurs/ ⁊ estes appelsez

648 1280 202 85 de Leglise/
