957 1438
85 110 713 60 de Leglise/ eussiez tant daffectiõ au bien

86 153 717 61 ⁊ proffit de Leglise quelle fust edifiee et

82 200 721 66 remise a son premier estat: ⁊ quon ne fist

82 246 721 63 les choses de sa teste ⁊ par affectiõ/ cõme

85 293 719 61 bien scauons q̃ uous faictes en uoz uni¬

85 340 718 62 uersitez ⁊ assemblees sans auoir esgard

85 389 720 60 a Dieu ne a droict/ sans appeller ⁊ ouyr

86 432 718 65 ceulx qͥ doyuẽt estre appellez/ cest le peu¬

86 480 719 62 ple: mais fault soit droict ou non/ que ce

86 527 719 61 que uous auez conclud/ soit tenu a peine

87 571 718 60 du feu/ ⁊ sil y a personne qui uueille ame

85 617 723 64 ner bõne raisõ ⁊ escripture/ a tout le bour

88 663 721 65 reau uoꝰ payez ses argumẽs. Les Apo

91 711 720 63 stres nõt faict ainsi/ cõe bien appert en ce

89 758 722 66 quauez allegue. Ilz ont ꝓpose la saincte

88 806 722 62 escripture/ ⁊ prins conseil a toute lassem

88 850 725 59 blee des fideles/ lesq̃lz ont esleu en priant

89 897 725 55 nostre Seigñr/ ceulx qui deuoient seruir

93 944 716 55 a Leglise en preschant ou seruant aux

95 991 714 61 paoures/ laduis dung chascun estoit ouy

97 1037 712 61 ⁊ la parolle de Dieu mise en auant. De

97 1088 713 57 tout cecy quest ce quil en y a maintenant

100 1132 714 54 en toute Leglise Romaine? Rien. Uous

100 1177 715 57 estes tout/ uous faictes tout/ uous estes

101 1223 715 84 iuges ⁊ parties/ uous taillez ⁊ cousez cõ¬

712 1270 105 84 me il
