946 1445
137 86 705 64 chassez/ battus/ ẽprisonnez/ lapidez/ tuez

138 136 700 51 et meurtris/ portans tout patiemment/

137 180 706 54 prians pour leurs ennemys/ non point

137 227 704 59 fulminans les grosses excõmunicatiõs/

136 272 707 59 condẽnans ⁊ emprisonnans. Et suys es¬

137 319 707 59 bahy cõment on ose dire que Leglise du

137 364 708 59 Pape soit cõduicte par le Sainct esperit

139 410 708 57 cõe la premiere/ ⁊ que Iesus y soit. Pour

139 459 705 50 uray lesperit seroit bien contraire a soy/

140 500 710 61 ⁊ Iesus seroit bien chãge. Mais lesperit

139 552 711 56 de Dieu cõduict ceulx qui de p̃sent sont

139 593 711 63 persecutez/ chassez/ emprisonnez/ bruslez

139 639 711 55 pour Leuãgile/ cõme ont este ceulx de la

139 686 711 58 p̃miere Eglise. Et Iesus est auec eulx:

138 729 711 60 autremẽt cõment pourroiẽt ilz subsister/

140 774 713 59 ueu quon tormẽte de present plus cruel¬

140 822 710 55 lemẽt ceulx qui ueulent tenir Leuãgile/

142 867 712 61 que iamais on ne tormenta les Apostres

143 911 711 64 en la premiere Eglise: mais Iesus ainsi

143 959 713 63 la pred̃ict que lafflictiõ seroit plus grãde

145 1006 710 53 q̃ point na este ⁊ ne sera. Matthieu.24.

145 1052 710 60 Mais il fault par foy ⁊ patiẽce uaincre/

145 1098 715 58 attendant que nostre Seigneur abbate

147 1141 714 57 liniure par lesperit de sa bouche. 2.Thes¬

151 1188 709 102 salo.2. ce quil a comence/ ⁊ parfaira fai¬

768 1235 93 88 sant
