965 1401
127 112 710 74 sant uengeance du sang iuste qui a este

127 157 661 74 espandu pour Iesus ⁊ son Euangile.

350 210 293 63 Nostre Maistre.

127 244 703 80 Il y a grosse difference entre Leuesq̃ et le

121 296 706 75 Prestre. Car en ung Diocese na qung

120 342 709 72 Euesque: mais y peult auoir plusieurs

120 387 707 74 Prestres/ lesq̃lz sont subiectz aux Eues¬

117 436 711 71 ques. Et qͥl soit ainsi/ il est clair q̃ nostre

114 479 711 74 Seigneur a esleu douze Apostres. Mat

114 527 706 70 thieu.10. Et yceulx ont este Euesques/

112 570 710 75 ainsi quil appert de Iudas/ duquel il est

112 617 710 74 escript: Son Euesche ung autre le prẽne

108 666 709 71 Actes.1. Puys quil auoit ung Euesche/

106 712 712 71 il fault quil aye este Euesque. Et oultre

105 755 713 73 les Apostres/ nr̃e Seigñr a esleu septãte

106 802 711 73 deux disciples/ lesquelz nestoient point

102 848 714 73 Apostres ne Euesques/ mais disciples et

102 894 713 73 Prestres. Et ceste difference bien appert

102 938 708 76 1.Timoch.3. ou est dit: Il fault que Le¬

101 985 708 72 uesque soit irreprehensible/ mary dune

101 1032 705 72 femme. Et pourtant puys quil y a diffe

100 1077 707 72 rẽce entre les Apostres ⁊ les septãte deux

100 1121 707 72 disciples: il fault quil y aye difference en¬

99 1169 705 73 tre Leuesque ⁊ le Prestre/ et qͥl y aye de¬

102 1216 704 79 grez ⁊ dignitez differentes/ ainsi quil est

486 1270 318 72 E .ii. escript
