976 1416
156 103 710 65 escript. Ephesiens.4. que nostre Seigñr

155 153 706 60 a donne en Leglise les ungs Apostres/

154 198 709 61 les autres Prophetes/ les autres Euan

158 244 707 62 gelistes/ les autres pasteurs/ ⁊ docteurs.

156 291 711 60 Et nest pas ainsi que plusieurs estiment

155 339 710 57 ne tenãs compte des uniuersitez ne des

155 384 710 58 docteurs cõe aussi de lautorite des Eues

155 430 712 60 ques ⁊ des pasteurs. Car il fault quẽ Le

154 477 713 61 glise en aye/ ⁊ ainsi q̃ le Prestre est plus

154 526 713 59 grãd ⁊ superieur aux Diacres/ ainsi Le

152 572 714 58 uesque est plus grand et superieur aux

154 614 712 59 Prestres. Et en ung Diocese ⁊ uille na

152 663 711 53 qung Euesque: mais plusieͬs Prestres.

151 705 717 59 Sẽblablement plusieurs Euesques sont

151 750 716 63 soubz ung Archeuesque/ ⁊ les Archeues¬

149 796 717 61 ques soubz le Primat/ ⁊ ainsi par degrez

149 843 717 63 lung sur lautre iusques au Pape/ qui est

151 893 714 56 sus tous cõe chef/ constitue sus tous cõ¬

151 935 702 66 me successeur de Iesus/ ⁊ Dieu en terre.

372 982 267 52 Le Predicant.

151 1026 711 57 Uoꝰ dõnerez beaucop de testes ⁊ de chefz

148 1074 713 62 en Leglise ⁊ ferez beaucop de dieux. Lon

151 1128 712 52 uous a assez clairement monstre cõment

149 1169 712 58 Leglise na qung chef Iesus/ lequel na

148 1213 714 95 point de successeur. Car il est tousiours

702 1259 158 67 uiuant/
