999 1408
122 173 223 231 U

214 79 484 58 ¶ Limprimeur au lecteur.

354 183 478 77 NG Notaire de¬

346 255 489 57 meurant a Geneue/ apres

348 303 489 50 auoir biẽ ⁊ entieremẽt ueu/

347 347 494 60 ouy/ et selon la pure uerite

119 394 721 57 redige par escript aucuns tumultes/ con¬

119 437 723 61 tradictions/ et les disputations qui sont

119 485 721 57 ensuyuies/ a cause daucuns articles pu¬

119 529 722 63 blicquement preschez par nostre Maistre

125 577 714 63 Furbiti/ qui preschoit alors les aduentz

120 624 722 62 en ladicte cite: Il enuoya icelles letres a

123 674 716 59 ung sien amy ⁊ compaignon de Uienne.

122 720 720 59 Lequel cõme mon familier amy me les

120 765 721 59 cõmuniqua. Et moy uoyãt la chose estre

120 811 721 56 dimportãce/ ueu ⁊ cõsidere le gros bruyt

119 860 722 55 qui couroit par tout de Geneue/ comme

120 903 721 55 nostredict Maistre Furbiti triũphoit de

122 950 719 61 prescher/ disputer/ ⁊ en grande hardiesse

120 1000 722 56 resister aux Lutheriens: trouuay le moyẽ

122 1046 719 56 dauoir lesdictes letres missiues/ lesq̃lles

123 1088 719 61 scachans estre certaines ⁊ ueritables/ ac¬

120 1141 722 56 cordantes auec le tesmoingnage de plu¬

123 1181 719 85 sieurs gens de bien qui auoient este pre¬

578 1226 278 91 A .ii. sentz
