967 1398
124 102 713 59 uiuant/ ⁊ nest pas cõme les autres/ qui

120 139 716 70 par la mort sont empeschez de perseuerer

120 186 715 69 ⁊ de faire leur office: mais Iesus uiuant

117 231 711 67 eternellemẽt gouuerne son eglise. Ie dy

115 277 715 71 la siẽne/ nõ point celle du Pape de ceulx

117 322 714 72 qui ne suyuent Leuangile. Et quant

116 369 712 72 est de la differẽce du Prestre ⁊ de Leuesq̃:

121 417 709 68 Il est clair par lescripture que cest une

114 466 715 65 mesme chose/ cõe Lapostre monstre escri¬

113 509 708 67 uant a Tite au premier chapitre: Ie tay

111 553 711 67 laisse en Candie pour corriger ce qͥ fault/

113 602 711 67 et que tu ordonne par chascune cite des

111 646 709 68 Prestres/ cõe ie tauoye ordõne/ si aucun

109 693 713 70 est sans blasme/ mary dune femme/ ayãt

111 739 710 66 ses enfans fideles non subiectz a super¬

108 785 712 68 fluite/ ⁊ qͥlz ne soient point intractables.

107 830 712 64 Car il fault que Leuesque soit sans blas¬

106 879 713 62 me/ comme despensier de Dieu. Auoir

106 922 711 69 monstre quil fault que le Prestre deuoit

104 969 713 69 estre sans blasme/ ⁊ ayant une femme/ il

104 1017 710 66 dit: Car il fault que Leuesque soit sans

104 1060 710 73 blasme. Si Leuesque ⁊ le Prestre estoiẽt

104 1106 710 71 deux/ poͬ quoy diroit il: Car il fault que

106 1153 708 72 Leuesque soit sans blasme/ si nestoit une

103 1202 710 70 mesme chose? Et ce que Lapostre dit en

535 1252 279 71 E .iii.  ceste
