952 1445
134 86 710 62 ceste epistre du Prestre/ il la dit. 1.Timo

136 132 705 60 thee.3. de Leuesque. Et aussi appert aux

136 177 707 62 Actes.20. ou il est dit/ que sainct Paul a

136 220 707 70 appelle de Ephese les Prestres de Legli

139 269 705 64 se. Et parlant a eulx leur dit: Donnez

139 316 704 63 uous garde a uous ⁊ a tout le tropeau/

137 360 707 66 auquel le S. esperit uous a mis Eues¬

138 405 709 69 ques. Ceulx qͥl a dit Prestres/ il appelle

136 456 711 62 apres Euesques/ declairant bien que cest

140 498 710 66 une mesme chose. Et cõe parauãt auõs

137 545 714 67 monstre/ que Sainct Pierre ne sappelle

138 592 713 70 Pape ne Archeuesque/ mais Prestre cõ¬

139 638 710 64 me les autres. 1.Pierre.5. Car ce q̃ uous

139 682 710 64 dictes que Leuesque est constitue en une

140 729 710 66 cite ⁊ Diocese/ ⁊ ny en a q̃ ung: assez est

139 775 709 59 clair de ceulx de Ephese qui estoient plu

139 821 709 65 sieurs ⁊ en la cite de Philippes ou sem¬

137 868 714 66 blablemẽt estoient plusieurs/ cõme mon¬

139 915 710 70 stre Lepistre escripte a yceulx aux saĩctz

140 960 709 69 en Iesus Christ qui sont en Philippes

138 1005 711 67 auec les Euesques ⁊ les Diacres. Phi¬

139 1050 709 71 lippiẽs.1. Et cõbien que nostre Seigñr

138 1096 710 72 aye ordõne douze Apostres/ ⁊ que iceulx

140 1141 710 71 ayẽt este Euesques/ ⁊ entre les Apostres

140 1189 711 78 il aye ordonne les septante ⁊ non point

717 1233 133 79 septãte
