963 1395
131 60 714 67 septante deux/ il ne sensuyt point: cõbien

130 109 707 64 que les Apostres ayent este Euesques/ q̃

127 154 717 64 les septante ne layent este. Car Euesque

131 199 713 64 ⁊ Prestre ne sont point noms de dignite

126 246 717 64 ⁊ de seigneurie: mais doffice ⁊ de seruitu¬

130 292 713 64 de poͬ seruir a Leglise. Et lung est prins

130 339 713 65 de leage/ signifiãt ancien/ autãt que Pre

132 385 710 64 stre. Lautre dauoir lesgard ⁊ de ueiller.

130 430 713 66 Car Euesq̃ signifie ung qͥ a lintendence

130 478 714 61 le regard sus le peuple. Car il fault que

132 524 710 63 celuy qui porte la parolle de Dieu/ soit

131 568 714 62 ancien de meurs et de scauoir pour estre

130 613 710 65 la forme au peuple/ cõme dit S. Pierre/

130 666 713 57 ne dominant point es heritages/ cest au

132 707 712 64 peuple qui est lheritaige de Dieu: mais

133 753 710 65 soyez (dit il) la forme au tropeau. 1.Pier

131 797 714 64 re.5. cõme aussi S. Paul le monstre quil

133 845 709 65 soit irreprehensible/ mary dune femme/

133 890 711 63 sobre/ ueillãt/ modeste/ receuãt en hospi¬

132 938 712 62 talite/ ꝓpre a enseigner/ nõ point adõne

132 984 710 61 a uin/ non batteur/ nestãt adonne a ui¬

131 1032 711 61 lain gaing: mais iuste/ loing de noyse et

132 1083 704 56 dauarice/ qui gouuerne bien sa maison/

132 1125 708 58 ayant ses enfans subiectz en toute hon¬

134 1168 709 93 nestete. 1.Timoth.3. ⁊ a Tite.1. Et aussi

532 1214 307 77 E .iiii. fault
