953 1384
108 64 711 57 fault quil soit ancien en scauoir pour en¬

109 108 711 61 seigner/ exhorter/ ⁊ pour cõuaincre les cõ

106 152 713 64 tredisans/ ausquelz fault boucher et fer¬

103 200 713 61 mer la bouche: a Tite.1. Non point par

102 247 714 55 le feu/ leaue/ la corde et le bourreau/ par

106 291 710 66 prisons ⁊ rauissemẽs des biẽs: mais par

104 337 714 60 saine doctrine. Et en cecy doit ueiller le

104 382 712 66 Prestre/ Leuesque/ cõme bon ministre de

103 430 715 63 Dieu iour ⁊ nuyct/ regardant que le peu

106 476 709 67 ple soit parfaict a Dieu/ linstruysãt/ cor

103 523 715 62 rigeant/ admõnestant/ reprenant par la

106 568 709 65 saincte escripture/ qui est ꝓpre a ce. 2.Ti

103 615 713 56 mothee.3. Et ce que uous amenez que

103 659 715 65 les Apostres ont este Euesques/ et q̃ les

104 705 715 59 Euefques sont au lieu des Apostres/ et

107 751 712 65 pleut a Dieu quilz ne fussent au lieu de

111 796 708 66 Iudas. Et que les disciples estoiẽt Pre¬

107 843 712 68 stres/ ⁊ les Prestres sont au lieu des dis¬

104 890 716 63 ciples/ ⁊ non des Apostres: Uous scauez

106 936 714 62 cõment Timothee nestoit point Apostre

107 982 712 64 mais disciple. Actes.16. ⁊ ainsi estoit par

113 1026 706 66 uous simple Prestre ⁊ nõ Euesque. Et

110 1074 710 64 cõment seroit ce qung simple Prestre con

111 1117 710 67 stitue ⁊ ordonne les Euesques/ cõme Ti

111 1164 711 79 mothee en a la charge/ et Tite aussi qui

671 1209 150 76 nestoiẽt
