963 1395
123 75 719 61 nestoiẽt point Apostres/ mais disciples?

126 120 714 61 La premiere Eglise de Dieu na point

124 165 714 62 sceu telle distinction ne superiorite: mais

122 210 715 64 est cõtrouuee de ceulx qui ne demandent

120 255 716 62 que dominer ⁊ non de seruir/ au contraire

122 302 711 67 de Iesus qui est uenu pour seruir ⁊ non

120 348 715 67 point poͬ estre seruy. Et puys quauez

117 395 718 65 amene ce bon Euesque Iudas qui a uẽ¬

117 440 715 62 du le sauueur du monde/ ⁊ dictes qͥl a eu

118 488 712 60 ung Euesche/ ⁊ estoit constitue sus ung

116 530 716 65 Diocese/ leq̃l est ce? ou est cest Euesche?

115 578 717 63 cõbien uault il in portatis? Certes point

112 620 718 63 de lieu na eu: mais il deuoit prescher cõe

112 668 716 62 les autres par tout/ sans estre attache a

115 713 714 68 ung Diocese. Mais bien luy cõuiẽt auec

111 761 715 65 les Euesques qui au lieu de porter la pa

110 805 718 65 rolle de Dieu/ portẽt la bourse desrobãs

111 854 717 58 ce que doit uenir aux paoures/ ⁊ uendẽt

113 899 712 64 Iesus en ses membres. Car ilz lyurẽt les

109 948 714 57 paoures ames au diable par toute idola

109 992 710 65 trie ⁊ superstitiõ/ mais qͥlz ayent argent.

108 1038 711 65 Et si aucun parle cõtre eulx en le bãnis¬

109 1084 709 66 sant/ cest lauoir declaire estre heretique/

108 1128 715 64 le lyurent au bourreau pour estre mis a

109 1177 710 88 mort. Cecy est bien loing des Apostres/

747 1232 70 59 des
