976 1395
153 65 713 60 des Euãgelistes/ Prophetes/ Pasteurs

154 109 710 59 ⁊ Docteurs: nõ point par letres ⁊ seaux

152 158 711 55 apres les grans bancquetz doctoreaux ⁊

150 202 715 60 les brigues ⁊ presens: mais par le sainct

151 247 713 61 esperit en iusnes/ oraisõs/ ⁊ sainctes prie

150 295 714 57 res/ ainsi qua este enuoye Sainct Paul.

150 340 713 55 Act.13. Et si Leglise estoit ainsi cõduicte/

150 387 715 59 le paoure peuple ne seroit ainsi mange et

152 432 713 55 deuore si loing de uerite ⁊ de la purte euã

153 480 706 60 gelique/ lon prieroit pour les ignorans/

152 524 713 63 ⁊ les Prestres ⁊ Prĩces des Iuifz Anne

152 571 707 56 ⁊ Cayphe ne cryeroient point/ oste/ oste/

150 616 714 60 crucifie/ crucifie/ faisãs que le sang inno¬

147 663 714 60 cent soit respandu/ ainsi que les droictz

151 710 714 59 successeurs Danne et Cayphe suyuans

147 755 716 56 bien leurs deuãtiers font par tout: ainsi

150 799 714 63 quõ a faict a Iesus ⁊ ses Apostres/ font

148 847 599 64 ilz a ceulx qui les ueulent suyure.

375 892 298 58 Nostre Maistre.

147 936 714 64 Uous estes fort cõtre les Euesq̃s. Allez

148 986 715 57 dire ce que uoꝰ dictes a Paris ou es au¬

147 1032 716 58 tres uilles de france. Il est tout clair qͥl

145 1076 719 60 y a differẽce entre Leuesque ⁊ le Prestre.

145 1121 716 60 Et que ce nest point une mesme chose/ cõ

146 1169 715 94 me aussi nest point une mesme chose des-

763 1214 94 77 dictz
