951 1392
117 67 721 67 dictz Apostres ⁊ des disciples. Or estoiẽt

116 119 714 61 les Apostres Euesques cõe ie lay prouue

120 163 712 62 de Iudas. Et ce que uous alleguez de

119 209 711 64 S. Paul/ ne conclud fors que Leuesq̃ est

119 257 711 60 Prestre/ ce qui est uray. Car du degre de

121 302 705 63 Prestrise on uiẽt a la dignite episcopale.

164 350 665 59 Cela aussi que uous auez amene des

116 395 711 64 Actes/ que S. Paul a faict appeller les

117 445 712 58 Prestres Dephese/ et puys les appelle

116 487 714 57 Euesques/ est dit pourtant que S. Paul

117 532 714 61 fit la ung concil/ cõe alors ilz en auoient

116 577 714 63 la coustume: ⁊ en ce cõcil y auoit des Pre

118 625 712 62 stres ⁊ des Euesques/ non point que ces

116 670 711 60 Euesques fussent tous Euesques dung

116 715 710 64 lieu/ mais de plusieurs. Ainsi est uray

116 760 711 63 semblable que les Euesques de lentour

116 806 710 66 de Philippes estoiẽt poͬ ung cõcil assẽ¬

113 852 711 65 blez a Philippes/ ⁊ Lapostre leͬ rescript/

113 901 712 64 nõ point quen Philippes y eut plusieurs

116 946 707 64 Euesques. Et fault quen Leglise y aye

113 994 707 61 les distinctions de degrez/ ⁊ de dignitez/

116 1040 709 62 ainsi cõme parauant ay mõstre/ tant de

116 1085 709 63 docteurs q̃ de pasteurs ⁊ superiorite pour

113 1132 711 63 entretenir l estat de Leglise/ a laquelle ap

116 1177 709 92 partient de faire ordonnances/ ainsi quil

765 1220 48 65 est
