965 1385
132 78 716 62 est expedient/ ⁊ faire decisiõs cõme le cas

132 122 714 60 le requiert. Et ne fault confondre les di¬

133 166 715 68 gnitez: mais que tout soit garde ainsi qͥl

132 214 716 63 appartiẽt. Car les choses ont este bien or¬

133 260 713 63 donnees/ ⁊ ne fault que a lappetit dung

135 305 713 64 chascun/ quelles soient chãgees. Il y a eu

133 353 716 56 tant de bons Euesques ⁊ tant de gẽs de

132 397 715 64 bien iusques a present. Et ne fault pẽser

133 443 714 64 que Dieu aye ainsi delaisse son Eglise:

132 490 716 65 cõbien que les ministres ⁊ prelatz dicelle

135 535 712 66 faillent en beaucop/ ne faisans leur offi¬

133 582 714 63 ce. Mais si fault il que Leglise demeu¬

132 629 715 69 re ⁊ les dignitez dicelle/ et son autorite et

137 678 194 67 puyssance.

356 715 269 64 Le Predicant.

138 762 706 67 Ie suys tellement contre les Euesques/

131 811 712 61 que ie uouldroye auoir mis ma uie/ qͥlz

132 857 714 66 fussent cõe les Apostres/ ausquelz uous

131 903 715 65 les cõparez. Et celuy qui ma cõduict ius¬

132 951 714 65 ques icy/ quãd sera son bon plaisir/ il me

132 996 711 64 cõduyra iusques a Paris ⁊ autres lieux

135 1042 707 64 de France/ ainsi quil est tout puyssant/

132 1084 712 67 seul gouuerneur du ciel ⁊ de la terre/ qui

131 1134 713 62 a tout faict. Et pleut a ce bon Dieu/ quõ

133 1179 711 83 me uoulsit faire cõme a uous/ me ꝑmet¬

749 1228 93 64 tant
