954 1397
106 93 709 58 tant respõdre ⁊ rendre raison de ma foy.

115 137 701 59 Ie ne demanderoye point estre remis a

104 185 712 57 mon iuge: mais seroye trop cõtent (cõme

108 229 705 60 uous a este p̃sente deuãt tout le monde)

106 277 710 54 maintenir ce que ie dy: ⁊ si ie ne le pouoye

104 321 713 59 mõstrer/ estre mis a mort/ sans demãder

107 366 710 61 quõ fist aucũ desplaisir a Euesq̃/ Prestre

104 414 716 62 ou Moyne/ cõbien que clairemẽt ilz errẽt

106 458 712 63 en la foy/ ⁊ meinẽt le peuple en tenebres

107 505 710 60 ⁊ erreurs. Uous declairez dune belle sor

107 550 711 61 te S. Paul/ ou il parle de linstitution de

109 596 709 59 Leuesq̃. Sil estoit ainsi cõe uous dictes

107 641 711 62 quilz fussent diuers/ ce qui ne peult estre:

106 690 714 60 car assez le monstre la raison qui est a Ti

107 736 713 60 te.1. Pourquoy auoir parle de lestat de

109 782 711 60 Leuesq̃ na parle du Prestre/ nest il pas

108 825 712 56 aussi necessaire cõe des Diacres? Il par¬

107 871 714 62 le cõment ⁊ quelles doyuẽt estre les fem¬

108 916 715 64 mes des Euesq̃s ⁊ des Diacres/ nestoit

108 962 713 63 il point autant necessaire de parler des

111 1008 711 64 Prestres? Ou trouuez uous que le cõcil

111 1057 710 62 fut assẽble a Milet/ ou a Philippes? Et

111 1103 712 62 si le cõcil fut assemble a Philippes ⁊ que

111 1147 712 62 les Euesques y fussent uenuz/ ny auoit

114 1195 707 78 il point de Prestres/ que S. Paul neust

725 1239 93 84 faict
