962 1383
126 92 716 61 faict mẽtion de yceulx/ cõe des Diacres?

126 131 713 67 Mais uous parlez a plaisir ⁊ sans escri¬

128 178 711 65 pture. Il est tout uray quil y a en Le¬

129 223 713 67 glise de Dieu/ quand elle est cõe estoit au

130 275 713 54 cõmencement diuerses graces ⁊ dons/ de

129 318 711 64 science/ sapiẽce/ de prophetie/ des lãgues/

131 363 711 63 ⁊ declaratiõs dicelles/ cõme il est escript.

131 409 712 64 1.Corinth.12. Et tout cecy est pour seruir

130 455 714 64 au corps de Christ/ qui sont les fideles/ ⁊

132 500 712 62 ainsi Dieu a ordõne/ nõ point cõe uous

133 547 714 59 dictes degrez de dignite ⁊ superiorite/ cõe

133 592 713 67 il est de p̃sent: ou ung ignorãt est ꝯstitue

136 638 714 62 sus ung qui nest pas tant ignorãt cõme

133 684 715 63 luy: ⁊ ung de mauuaise uie sus ung qui

133 730 713 61 nest si mal uiuant cõme lautre/ ⁊ tout ne

137 774 709 62 sõt que dignitez ⁊ tiltres ambitieux. La

136 820 709 66 ou Apostre/ Pasteur/ Euesque/ ne sont q̃

136 867 711 58 noms de seruice. Et ainsi parauãt Legli

139 912 709 64 se qui du tout de present est destruicte et

138 960 708 62 desolee/ sans Apostres/ Euangelistes/

143 1003 703 69 Prophetes/ Pasteurs/ Docteurs/ Lan¬

145 1049 701 65 gues/ parauãt estoit entretenue ⁊ endo¬

144 1094 701 66 ctrinee. Et y a eu de gẽs de bien/ les Apo

146 1140 699 64 stres/ Prophetes/ bons Pasteurs ⁊ Do

145 1188 701 76 cteurs: de quoy a present Euesq̃s ⁊ Pre¬

762 1233 84 70 stres
