987 1491
147 139 714 56 sentz a toutes les choses cõtenues en icel¬

145 181 717 60 les: les ay uoulu fidellement imprimer

150 228 710 56 sãs y adiouster/ ne diminuer aucunemẽt.

147 274 715 61 A celle fin que tous puissent ueoir ⁊ con¬

147 320 705 61 gnoistre (cõme silz eussent este presentz)

147 367 713 57 toutes ces grãdz nouuelles de Geneue/

149 413 711 57 que tant on desire scauoir. Et que ung

149 458 712 62 chascun face son bõ proffit desdictes dis¬

147 506 714 55 putatiõs/ ⁊ soit mieulx aduise cy apres.

147 550 713 61 Car plus facilement se peult on garder

147 597 711 61 des coupz que lon uoit uenir de loing/

149 644 713 59 que de ceulx desquelz lon ne sen donne

150 689 711 58 garde. Quant aux noms dudict escri¬

147 738 715 58 uain ⁊ de son compaignõ auquel il escri¬

146 782 717 61 uoit/ ie ne les ay icy uoulu mettre poͬ bõ

146 829 716 61 respect. Car ie ne desire point nuyre/ fas¬

147 877 714 56 cher/ ou porter dommage a aucun: mais

147 923 714 62 proffiter a tous. Peult estre que iceulx

145 967 716 61 nauroient a gre/ que leur amitie ⁊ fami¬

144 1015 717 57 liarite priuee/ ensemble leurs noms fust

144 1062 718 53 ainsi publies. Touchant les noms des

145 1107 717 59 predicantz/ contre lesquelz disputoit le¬

142 1153 721 55 dict docteur: il semble que lescriuain par

141 1200 724 53 aucun respect ne les a uoulu nõmer/ fa¬

142 1246 721 80 uorisant aucunemẽt audict docteur: com¬

770 1298 87 62 bien
