981 1402
102 93 714 60 stres ne tiennent rien. Et uous ne cõtre¬

100 142 717 57 uenez uous point a tous ceulx qui ont

100 186 713 59 escript? S. Ierosme na il point escript q̃

102 232 714 61 Leuesq̃ ⁊ Prestre sont une mesme chose?

102 278 714 54 En lepistre a Tite dit: Idem est ergo

102 324 716 62 presbyter qui episcopus. Le prestre donc

101 370 717 61 est ung mesme que Leuesq̃. Et ne fault

101 418 717 58 que ceulx qui se disẽt de Leglise/ se ueul¬

100 462 718 56 lent couurir de la sainctete ⁊ doctrine des

102 508 716 62 sainctz personnages/ desquelz ne tiennẽt

102 554 717 55 rien/ non plus que Abrahã ⁊ les Prophe

102 602 718 56 tes qui ont este deuant les Iuifz ne leur

104 646 716 58 seruẽt rien: mais sont a leur condẽnatiõ.

105 691 716 61 Ainsi tant de gẽs de bien/ sainctz person¬

102 739 721 58 nages/ ne seruent a ceulx qui se disent de

107 783 716 62 Leglise: lesquelz tous uiuent ⁊ enseignẽt

105 829 720 55 autrement que les Apostres ⁊ bons serui

108 873 716 58 teurs de Dieu nõt enseigne ne tenu. Et

108 919 712 60 suys esbahy cõmẽt on ose nõmer les Apo

111 970 708 53 stres ⁊ autres bons seruiteurs de Dieu/

112 1011 680 61 ueu quon faict ⁊ dit tout le contraire.

112 1057 709 59 Uous auez dit/ que Leuesque doit estre

112 1104 715 60 mary dune femme: ⁊ est uray/ cõe le saĩct

116 1150 709 59 Apostre le monstre. Maintenãt si aucun

118 1196 710 89 Euesque estoit marie/ tout seroit ꝑdu/ ce

721 1241 106 78 seroit
