961 1394
144 78 713 62 seroit la fin du mõde: mais sil a putains

144 126 713 58 ⁊ macquereaux la maison pleine/ qui luy

142 171 721 60 iouent finesse lon nen faict que rire. Si le

142 217 716 59 commandement de Dieu est uiole/ cest

147 263 712 61 peu de faict. Si lon passe le commande¬

145 310 719 57 ment des Euesq̃s ou du Pape en uian¬

144 357 717 57 des ou iours/ tous cryent au feu. Par¬

144 401 718 61 quoy tous uoyent clairemẽt Dieu estre

144 454 717 54 mesprise ⁊ ses ordonnances: ⁊ ce que les

144 499 715 55 hommes ont commande estans hors de

139 541 720 59 la foy comme Lapostre monstre. 1.Ti¬

140 588 721 60 mothee.4. estre garde estroictement: et

140 634 719 54 Dieu est soubz lhomme/ ⁊ est moins hon

138 678 721 59 nore ⁊ crainct que lhomme. Mais la con

137 729 721 50 demnation tombera sur ceulx qui ainsi

141 770 715 58 se lieuẽt cõtre Dieu sattribuãs la puys¬

140 816 716 59 sance quilz nont point. Car mauldict est

135 863 721 59 celuy qui adiouste ou diminue aux com¬

135 911 719 55 mandemens de Dieu/ en sa parolle ⁊ or¬

137 954 715 60 donnance. Car ainsi que parauant assez

135 1001 720 58 a este clairement monstre apres Iesus/ il

138 1044 714 59 est moins permis ⁊ licite de bailler nou¬

135 1091 717 60 uelles ordonnances que apres Moyse ce

137 1138 713 57 que nostre Seigneur a tant defendu: cõ¬

135 1182 714 98 ment Dieu assiste a Leglise du Pape la

698 1231 149 70 laissant
