970 1390
120 83 709 64 laissant en si grosse p̃unayfie et iniquite

120 132 534 59 est bien aueugle qui ne le uoit.

215 178 522 60 ¶ Nostre Maistre auoir leu le

215 225 522 59 passage de sainct Ierosme de

214 271 473 57 Leuesque ⁊ du Prestre dit:

121 312 708 65 Lestat de Leuesque est autre que du Pre

121 363 709 59 stre ⁊ sõt dignitez differẽtes. Et ne fault

119 410 711 53 que ceulx qui sont autrement que nostre

120 456 710 57 Seigneur a cõmande qui par aucune bõ

118 499 714 60 ne raison changẽt ⁊ muẽt les ordõnãces

119 545 717 57 baillees par Iesus Christ/ qͥlz soiẽt maul

120 593 717 49 dictz cõme uous dictes. Car autremẽt il

122 635 712 64 fauldroit q̃ telle malediction ⁊ celle quest

122 686 712 54 contenue en Lapocalipse au dernier/ de

121 732 706 59 ceulx qui adioustent ou diminuẽt de ce qͥ

121 776 712 55 est escript au liure/ uint sur les Apostres:

124 821 710 57 ueu quilz ont chãge la forme de baptizer

122 865 713 58 laquelle nostre Seigͬ auoit baillee/ leur

115 913 715 58 disant: Allez donc enseignez toutes gẽs/

121 956 712 64 les baptizans au nom du pere ⁊ du filz ⁊

121 1003 712 62 du sainct esperit. Matth.28. Ce qͥlz nont

122 1048 711 64 point obserue: mais ont baptize seulemẽt

121 1095 712 61 au nom de Iesus Christ. Act.2.8. Et sil

122 1140 710 61 a este loysible aux Apostres de chãger la

126 1186 706 104 forme du baptesme. Il est bien loysible

601 1241 226 62 F aux
