980 1432
144 66 704 58 aux p̃latz de leglise de faire ordonnãces

146 112 700 59 ⁊ cõstitutions aussi bien q̃ aux Apostres

143 156 702 55 de changer la forme si euidẽtement/ com

142 202 705 58 mãdee de Iesus/ sans encourir la male¬

143 248 706 59 diction de Dieu. Ou il fault q̃ uous con

144 293 703 66 fessez q̃ les Apostres ont este mauldictz:

142 342 496 63 qui seroit errer grandement.

368 387 268 61 Le Predicant.

143 430 708 59 Si pour affermer quelque chose ⁊ prou¬

140 485 712 54 uer ne fault dire autre q̃ il est ainsi/ uous

143 526 710 63 prouuerez que Leuesque ⁊ le Prestre sõt

142 573 711 59 deux sans escripture ⁊ sans rien. Uous

140 618 713 59 auez ouy les passages de lescripture/ et

139 662 713 58 auec ce S. Ierosme que uous tenez ung

140 710 713 58 des quatre Docteurs approuuez. Mais

138 755 715 57 tout ce ne uous faict rien. Uous amenez

138 798 719 64 lestat de Leuesque/ duq̃l nest faicte men¬

138 844 717 65 tion aucune en lescripture. Touchant

139 891 716 57 ce que uous dictes des Apostres/ qͥlz ont

139 937 718 60 chãge la forme que nostre Seigñr auoit

139 983 716 59 baillee: uoꝰ leur faictes tort. Car ilz lont

139 1027 719 63 bien gardee. Et pleut a Dieu que ainsi

139 1075 713 62 quilz lont tenue/ ⁊ tout ce que nr̃e Seigͬ

142 1120 715 61 a cõmande/ que de p̃sent fut garde. Car

142 1167 713 82 ilz nont point crache sur ceulx qͥlz bapti¬

730 1217 128 83 zoient
