959 1397
131 83 727 62 zoient/ ne faictz les adiuremens q̃ le dia¬

129 121 713 69 ble sortit du corps des enfans/ cõme lon

129 166 713 71 faict maintenãt cõtre Dieu ⁊ sa parolle/

125 211 717 75 les petis enfans innocens (desq̃lz nostre

124 256 717 73 Seigñr a dict/ laissez uenir les enfans a

123 307 714 70 moy ⁊ ne les defendez de uenir/ car a telz

122 352 716 72 est le royaume des cieulx) nont point le

118 398 715 72 diable au corps: mais sont sainctz. 1.Co¬

116 443 717 73 rinthi.7. Et les sainctz Apostres ny ont

116 490 714 72 mis ne sel ne huyle/ mais deaue pure et

114 536 710 72 nette ont baptize/ ⁊ en baptizant au nom

114 580 712 74 de Iesus Christ/ ilz ont baptize au nom

111 628 713 73 du pere: pourtãt que celuy qui nye le filz/

109 674 715 72 il na point le pere. 1.Iehan.2. Sembla¬

109 719 714 72 blemẽt qui cõfesse le filz/ il a le pere/ puis

108 767 715 70 que le pere est au filz/ ⁊ qui uoit le filz/ il

110 812 711 66 uoit le pere. Iehã.13. Ainsi qͥ dit le filz ⁊

107 857 709 72 faict au nom du filz/ il dit ⁊ faict au nom

106 909 713 66 du pere. Sẽblablemẽt personne ne peult

104 949 712 76 dire Iesus Christ fors que par le Sainct

103 996 711 75 esperit. 1.Corin.12. Parquoy baptizans

102 1045 711 69 au nom de Iesus/ ilz ont baptize au nom

103 1089 711 72 du pere et du filz et du sainct esperit. Et

101 1138 713 70 ne fault parler des choses de Dieu des

106 1182 707 84 sacremens/ ainsi q̃ les uniuersitez en par¬

572 1236 233 81 F .ii. lent
