980 1416
135 80 708 63 lent en leurs quatriesmes des sentences/

138 134 705 53 q̃ par la uertu de certaines parolles pro¬

136 177 704 57 ferees sur la matiere reqͥse auec intẽtion/

134 221 712 59 les pechez sont pardonnez/ le Sainct espe

136 266 709 62 rit est dõne: tellement q̃ celuy qui chãge¬

135 313 710 57 roit ces parolles/ ou laisseroit aucunes

138 362 703 55 dicelles qui sont de lessence (cõe ilz disẽt)

136 404 712 55 le sacremẽt ne seroit dõne/ ne la uertu di¬

136 450 712 60 celuy. Laq̃lle sentẽce nest point chrestiẽne

138 499 712 56 ne des seruiteurs de Dieu: mais payẽne

139 545 711 56 ⁊ dẽchanteurs ⁊ magiciens qui attribuẽt

136 590 710 54 leurs follies a leurs signes et parolles/

136 634 714 59 tellement que si aucune parolle ou signe

138 680 710 59 y fault/ tout ne uault rien. Il nest pas

134 725 717 60 ainsi des choses de Leglise de Iesus. La¬

138 771 710 59 quelle ne compte point les parolles ⁊ les

138 818 712 55 motz: mais sarreste a la sentẽce ⁊ au sens

138 862 714 60 ce que bien appert aux Apostres ⁊ Euan

141 910 711 61 gelistes/ qui alleguent les Prophetes et

139 958 712 57 Moyse en autres parolles ⁊ forme quilz

138 1004 714 58 nõt parle/ ne gardãs point les parolles

139 1049 714 57 ⁊ motz/ mais le sens: ⁊ mesmes en recitãt

135 1098 718 48 les parolles que Iesus a dictes ung les

136 1139 718 57 recite dune sorte ⁊ lautre de lautre. Saĩct

138 1185 716 70 Matthieu dit: que Iesus a dit: Beuuez

715 1235 124 70 de cecy
