981 1371
153 82 714 67 de cecy tous. Car cest mon sang. Matth.

152 122 714 64 26. et Luc.22. dit: Ce calice est le nou¬

149 167 716 71 ueau testament en mon sang. Et les Pre

148 215 718 67 stres en leurs cõsecrations qͥlz disent tãt

147 261 715 72 bas/ ne disent ainsi que aucun aye escript.

146 306 717 68 mais ont parolles adioustees qui ne sõt

146 353 716 70 en aucun des Euãgelistes ne en la saĩcte

145 395 715 75 escripture. Et neãtmoins selon leur do¬

144 442 715 73 ctrine/ si lon ne garde la forme que Iesus

142 485 716 75 a baillee/ le sacremẽt ne uault rien. Or

141 531 718 76 ne scauroient ilz monstrer les propres et

142 580 714 73 formelz motz que Iesus a dit. Parquoy

141 628 716 71 tout leur cas est incertain selon leur do¬

141 671 715 72 ctrine: laquelle est toute cõtraire a la do¬

141 717 714 73 ctrine ⁊ obseruation des Apostres: mais

140 762 712 73 est uraye enchanterie astreincte a lieu/ a

140 811 707 73 temps/ a habitz/ a signes/ a tornemens ⁊

139 853 529 67 mines/ cõme les enchanteurs.

363 903 299 64 Nostre Maistre.

139 940 709 75 Uous uoulez dõc dire que les Apostres

138 991 702 76 ont garde la forme de baptizer que Iesꝰ

137 1038 711 74 a baillee. Ie uous demãde si maintenãt

138 1087 705 69 seroit loysible de baptizer ainsi/ ⁊ si ceulx

138 1128 706 71 seroient baptizez qͥ seroient ainsi baptizez

137 1175 707 86 au nom de Iesus Christ. Respondez tost

604 1233 237 68 F .iii. a ce
