955 1419
140 94 529 56 a ce point ⁊ categoriquement.

370 138 266 53 Le Predicant.

143 179 707 59 Quand il ny auroit point de scandale/ il

142 227 707 63 seroit loysible de baptizer ainsi. Et quãt

140 275 709 58 est de ceulx qui sont baptizez par le mi¬

139 321 705 56 nistre/ le uray baptesme ne gist point en

138 367 709 59 leaue ⁊ parolles: Car tel baptesme est dõ

139 413 711 60 ne aux bons ⁊ aux meschans estant ui¬

138 459 711 60 sible ⁊ exterieur: mais le uray baptesme

138 504 714 62 gist en la foy que Dieu dõne/ en lesperit

138 552 715 56 de Iesus qui est donne de Dieu. Et tel

136 597 713 61 baptesme nest dõne q̃ aux esleuz ⁊ urays

138 645 712 57 enfans de Dieu: duquel Iesus baptize ⁊

134 688 715 61 non lhomme cõme sainct Iehan baptiste

133 734 423 59 monstre. Matthieu.4.

265 776 487 63 Nostre Maistre parlant au

265 825 267 57 Secretaire dit:

137 870 712 60 Escriuez celle propositiõ/ escriuez la: car

132 921 716 58 elle est faulse. Et dit a Messieurs de

132 964 717 62 Berne: Messieurs quõ enuoye ceste pro¬

132 1011 716 55 position a Paris a Louain/ ⁊ par toutes

127 1061 720 54 les Uniuersitez/ il ny a Uniuersite qͥ ne

128 1103 677 58 la condemne comme faulse et erronee.

130 1148 716 59 De changer la forme de baptizer que no

128 1195 718 73 stre Seigneur a donnee/ cest trop errer.

714 1243 129 58 Uous
