970 1388
135 89 709 68 Uous uoulez changer la forme que Ie¬

134 134 250 59 sus a donnee.

361 179 271 60 Le Predicant.

133 222 711 68 Ne uoꝰ eschauffez ainsi: monstrez par la

133 271 711 63 saincte escripture quõ faille. Car de dire

131 315 715 67 cela est faulx ⁊ erronee/ ⁊ iuger ainsi ma

131 364 710 61 gistralemẽt cõe uous auez de coustume.

138 411 706 64 Il ny a si grosse beste qui ne puysse dire

133 459 709 60 ceste ꝓposition est faulse/ erronee/ impie/

131 504 712 60 scãdaleuse/ faisant mal aux aureilles/ ⁊

130 548 716 65 telz motz desquelz uous usez. Monstrez

133 595 714 60 quen faisant cõme les Apostres la ou il

131 641 671 62 ny a point de scandale/ quon face mal.

133 688 713 62 Et quãt est des Uniuersitez/ Messieurs

131 734 710 62 de Berne sarrestẽt a la parolle de Dieu:

131 781 712 52 ⁊ croyẽt plus a icelle qua toutes les Uni

130 827 716 60 uersitez/ uoire qua ung ange si descẽdoit

130 870 713 66 du ciel/ quãd proposeroit autre que la pa

133 916 265 60 rolle de Dieu.

359 958 297 66 Nostre Maistre.

133 1005 710 67 Uous faictes bel honneur a Messieurs

131 1054 713 65 de Berne/ quilz croyẽt plus a uous qua

130 1102 714 61 toutes les Uniuersitez: uous uous ma¬

134 1147 709 62 gnifiez fort. Mais puys que uous nauez

134 1197 712 67 donne la raison/ pourquoy les Apostres

576 1243 260 68 F .iiii.  ont
