988 1420
137 80 711 56 ont baptize autremẽt que Iesus na com

137 124 712 62 mãde: Ie la diray/ si plaict louyr. Au cõ¬

137 176 711 54 mencemẽt quon p̃schoit Leuãgile/ apres

137 216 707 57 q̃ nostre Seigñr mõta es cieulx/ le nom

138 262 712 63 de Iesus estoit fort odieux ⁊ peu estime

137 308 713 57 du mõde. Et pourtãt les Apostres eurẽt

136 353 713 57 reuelatiõ de chãger la forme de baptizer:

137 399 715 66 affin q̃ le nom de Iesus fust receu en hon

136 448 692 63 neur/ en ce quon baptizoit en son nom.

138 491 714 61 Mais maintenant que le nom de Iesus

138 538 714 65 est en honneur/ qui feroit autrement que

137 583 711 70 baptizer en la forme que Iesus a baillee/

139 636 202 58 il erreroit.

363 674 268 59 Le Predicant.

140 719 712 63 Ou auez uous lentendemẽt de dire que

137 769 715 61 iaye dict que Messieurs de Berne croyẽt

139 814 715 61 plus a moy qua toutes les Uniuersitez?

157 859 697 65 Iay dit que Messieurs croyent plus a la

140 905 714 62 parolle de Dieu qua toutes les Uniuer¬

140 950 714 65 sitez. Et quil soit ainsi/ ien prens a tes¬

138 996 717 65 moing toute lassistence/ et uous prie ne

140 1043 712 62 rẽuersez point mes parolles. Quant est

140 1088 712 68 du sõge ⁊ de uoz reuelatiõs cõtrouuees/

143 1134 712 61 q̃ uous auez amenees. Uous ne le pour¬

143 1178 711 100 riez mostrer ꝑ la saincte escripture: mais

715 1223 140 75 il fault
