998 1400
116 93 718 57 bien q̃ icelle faueur ne la point empesche

120 137 716 56 de escrire la pure uerite de tout ce quil

119 183 716 59 auoit ueu ⁊ ouy tant dune part q̃ dautre

117 233 717 55 ainsi quest aduenu. En quoy sest demon¬

120 274 713 59 stre homme de bien. Et pleut a Dieu que

120 320 713 60 ung chascun escriuit ⁊ racõpta ainsi tou¬

116 371 717 56 tes choses selon la uerite/ sans pẽdre dũg

117 414 716 60 coste plus que de lautre: affin que la par¬

116 463 718 55 tie qui auroit tort/ ne se peult excuser di¬

117 505 718 58 sant quõ eust cache une partie ou la moi¬

116 553 719 51 tie de ses droictz ⁊ allegatiõs. Et que par

117 599 717 57 faulx rapportz lon ne uint a iuger dung

115 646 720 54 iniuste iugement/ le bien estre mal/ et le

115 690 719 53 mal estre bien: le droict estre tort/ ⁊ le tort

115 737 718 57 estre droict: Mais par fideles ⁊ entieres

114 786 715 55 relatiõs de toutes les raisons/ defenses/

114 829 718 57 et allegations produictes par les deux

115 875 718 60 parties/ ung chascun peult congnoistre

114 921 721 60 ⁊ discerner le bien pour lensuyure ⁊ ensei¬

116 968 713 58 gner a tous/ et le mal pour leuiter et en

115 1013 719 59 destourner les autres. Ainsi faisant tout

115 1060 719 60 se porteroit tresbien/ ⁊ ne courroiẽt point

115 1108 718 57 tant de mensonges et menteurs de tous

115 1157 723 55 costez entre le peuple/ qui portent moult

116 1197 722 71 grand dommaige/ ⁊ peuuẽt estre occasiõ

513 1240 333 74 A .iii. de une
