966 1384
115 73 721 63 il fault q̃ uous retournez a ur̃e coustume

116 118 710 63 qui est de rẽplir les aureilles de reueries.

129 167 700 57 Ie ne dy poĩt quõ peult baptizer cõs les

116 216 714 53 Apostres ont faict/ pourtant q̃ ie uueille

117 258 713 60 chãger rien/ ainsi q̃ uostre Pape ⁊ toute

118 303 709 55 uostre Eglise auez tout miserablement

116 351 710 58 chãge: mais ie le dy en maintenant q̃ les

114 397 710 57 Apostres ont bien faict: ⁊ faire cõme ilz

114 442 712 59 ont faict/ ne seroit point mal/ gardant

115 490 711 57 quil ny aye scandale. Car la charite re¬

115 536 709 54 quiert quõ regarde de proffiter ⁊ edifier.

115 581 711 59 Et autremẽt monstrez que les Apostres

114 627 710 60 ayent erre en cela/ ⁊ quilz ayẽt mal faict:

114 674 712 59 car ie les prise plus ⁊ leur doctrine q̃ tout

113 719 713 59 ce que uous pourriez dire: ⁊ les ensuyure

115 764 710 61 ⁊ faire cõe ilz ont faict ne pourriez mon¬

115 809 423 58 strer/ que soit mal faict.

161 852 665 61 Pourtãt quil estoit tard ce iour/ plus

113 898 713 63 ne fut dispute: ⁊ fut arreste que le lende¬

113 945 714 60 main a cause du marche/ quon ne dispu¬

113 991 712 65 teroit point. Le Lundy secõd de Feurier

115 1038 344 58 fut la purification.

161 1081 666 65 Et le iour de S. Blaise troysiesme de

115 1127 709 65 Feurier/ le Ieaulier de Leuesque de Ge¬

109 1179 716 75 neue ayant entreprinse auec plusieurs de

727 1222 95 89 faire
