980 1418
165 76 716 55 faire une grosse effusiõ de sãg/ lesq̃lz luy

165 120 715 60 faillirent/ ayãt propos de frapper ⁊ tuer

166 168 715 57 des autres/ tua ung paoure chapellier

166 212 715 57 dune mandosse/ sans auoir aucunes pa¬

169 258 715 59 rolles a luy. Dont le taborin sonna/ et

171 306 712 62 par le moyen de Messieurs de Berne et

167 352 717 54 autres gens de bien/ effusion de sang fut

167 398 716 60 euitee. Le Ieaulier fut prins ⁊ auec luy

169 446 715 57 ung des seruiteurs de Leuesque/ qͥ auoit

166 492 717 58 les letres pour mettre ung gouuerneur

167 538 714 58 en Geneue. Et fut la uille en armes ius¬

167 583 716 62 ques a ce que la iustice fust faicte de lho¬

166 629 715 57 micide/ qui cõfessa auoir tue mauuaise¬

166 674 713 59 mẽt ⁊ meschãment le chapelier. Et en

169 721 714 58 ces iours/ furent faictz les Syndiques:

170 768 713 57 parquoy on ne fit rien iusques au Mar¬

171 811 714 59 dy dixiesme de Feurier/ ou Messieurs de

172 860 712 61 Berne pourtant qung autre Ambassa¬

171 905 714 58 deur estoit uenu au lieu dũg qͥ sen estoit

170 951 715 54 alle ne firent que uenir deuant le conseil

172 997 712 61 ⁊ nostre Maistre aussi. Et fut remis

174 1043 711 60 au lendemain Mercredy unziesme de Fe

174 1091 712 55 urier la ou lon cõmenceoit de parler du

174 1136 711 59 Baptesme/ en ce que le Predicant disoit

174 1180 711 76 quil ne failloit reprẽdre le faict des Apo¬

770 1228 110 75 stres/
