997 1393
110 78 712 65 stres/ ne ceulx qui feroient cõe eulx. Et

105 126 717 66 nostre Maistre disoit/ qͥl nestoit loysible

105 175 717 57 de faire autremẽt que leglise faict. Sur

105 221 715 63 quoy Messieͬs du cõseil dirent: Touchez

104 266 716 55 les autres articles/ cõme de mãger de la

106 312 715 64 chair. Et nr̃e Maistre dit: Messieͬs ie

108 363 713 59 scay bien q̃ iamais nr̃e Seigͬ na defendu

106 407 714 61 de mãger la chair. Ce que iay presche/ ie

105 452 716 61 ne le pourroye maintenir par la saincte

106 496 716 64 escripture. Ie lay prins des Decretz ⁊ de

111 544 712 60 S. Thomas docteur approuue de nostre

108 588 717 64 ordre. Ie uous prie y uouloir auoir de

108 634 715 62 laduis: car iamais ie nentendis de blas¬

106 680 717 65 mer personne. Le Predicant dist: cest

108 730 715 62 bien tenir sa ꝓmesse/ ⁊ ce que uous auez

108 774 715 62 tant de foys dit/ que tout ce q̃ uous auiez

109 817 714 65 dit ⁊ presche/ que uous le maintiendriez

109 864 716 62 deuãt tout le monde par la saincte escri¬

110 910 713 65 pture cõtre tous iusques au feu: mainte¬

109 957 714 62 nãt dictes que ne le pourriez prouuer par

110 1001 712 66 la saincte escripture/ ainsi quil est uray.

112 1050 713 62 Car la saincte escripture parle tout au cõ

112 1094 716 59 traire. Trop mieulx uauldroit chemi¬

112 1143 716 60 ner en la crainte de Dieu/ ⁊ ne proposer

116 1186 712 80 que ce que clairemẽt est contenu en la pa¬

730 1230 96 82 rolle
