981 1382
175 78 716 55 rolle de Dieu/ cõme dit S. Pierre: Qui

178 124 709 63 parle/ quil parle les parolles de Dieu.

177 166 716 64 1.Pierre.4. Et cõme nostre Seigñr a cõ

177 216 716 62 mande de p̃scher Leuãgile ⁊ dẽseigner ce

179 261 712 61 quil a commande. Marc.16. Matth.28.

179 308 669 60 et non point les Decretz ⁊ Thomas.

207 352 687 61 Nostre Maistre pria les reuerences de

179 398 716 63 Messieurs de prẽdre tout en la meilleure

179 444 644 60 part: car il nestoit point le premier.

180 490 715 65 Messieurs les Ambassadeͬs dirẽt: Puys

180 537 716 63 que nous auons suffisammẽt prouue ce

180 583 718 63 quauõs mis en auant (cõe il appert tant

182 628 702 65 par les tesmoings que par sa confession)

180 680 716 51 nous demãdons iustice nous estre admi

179 719 717 59 nistree. Et dirẽt a nostre Maistee: Uous

180 770 718 54 disiez auoir presche purement la parolle

182 811 716 55 de Dieu ⁊ le sainct Euãgile: mais uous

183 856 711 65 monstrez estre ung prescheur de songes/

184 902 712 63 de Decretz ⁊ de Thomas/ qͥ nauez gar¬

184 948 709 63 de le cõmandemẽt de nr̃e Seigñr Iesus.

234 996 665 61 La cause fut remise au lẽdemain Ieu

185 1041 715 61 dy douziesme de Feurier/ ou cõparurent

185 1086 713 63 Messieurs les Ambassadeurs cõtinuans

184 1133 715 57 leurs propos cõme parauant. Et no¬

187 1177 714 77 stre Maistre fut aduise sil uouloit dire

749 1223 155 72 ne ame¬
