991 1409
77 89 723 54 ne amener autre chose en son affaire/ leq̃l

79 131 715 63 pria quon luy fist iustice/ disant qͥl estoit

81 179 712 59 prest de faire tout aĩsi qͥl plairoit a Mes¬

81 228 713 53 sieͬs du cõseil en ordõner. Car ilz estoiẽt

81 271 709 60 gẽs de biẽ/ ⁊ du tout se remettoit a eulx/

81 315 712 64 priãt toutesfoys quil fust de leur plaisir

83 365 713 60 permettre que Dimẽche ꝓchain il peult

81 410 713 60 prescher/ qͥl feroit en sorte que Messieurs

81 456 709 58 de Berne ⁊ tous auroiẽt occasion de soy

82 506 708 54 contẽter. Messieurs demandoiẽt selon

82 547 715 58 leur cõmission iustice. Et fut la cause re¬

83 594 715 60 mise au lendemain Uendredy treziesme

84 641 714 58 de Feurier/ ou cõparurent Messieurs les

84 685 713 58 Ambassadeurs produysans les articles/

85 732 715 54 respõses/ cõfessions/ ⁊ les depositiõs des

86 779 715 57 tesmoings et tout ce qui a este dit ⁊ faict

86 824 714 54 seruãt a leur intẽtion/ demandãs iustice.

90 867 714 57 Nostre Maistre aussi soy soubmettant a

88 918 713 55 lordonnãce du conseil/ priant quil peult

92 959 708 62 p̃scher Dimẽche. Messieurs les Syn¬

91 1008 712 60 diques petit ⁊ grand conseil auoir tout

95 1054 705 59 ueu ⁊ ouy qͥ a este dit dũg coste ⁊ dautre/

91 1101 712 56 attẽdue la soubmissiõ de nr̃e Maistre/ ⁊

92 1143 712 60 q̃ le Uicaire/ Official/ ⁊ le cõseil Episco¬

95 1189 690 96 pal ne sest uoulu messer dudict affaire.

700 1238 101 74 Affin
