1004 1412
163 65 712 58 Affin quõ ne dit point la uille estre sans

162 114 707 54 iustice: ont ordõne que Dimẽche ꝓchain

162 158 712 59 au son de la grosse cloche en leglise sainct

163 205 712 60 Pier◊e a lheure de Midy/ nostre Maistre

161 251 713 61 au lieu qͥl a p̃sche les articles sen desdise

163 298 713 59 ainsi quil a mal parle contre lhõneur de

163 343 713 60 Dieu ⁊ cõtre lexcellence de Messieurs de

160 391 715 60 Berne ⁊ tous autres gens/ en mettant

158 436 716 61 auant propos quil ne pouoit maintenir

160 482 715 60 par la saincte escripture/ ⁊ auec ce qͥl deut

158 528 716 62 absenter la uille de Geneue sãs iamais

161 574 714 62 soy trouuer en icelle soubz peine de la uie

157 621 718 59 reseruant a eulx la cõgnoissance des des¬

160 670 713 54 pens. De quoy Messieurs les Ambassa¬

156 711 717 59 deurs demãderẽt le double de tout ce qui

156 755 717 61 auoit este faict poͬ en informer Messieͬs

157 803 718 60 de Berne leurs superieurs. Le Di¬

155 847 715 62 menche qͥnziesme de Feurier nr̃e Maistre

157 895 711 61 uint a S. Pierre marchãt fort uistemẽt:

156 942 711 61 cõbiẽ qͥl fut pasle: ⁊ estre mõte en chayere/

154 988 714 54 il cõmẽcea de p̃scher. Lors fut faict ung

155 1035 712 59 grand bruict/ quil accõplist la sentẽce dõ

154 1080 715 57 nee: mais il nen uoulut riẽ faire. Et fut

154 1127 712 57 de la mene en prison. Mais Dieu mercy

151 1169 717 85 il na faulte de riẽ: car il est fort en la gra¬

755 1217 113 71 ce des
