979 1394
90 60 720 60 ce des Dames cõe il a este tousiours/ les¬

90 102 714 60 quelles ne luy laissẽt auoir faulte de riẽ.

90 151 714 62 Et la femme du Ieaulier (qui aym◊ grã

90 195 712 65 dement Leglise) luy faict tout serui◊. Il

90 243 709 61 est gras ⁊ en bon point nourrissãt barbe/

89 291 714 54 attendant destre briefuement deliure/ ce

89 335 713 63 que plusieurs desirent. Nostre Seigñr

90 383 714 61 luy enuoye ⁊ a tous/ ce qui est necessaire a

115 430 666 56 ung chascũ/ ⁊ mette en tout bon ordre.

166 476 564 63 Faisant fin a ce quen toute dili¬

194 527 503 54 gence ay procure dauoir tout

218 568 449 59 ainsi que tout a este faict/

266 612 359 64 priãt nostre Seigñr

290 660 312 55 qͥl uous doint ce

336 707 218 59 que desirez.

254 750 379 60 De Geneue ce pre¬

313 798 261 60 mier Dauril.

368 841 148 73 1534.
