980 1608
80 139 658 68 ioinctz ⁊ unys a Iesus. Et aussi par

81 187 657 67 la uertu de luniõ de la foy/ les faisãt

81 234 657 66 participans de lesperit de Iesuchrist

83 281 656 68 son filz, par lequel ilz sont declairez

81 332 653 63 estre ⁊ sont aussi urayemẽt cõfraires

83 371 658 69 de ceste trespure confrairie du sainct

84 419 658 70 esperit faictz tous ung corps, duquel

87 467 647 67 Iesus est le chief, ⁊ tous les cõfraires

84 514 505 67 sont mẽbres lung de laultre.

87 603 658 64 ¶ Item ueult ⁊ ordõne nostre sainct

85 655 659 65 pere, q̃ tous ceulx qͥ nõt este baptisez,

85 704 660 62 qui par uraye foy, cõe dessus est dit,

87 749 658 60 uiẽnent a ceste saincte cõfrairie faictz

85 793 661 61 confraires et membres de Iesuchrist

85 842 660 65 inserez ⁊ incorporez en luy, quilz prẽ¬

85 889 656 61 nent le sainct baptesme, faisans con¬

89 935 653 64 fession/ protestation/ et profession de

89 982 656 63 uiure ⁊ mourir en la saĩcte foy de Ie¬

91 1029 650 63 sus ⁊ estant ses disciples le suyure te¬

88 1080 653 53 nant ⁊ gardant son sainct euãgile en

91 1121 657 63 portant la croix/ cest toutes tribula¬

89 1169 660 54 tions quil plaira a nostre sainct pere

88 1214 662 57 leur enuoyer. Et ainsi prenãt le saĩct

89 1263 661 58 baptesme ce leur soit uray signe de re¬

89 1309 660 68 nouuellemẽt de uie destre mortz auec

743 280 128 63 Ephe.5.

745 333 64 51 2.4.

745 414 137 58 Colos.1.

742 493 141 69 Rom̃.12.

749 916 138 50 Act̃.8.10.

752 1037 136 55 matt.16.

761 1317 131 57 Rom̃.6.

426 1357 331 68 A .iiii. Iesus
