980 1608
265 139 661 56 tue, ainsi le cõmandant par uertu de

266 182 659 64 saincte obedience ⁊ sus la peine dexcõ

266 229 657 59 muniemẽt ⁊ de malediction eternelle

266 276 657 60 a ceulx qui temerairemẽt presumerõt

264 324 657 61 faire le contraire, auoir ouyr lordon¬

261 369 476 65 nance de nostre sainct pere.

264 458 658 69 ¶ Item puis que le sainct baptesme ⁊

260 509 661 57 la saincte table appartient de droit et

260 557 659 56 par droicture seulemẽt aux urays cõ

264 604 655 57 fraires du sainct esperit, nostre sainct

260 645 658 69 pere deffend expressement sus peine

258 696 656 59 dexcõmunication/ anathematisatiõ/

258 745 658 56 ⁊ de maledictiõ eternelle, que ꝑsonne

254 789 661 63 nen aye user que les seulz confraires

258 841 654 52 anathematizant/ mauldisant/ ⁊ excõ

254 887 657 55 muniant toutes aultres professions/

253 927 657 59 rigles/ confrairies/ ordres/ religions/

254 974 654 61 ⁊ tous entremẽs ⁊ receptiõs dicelles,

257 1018 651 68 ⁊ tous uinaiges ⁊ uin quon boit, au¬

253 1070 659 59 quel pour sainctete lon faict toucher

252 1113 660 67 os/ boys/ ou aultre chose quõ appelle

250 1163 662 53 reliq̃s auec les barbouteries des preb-

252 1207 659 53 stres ⁊ moines: et aussi tout adiure¬

249 1252 659 62 ment de pain/ deau/ et daultre chose

250 1299 654 71 quon nomme faulsemẽt benite, quon

121 257 133 47 Hebre.12.

124 296 126 55 Gala.1.

115 594 134 50 matt.23.

115 632 124 56 1.coꝝ.11.

115 825 131 72 Gala.1.

109 995 143 87 Colos.2.

800 1358 107 59 prent
