980 1608
56 101 661 55 gissant plainement en admonestant

56 144 659 61 par ardente charite de la saincte pa¬

53 188 660 61 rolle de dieu le poure captif de sortir

56 235 647 62 hors de captiuite ⁊ de peche, en priant

56 288 649 53 nostre seigneur pour le poure detenu,

58 329 655 59 ⁊ si aucũ des cõfraires na tãt de puis¬

58 373 660 61 sance des dons ⁊ graces de dieu quil

58 419 660 64 puisse tyrer le captif, q̃ par uraye cha¬

54 469 664 57 rite prẽgne deux ou troys, qui de tout

57 515 660 59 leur pouoir employẽt tout pour rety¬

58 561 659 51 rer le poure captif par saincte admo¬

56 605 658 59 nitiõ ⁊ exhortatiõ ⁊ silz ne font assez,

58 651 661 57 que toute la saincte assemblee des con

58 698 661 60 fraires qui cõuiennent ⁊ sassemblent

58 742 660 60 ensẽble en soit aduertie, ⁊ tous tachẽt

58 793 660 52 de leur pouoir ꝑ la parolle de uie re¬

57 836 657 61 tyrer le poure captif nespargnãt rien,

57 883 657 57 et sil aduient que tout ce ne proffite,

58 931 657 57 quon le tiẽgne cõme poure prisonnier

60 975 655 63 captif ⁊ serf hors de ceste cõfrairie cõ¬

58 1022 656 59 me infidele, non point quon luy porte

56 1072 650 56 hayne ⁊ rancune/ mais quon ladmo¬

58 1113 647 59 neste cõe frere. Quãt est de la rancon

58 1160 655 56 de la seruitude corporelle elle est con¬

57 1208 642 51 tenue aux stations comme dessus.

58 1254 659 67 Et pourtant que les faulsaires des

719 218 136 51 Mat.18.

722 263 125 50 Gał.6.

721 305 123 56 1.Ioã.5.

727 458 126 68 Mat.18.

717 1049 131 64 2.Thes¬

723 1101 100 60 salo.3.

585 1303 130 69 graces
