980 1608
243 128 668 52 nostre sainct pere congie a tous les cõ

248 171 662 63 fraires de soy marier au nom de luy

248 221 663 53 en tous temps prenãs telz partis que

249 263 662 65 seront plus propres pour uiure sain¬

249 310 663 58 ctement ensemble en bõne paix selon

248 356 666 66 dieu, reserue les degrez qui sont def¬

248 404 666 62 fendus. Et ne ueult nostre sainct pe¬

248 451 668 60 re en cecy estre faicte deffence aux con

252 495 664 65 fraires: mais ueult qͥlz leur soit tout

250 540 668 71 franc. Mesmes expressemẽt cõmande

249 588 669 61 a ceulx quil enuoye pour p̃scher ceste

252 635 663 67 confrairie du royaulme de dieu, quilz

252 688 663 53 mangent de ce qui leur est mis deuãt/

253 728 665 62 Et aussi estroictemẽt cõmãde a tous

253 775 663 66 ceulx qui ne se peuent contenir ⁊ aux

254 824 668 61 quelz de sa grace nostre sainct pere na

254 868 669 65 donne le don de cõtinence, quilz se ma

253 913 668 62 rient. Uoulant aussi nostre sainct pe¬

254 963 668 63 re que tous ceulx ⁊ celles de quelque

256 1005 665 69 estat ⁊ condition quilz soyent qui def¬

258 1053 661 64 sendent les uiandes cõmandãs quon

261 1097 661 70 sen abstiengne, comme si en usant di¬

258 1144 663 68 celles lon fist contre dieu ⁊ lon pecha:

254 1192 665 62 Et qui aussi deffendent le mariage en

258 1236 667 70 quelque temps quil soit et a quelque

261 1283 665 83 personne qui soit, quilz soyent ꝓnun¬

104 333 134 98 Leui.18.

104 411 130 59 Luc.10.

107 463 128 55 1.coꝝ.7.

116 1093 122 63 1.tim̃.4.

836 1335 85 73 cez ⁊
