980 1608
257 124 657 56 ordres/ ⁊ toutes institutions auec les

258 164 658 67 graces q̃ ceulx qui les tiẽnent se uan¬

257 213 659 61 tent auoir tous priuileges/ indulgen¬

258 259 661 62 ces/ ⁊ pardons quon leur attribue/ et

257 306 659 65 brief tout qui simplement ⁊ puremẽt

257 356 659 59 nest de ceste tressaincte confrairie ⁊ ꝓ¬

258 400 658 63 prement donne a ycelle tout est repu¬

258 446 656 65 gnant a la dignite/ maieste/ ꝓmotiõ/

258 494 660 63 auancement/ ⁊ accroissement aux gra

261 541 657 63 ces/ priuileges/ pardons/ ⁊ indulgen¬

260 590 659 59 ces de la presente confrairie. Pourtãt

260 635 658 63 nostre sainct pere par meure delibera¬

260 680 659 66 tion de sa tresgrande puyssance ⁊ au¬

268 732 653 55 torite a donne ⁊ dõne sa censure ⁊ ma

260 775 659 58 lediction grandemẽt a craindre ⁊ in¬

261 818 660 61 euitable/ ⁊ mauldit/ anathematise/ ex

262 869 659 60 cõmunie de malediction eternelle cõ¬

262 915 660 57 me en la fulmination ⁊ excõmunica¬

262 962 660 56 tion quon doibt publier en la cene de

261 1003 662 63 nostre seigneur est plainement cõtenu

262 1051 663 65 et declaire, chassant tous hors de la

264 1100 659 64 saĩcte table de nostre seigneur, qui ne

265 1145 658 67 sont de ceste confrairie celestiele. Car

269 1192 647 63 toutes aultres confrairies/ fraterni¬

270 1238 655 61 tez/ sodalitez/ reigles/ et religions/ et

273 1287 652 70 toutes institutions de uiure ne sont

119 711 126 44 1.coꝝ.5.

120 747 128 55 2.coꝝ.6.

127 1173 123 50 Esa.30.

130 1210 128 56 Hiere.7.

124 1258 138 52 Mat.12.

130 1299 136 58 15.16.24.

852 1331 74 70 que
