1080 1660
63 127 615 86 ¶ La maniere ⁊ fassõ

52 193 632 79 quon tiẽt en baillant le sainct ba-

54 254 625 78 ptesme en la saincte cõgregation

51 312 633 72 de dieu. ⁊ en espousant ceulx qui

52 373 632 69 uiennent au sainct mariage, ⁊ a

54 424 630 76 la saĩcte Cene de nostre seigñrs

52 481 636 76 es lieux lesq̃lz dieu de sa grace a

54 538 634 77 uisite, faisãt q̃ selõ sa saincte pa-

54 597 632 73 rolle ce qu il a deffẽdu en sõ eglise

85 654 575 75 soit reiecte, ⁊ ce qu il a cõman-

113 708 517 77 de soit tenu. Aussi la ma-

142 769 463 72 niere cõmẽt la predica-

177 828 399 71 tion cõmẽce, moyẽne

202 883 349 74 i finit, auec les

228 943 298 73 prieres ⁊ exhor

247 1001 252 69 tatiõs quon

296 1055 162 73 faict a

130 1116 479 65 tous ⁊ pour tous, ⁊ de la

235 1173 289 66 uisitation des

272 1231 215 73 malades.
