1080 1660
294 143 187 71 Preface.

72 207 628 65 tout ce que ces poures gẽs disẽtz

72 262 627 71 ausquelz nostre seigñr face mercy

73 322 627 68 ⁊ leur donne intelligence, princi-

70 376 630 72 palement a ceulx qui pechẽt par

69 432 631 70 ignorãce. Affin donc q̃ tous puis-

69 486 628 72 sentueoir la uerite, ⁊ auoir pleine

66 543 631 72 intelligence des choses commẽt

66 600 630 75 elles passent, ⁊ par ainst cõgnoi-

67 658 626 68 stre ceulx qui mentẽt si hardimẽt,

66 717 629 67 disans ⁊ parlans cõtre ce que ou-

66 771 626 67 uertemẽt on faict ⁊ dit es eglises-

66 832 627 60 lesquelles dieu par sa gracea uisi

66 885 626 73 te, ⁊ faict uenir a la reformation

65 940 628 67 du sainct euãgile, les blasmans ⁊

65 998 625 71 uituperãs sans causs ⁊ a tort ꝯtre

65 1052 625 76 dieu ⁊raisõ. Et affin quon se dõne

66 1113 623 69 garde qu ilz ne decoiuẽt ⁊ ne don-

65 1171 623 67 nent entendre leurs mensonges

65 1222 624 81 pour uerite, icy a tous fideles est

310 1294 382 69 A iiii preseniee
