1080 1660
602 132 192 75 Preface.

375 200 633 72 presẽtee la forme ⁊ maniere quon

373 258 635 71 tiẽt en baptisant, les exhortatiõs

375 315 633 70 t prieres, qui sont faictes au ba-

375 373 634 71 tesme. Semblablemẽt au sainct

373 428 635 68 mariage ⁊ a la tressaincte C ene

378 489 628 69 t table de nostre seigñr, tout en

376 549 632 63 langaige cõmun a ceulx qui sont

379 600 627 69 presens, cõme porte la saincte do-

376 655 630 72 ctrine de dieu, en laquelle cecy est

378 713 628 69 prins, cõme chascun fĩdele peult

376 770 630 71 ueoir ⁊ entẽdre, sans regarder cõ-

376 825 627 74 mẽt ont faict les anciẽs, lesquelz

238 886 767 64 Fiere.i. plus tost lon doibt appeller nou-

376 940 632 76 ueaulx, qͥ ont presume changer ⁊

378 1000 625 66 muer les sainctes ordonnãces de

382 1052 620 74 Iesus, meslant leur farine auec

378 1113 624 65 la saincte doctrine ⁊ institution

379 1167 622 69 de nostre sauueur. Car le seigñr

378 1224 624 80 dieu nous cõmande de ne chemt

866 1290 133 79 ner cs

234 601 124 50 i. Corĩn

236 639 108 59 it. b.c.

238 943 88 44 dd .e. s.

235 983 137 55 utim. ⁊c

236 1059 141 62 nat.⁊ ta

239 1220 122 60 Ere.o.
