1080 1660
324 127 188 70 Preface.

63 196 629 64 ner es cõmandemens de noz pe¬

62 251 627 72 res/ ne garder leurs iustices/ ne

62 309 626 72 estre pollutz en leͬs ydoles/ pour¬

62 367 622 71 tãt quil est nostre dieu. Parquoy

60 424 629 68 nous debuõs cheminer en ses cõ¬

59 486 629 65 mãdemens/ les garder/ ⁊ les fai¬

60 533 622 75 re. Dõc personne ne cherche icy

59 600 623 58 les adiuremens ⁊ cõiuratiõs des

60 648 624 72 prestres desquelz ilz adiurent le

59 704 623 76 diable: cõme sil possedoit les en¬

56 764 629 64 fans/ ⁊ quilz fussẽt demoniacles/

58 821 619 71 ueu que le filz de dieu ne les a re¬

55 875 622 75 ceu en telle maniere. Ainsi fault

55 933 622 69 entẽdre de leaue adiuree ⁊ enchã

52 989 625 72 tee/ sur laquelle les prestres souf¬

55 1045 622 76 flent/ disans que le sainct esprit

52 1102 625 73 descẽde en la fõtaine dicelle eaue.

52 1157 622 78 Car le saĩct esprit na son lieu ne

54 1221 618 83 habitation es eaues: mais au

553 1286 122 65 cueur

682 825 143 65 mat.19.b

681 1181 134 58 1.corĩ.3.c
