1080 1660
581 132 190 69 Preface.

368 195 633 69 cueur du fidele. Le sel/ crachatz ⁊

369 255 632 71 huyle ne sont icy: mais apres la

368 311 628 66 saincte priere ⁊ enseignemẽt/ lon

372 370 622 71 baptise deaue pure ⁊ nette/ cõme

373 427 621 71 le sauueur a este baptise/ ⁊ les apo

369 481 626 76 stres ont faict. Ainsi est faict et

369 540 626 64 garde au sainct mariage/ ou tou-

368 594 627 65 tes ces barbouilleries de chap-

368 651 628 75 pes ⁊ autres fassons de faire/ qui

366 706 629 75 ne sont prinses en la saincte escri

366 764 629 68 pture sont reiectees/ comme en la

369 823 625 65 saincte table de nostre seigñr/ ce

369 878 626 75 qui est repugnant a la parolle a

369 935 625 66 este oste. Tachant neãtmoins le

369 990 626 71 plus quil est possible soy confor-

369 1051 625 69 mer a la petitesse des infirmes/

371 1108 620 69 affin quilz ne soyent offensez en

369 1164 621 71 rien. Et croy quil nya persõne qͥ

372 1227 623 71 ayme ⁊ craigne nostre seigñr qui

800 1293 192 59 ne prenne

227 394 126 55 mat.3.d

227 437 121 56 Act.8.g

236 481 94 64 ⁊.10.g.

229 1041 133 71 Ro.14.a
