1080 1660
271 139 291 71 Du baptesme.

59 201 613 70 ne prẽne plaisir de ueoir et ouy-

59 258 619 72 cecy cõment il sert a la gloire de

59 316 620 72 nostre seigñr, ⁊ a ledification de

60 370 610 79 son eglise; laquelle nostre seigñt

59 437 613 63 de sa grace repurge de toute la

58 486 617 72 farine Degypte, ⁊ du leuain des

58 542 612 72 pharisiẽs, la reduisant a la pure

58 600 621 69 te ⁊ simplicite euãgelicque, affin

56 658 618 71 que tout soit faict ⁊ dit en icelle

62 713 540 75 selon la pure parolle de dieu.

132 831 478 70 ¶Declaration du sainct

256 886 209 67 baptesme.

214 944 463 71 E baptesme duquel on

216 1000 465 73 baptise, est celuy duqut-

214 1058 463 68 nostre seigneur a uoulu

54 1116 623 69 estre baptise pour accõplir toute

54 1170 623 73 iustice, cõme aussi il a uoulu estre

55 1225 627 86 circoncis, ⁊ duquel il a cõmande

527 1286 144 86 que ses

685 505 140 56 mat.is

667 997 145 61 mat .⁊.d.

680 1246 134 68 Luce. ⁊ d
