1080 1660
242 242 134 56 mat ⁊s. ¶

246 284 125 56 Act.s. g.

247 329 97 44 io. C.

243 366 130 60 Le..

527 132 303 68 Du baptesme.

387 193 633 78 que ses disciples ⁊ apostres bapti

394 254 623 75 sassent. Et cestuy baptesme est ui

386 309 633 72 sible ⁊ materiel qͥ ne faict la per-

385 365 631 77 sõne bõne ou mauuaise. Car les

387 427 629 71 bons ⁊ les mauuais le peuuẽt re-

388 481 629 77 cepuoir, cõme il appert en lescri-

389 540 627 74 pture de Symõ magus ⁊ de saĩct

384 596 632 74 Paul. Et ne fault attribuer a ce

383 651 633 73 baptesme cõme ont faict les do-

387 709 623 73 cteurs des uniuersitez en leurs

384 766 628 66 sentẽces, qu il dõne grace; uirtu-

386 824 627 73 te operis operati, cõme ilz disent

383 882 625 73 ⁊ songẽt. Car le seul baptesme q̃

380 937 632 75 iesus donne, sauue, purge, ⁊ net-

380 997 632 73 toyc, estãt de leaue de uie du saĩct

382 1051 630 77 esperit ⁊ de feu, cõe saĩct Iehã di-

384 1110 628 68 soit, qͥl baptisoit deaue en renou-

376 1166 634 76 uellemẽt de uie; mais celuy qͥ ue-

378 1222 631 81 noit ap̃s baptiseroit du saĩct espe

242 496 130 58 Act.e. ci

246 540 61 58 O. Gi

236 1049 156 56 Fe. io.e

238 1091 134 55 soana.i

238 1132 130 60 mat.. c

918 1292 90 70 rit ⁊
