1080 1660
264 138 300 70 Du baptesme.

62 200 628 78 rit ⁊ de feu. Cõe aussi saĩct Pier-

60 260 630 73 re dit de ceulx qui auoyẽt este ba

60 318 628 74 ptisez du saĩct esperit. Peult au-

58 373 626 80 cun deffendre q̃ ceulx icy qui ont

58 432 628 72 receu le saĩct esperit cõme nous

56 485 634 73 ne soyẽt baptisez deaue, Le saĩct

56 545 632 74 baptesme de Iesus qui est inuisi-

56 601 629 75 ble, interieur, en l ame, quant le

56 661 621 73 sainct esprit est dõne, n est lie a ce

55 717 624 72 remonies, personnes, ne temps;

54 770 624 75 mais au seul plaisir de dieu, qui

52 831 620 72 dõne grace, foy, ⁊ salut. Mais le

52 886 630 72 baptesme par lequel uisiblement

55 943 623 73 on est receu en l eglise entre les

54 998 627 72 chrestiens, est uisible; ⁊ ne doibt

55 1056 627 68 estre prins sans demãder l inuisi

54 1113 617 78 ble qui est desperit, ⁊ que ainsi cõ

55 1170 626 76 me uisiblemẽt l on est receu entre

56 1228 619 82 les chrestiens; ainsi par grace on

692 362 123 68 Act.io.g

685 648 134 64 Luc.. T

689 809 105 72 Colos.

690 864 39 42 lis

679 1131 133 47 e y io⁊

591 1290 87 80 soit
