1080 1660
513 138 295 70 Du baptesme.

384 200 633 71 soit des urays enfans de dieu/ le

383 265 633 71 temps nest cõstitue/ ne lieu aussi/

383 323 631 67 a ceulx qͥ doibuẽt estre baptisez/

380 376 636 72 la charite ⁊ edification de leglise

384 438 626 64 ⁊ cõgregation doibt estre rigle en

382 493 632 68 cecy. Cest quen plaine cõgrega-

383 550 630 64 tion des fideles lon donne le ba-

380 604 632 73 ptesme: affin que celuy qui est ba-

382 662 630 68 ptise soit receu ⁊ repute de tous

383 722 627 72 pour frere/ ⁊ chrestien/ ⁊ que tous

380 778 630 68 prient pour luy que de cueur il

382 832 624 71 soit chrestien/ comme exterieure

376 889 632 64 mẽt il est estime. Car nest cõue-

375 946 628 72 nable que ce qui se faict au nom

376 1007 629 67 de tous/ soit faict quasi par nul-

375 1058 627 73 ly/ cõme le plus souuent aduiẽt/

375 1117 626 69 quil nya que fort petit nõbre en

373 1174 626 72 baptisãt. Et ne fault estimer estre

373 1229 625 82 chose a mespriser dassister au

873 1289 128 72 sainct

243 601 107 57 Act̃.2.f
