1080 1660
193 145 297 65 Du baptesme.

52 210 621 73 saĩct baptesme. Car la ung cha-

51 266 626 82 scun est admõneste, ⁊ peult enten

49 327 629 81 dre a quoy est tenu celuy qui est

49 379 628 76 baptise, ⁊ cõment il doibt uiure

49 437 626 77 cffin quon demãde la grace a dieu

49 496 625 71 de faire ⁊ tenir ce a quoy on est

47 550 625 79 oblige. Pourtãt on uiẽt p̃sẽter les

45 608 626 82 enfans, ce q̃ doibuẽt faire ceulx

44 668 626 74 ci qui plus pres touchent les en-

45 720 622 80 fans; ⁊a qui nostre scigneur plus

40 778 630 81 En a baille la charge. Donc quãt

38 834 628 87 les plus prochains en bonne asse

38 892 628 81 ction les uiennent presenter au

40 947 623 83 seruiteur du peuple en la parolle,

38 1007 578 81 il commence en ceste maniere.

37 1124 623 72 Nostre ayde soit au nom de dieu

37 1177 507 81 qui a faict le ciel ⁊ la terre.

246 1251 140 63 Aimcn.

458 1304 192 73 Puis dit.

687 229 123 55 Ro. S. li.
