1080 1660
228 125 299 81 Du baptesme.

41 189 643 86 uray signe du baptesme inuisible

44 254 634 79 a interieur, lequel de sa grace luy

44 308 637 80 plaise donner par son sainct espe-

44 369 637 79 rit, Nous dirons donc de cueur

48 434 281 69 humblement.

108 481 564 75 Nostre pere qui es es cieulx-

45 594 639 82 me aduiẽgne, ta uolunte soit fai-

44 657 641 73 cte en la terre cõme au ciel, donne

48 708 637 81 noꝰ au iourdhuy nostre pain cotti

47 767 638 79 dien, ⁊ nous pardonne noz offan-

49 824 636 79 ses; ainsi que nous pardonnons

47 883 639 77 a ceulx qui nous offensent, ⁊ ne

47 942 637 66 nous induitz point en tentation;

48 997 633 76 mats nous deliure du mal. Amẽ

110 1054 575 76 Dieu tout puissant pere eter-

49 1113 635 72 nel, plain de toute misericordel

52 1168 627 75 qui de ta bonte nous as promis

52 1225 616 86 destre nostre dieu ⁊ de noz enfãs

689 506 134 48 nat ... T

695 540 128 65 Luc.ii. a

444 1289 246 70 S ainst

695 1177 128 51 gen.iz. a

695 1214 133 50 1

695 1253 133 72 Eps..ai
