1080 1660
229 132 299 74 Du baptesme.

42 192 642 83 uray signe du baptesme inuisible

44 254 635 80 a interieur, lequel de sa grace luy

45 308 637 80 plaise donner par son sainct espe-

45 369 637 79 rit, Nous dirons donc de cueur

49 434 281 68 humblement.

108 481 570 75 Nostre pere qui es es cieulx-

47 538 631 78 sanctifie soit tõ nom, ton royaul-

47 594 638 82 me aduiẽgne, ta uolunte soit fai-

45 657 641 73 cte en la terre cõme au ciel, donne

49 708 637 80 noꝰ au iourdhuy nostre pain cotti

48 767 638 78 dien, ⁊ nous pardonne noz offan-

51 825 635 79 ses; ainsi que nous pardonnons

48 883 640 75 a ceulx qui nous offensent, ⁊ ne

48 942 637 67 nous induitz point en tentation;

49 1002 633 70 mats nous deliure du mal. Amẽ

112 1054 574 77 Dieu tout puissant pere eter-

51 1110 634 71 nel, plain de toute misericordel

52 1168 630 75 qui de ta bonte nous as promis

52 1225 618 86 destre nostre dieu ⁊ de noz enfãs

686 539 137 64 Luc.ii. a

696 1170 127 58 gen.z. a

696 1214 132 48 roin.. d

696 1253 132 63 Epb.i. a

452 1279 234 80 S ainsi
