1080 1660
242 160 309 72 Du baptesme.

65 218 621 80 ¶Oyez le sainct euangile cõme

109 282 532 77 lon doibt p̃senter les enfãs

193 341 348 68 a nostre seigneur.

112 394 569 74 Lors luy furẽt p̃sentez des en

55 455 619 72 fans affin qͥl mist ses mains sui

52 514 632 69 iceulx, ⁊ qͥl priast;mais les disci-

52 569 629 71 ples les rep̃noient. Et Iesus dit-

51 625 631 73 laissez les enfans; ⁊ ne les defen

51 683 633 69 dez poĩt de uenir a moy, car a telz

49 740 632 65 est le royaulme des cieulx, ⁊ mist

48 796 615 74 les mains lur eulx ⁊ les benist.

116 857 565 69 Uous auez ouy cõme nostre

48 913 629 70 seigñr ueult que les enfans luy

51 971 628 74 soyent p̃sentez; car il est aussi bien

45 1029 633 63 pere ⁊ sauueur des enfans, cõme

45 1083 632 74 des grãdz, pour ce tant qu il est en

42 1142 635 71 nous, nous luy presenterons cest

45 1200 630 69 enfant, en le recepuant par le ba-

47 1257 630 76 ptesme en son eglise ⁊ cõmunion-

689 401 141 65 mat.x. D

689 449 139 47 mar .io. G

686 825 139 47 mars. b

378 1315 308 79 Sii auquel
