1080 1660
527 132 301 72 Du baptesme.

375 196 639 79 auq̃l par sa grace il doint sa sain-

375 257 507 79 cte benediction. Amen.

378 370 368 80 pour estre baptise?

444 315 569 82 Apportez uous dõc cest enfãt

468 428 304 81 ¶ Respondent/

818 444 130 66 Ouy.

544 488 308 77 ¶ Le seruiteur.

436 542 578 80 Il est certain que nostre dieu

378 601 638 74 est le uray dieu/ qͥ ueult estre serui

376 658 637 79 en esperit ⁊ uerite. Pourtãt uous

375 719 639 77 promettez deuãt dieu ⁊ sa congre-

376 778 638 71 gation/ que uous tacherez ⁊ pren

375 834 639 74 drez peine dinstruire ⁊ enseigner

375 892 637 72 cest enfant en la saincte doctrine

375 946 634 76 de nostre seigñr en sa saincte loy

376 1005 638 74 ⁊ foy/ luy enseignãt les cõmande

373 1065 640 67 mens de dieu quil a commande

388 1121 625 76 quon garde quãt il a dit/ Ie suis

376 1175 640 75 ton seigñr dieu qui tay tire de la

373 1233 643 88 terre Degipte de la maisõ de ser-

876 1294 138 68 uitude

231 629 147 72 Ioã.4.c

232 1132 142 57 exo.20.a
