1080 1660
265 132 297 74 Du baptesme.

51 197 639 79 uitude. Tu nauras poĩt dautres

54 258 635 75 dieux deuãt moy. Tu ne feras

51 319 637 65 aucun ymage ne semblance des

54 373 635 76 choses qui sõt au ciel la sus/ nen

56 431 634 67 la terre ca bas/ ne es eaues des-

58 485 634 78 soubz la terre. Tu ne leur feras

55 546 637 70 inclinatiõ/ ⁊ ne leur seruiras: car

56 601 633 74 ie suis tõ seigñr dieu fort/ ialoux

56 659 637 68 uisitant liniquite des peres sur

56 715 636 69 les enfans en la tierce ⁊ quatries-

56 771 640 74 me generatiõ de ceulx qͥ me hais-

60 828 637 76 sẽt. Et faisãt misericorde en mil-

58 889 641 69 le generatiõs/ a ceulx qͥ maymẽt

59 944 637 72 ⁊ gardent mes cõmãdemẽs. Tu

59 1005 636 69 ne prendras point le nom de ton

63 1061 633 70 seigneur dieu en uain/ car dieu ne

60 1120 636 69 tiendra point innocent celuy qui

60 1175 635 78 prẽt son nom en uain. Ayes sou-

59 1235 636 70 uenance du iour du repos pour le

362 1300 342 66 B .iii. sancti-
