1080 1660
589 121 304 80 Du baptesme.

380 188 643 83 sanctifier. Six iours tu trauail-

380 251 640 72 leras ⁊ feras toute ton oeuure/ le

382 302 635 82 septiesme cest le repos de ton sei-

380 367 636 70 gneur dieu. Tu ne feras aucune

376 424 641 72 oeuure ne toy/ ne tõ filz/ ne ta fil-

373 475 643 82 le/ ne tõ seruiteur/ ne ta chãberie-

375 529 641 81 re/ ne tõ bestiail/ ne lestrãgier qui

376 590 636 76 est dedens tes portes: car en six

373 646 639 77 iours dieu a faict le ciel ⁊ la terre/

373 704 639 76 la mer/ ⁊ tout ceqͥ est en iceulx: et

375 760 635 75 se reposa au septiesme iour. Poͬ-

372 823 636 67 tant il a beneist le iour du repos

372 875 637 79 ⁊ la sanctifie. Hõnore ton pere ⁊

371 935 637 73 ta mere affin que tes iours soyent

371 990 635 71 prolongez sur la terre laquelle tõ

368 1044 637 73 seigñr dieu te dõne. Tu ne tue-

368 1105 634 70 ras point. Tu ne paillarderas

368 1159 631 74 point. Tu ne desroberas point.

379 1218 622 82 Tu ne diraspoint faulx tesmoi-

852 1287 146 67 gnage.
