1080 1660
267 139 299 74 Du baptesme.

66 208 634 75 gnage cõtre ton ꝓchain. Tu ne

66 266 633 71 cõuoiteraspoint la maison de ton

67 326 633 75 ꝓchain. Tu ne duoiteras point

65 381 630 72 la femme de ton prochain, ne son

66 437 630 69 seruiteur, ne sa chãberiere, ne son

66 493 633 75 beuf, ne son asne, ne aultre chose

70 551 630 75 qͥ soit a luy. Et aussi luy apprẽ-

69 608 631 76 drez la foy ⁊ creãce des urays chre

66 664 634 73 stiens, ⁊ la cõfession dicelle cõme

66 722 634 69 les fideles font quant ilz disent,

707 769 132 99 o.ist.ai.

98 778 594 75 Se croy en dieu le pere tout puis-

70 838 622 70 sant, createur du ciel ⁊ de la terre.

706 857 135 53 Gen.. a

706 901 140 59 go.i. b.z G

70 890 622 76 Et en iesuchrist son seul filz no-

704 946 137 50 i. coris. G

70 951 622 72 stre seigneur, qui a este conceu du

67 1009 625 72 saĩct esperit, n ay de la uierge ma

706 1023 135 51 mat.. d

704 1067 136 52 mat. ⁊ d

70 1065 622 76 rie. A soufsert soubz ponce Pila-

70 1124 620 64 te, crucifie, mort, ⁊ ensepuely, es

706 1192 134 54 Goã.ro.C

67 1181 625 69 descẽdu aux enfers, le tiers ioui

704 1236 136 47 mar. iod

70 1236 622 86 est resuscite des mortz, est mõte es

707 986 121 57 Luce..

707 1112 134 55 oã.s.c

706 1155 135 52 mat. ⁊ Sa

707 1276 129 57 L il.⁊ ⁊.g

337 1303 355 73 Siiii cieulx

706 1316 119 71 et ...S
