1080 1660
531 138 291 66 Du mariage.

379 199 631 73 deffend;mais de ceulx du Paps

379 257 631 70 ne fault faire cõscience combien

382 315 632 72 quon ne luy ayt baille de l or ou

379 373 633 71 de largent pour auoir dispense-

380 428 634 70 car sans luy peult on faire ce que

393 484 623 74 dieu na deffendu. Laliãce chari-

382 543 635 67 table ⁊ promesse du sainct maria

389 600 627 78 ge ne se doibt faire sans le cõsen-

391 661 626 72 tement des parens des deux par-

382 715 631 74 ties; car le filz appartient au pere

382 773 632 72 ⁊ mere, ⁊ a eulx appartiẽt le don-

380 830 634 76 ner;ainsi est il de la fille, po᷑ aller

383 886 629 71 deuemẽt s ilz ne sont emancipez.

384 947 632 72 Pourtant affin qu en ce sainct

383 1004 631 73 estat il n y ait fraulde, ⁊ quon ne

382 1061 630 73 trõpe ⁊ deceoiue meschãment q̃lq̃

383 1119 633 70 bon filz, ⁊ de gens de biẽ le circõ-

383 1174 633 75 uenãt, luy faisant prẽdre quelque

384 1232 630 83 meschãte, auecques laquelle ia-

886 1297 123 71 mais

236 478 152 64 deut.. d

240 529 135 53 Gali.l

236 622 144 59 gen.t.s

238 667 141 63 exo.r. c
