1080 1660
279 148 280 66 Du mariage.

48 211 638 76 maĩs nauroit bien, sãs lesceu des

51 272 634 73 parẽs. Et aussi quc quelque bõne

52 326 630 73 fille de gẽs de bien ne soit surprin

54 385 631 74 se par aucun garnemẽt, luy dõnãt

47 444 638 73 quelque enfant perdu sans le cõ-

48 502 637 70 sentemẽt des parẽs. Poͬ obuier

47 557 635 72 a toutes telles fraudes, par deux

49 616 635 71 ou troys dimẽches l on denõce le

48 675 636 70 mariage aduenir, deuãt ⁊ ouyãt

49 727 635 75 toute l eglise, cõgregation, ⁊ par-

48 784 634 75 roisse; affin q̃ toꝰ empeschemens

51 841 631 77 qsil en y asoyent notifiez, ⁊ q̃ ce

51 901 633 70 beau et sainct mariage ne soit

55 964 630 66 faict que deuement, et auoir faict

51 1018 633 69 la proclamation en toute la sain-

51 1069 635 76 cte assẽblee, ⁊ q̃ nul empeschemẽt

52 1128 630 69 n est trouue ne cõtradiction, au io᷑

55 1184 626 76 des nopces en lassemblee. Ainsi

56 1240 538 85 sont espousez cõme s ensuyt.

544 1296 142 79 Nostre
