1080 1660
548 149 284 65 Du mariage.

469 211 563 76 Nostre ayde soit au nom de

400 266 627 85 dieu qui a faict le ciel ⁊ la terre.

636 332 146 63 Amen.

455 381 575 78 Dieu nr̃e pere ap̃s auoir cree

394 441 632 72 le ciel ⁊ la terre, ⁊ tout ce qui est en

396 500 628 75 iceulx, il crea ⁊ forma l hõme a sõ

394 558 632 72 image ⁊ sẽblãce, qͥ eut la domina

393 614 630 77 tion ⁊ seigneurie sur les bestes de

391 672 630 69 la terre, les poissõs de la mer, les

390 727 631 73 oyseaux du ciel, disant ap̃s auoir

387 785 632 75 cree l hõme. Il n est pas bõ q̃ l hõme

387 843 633 75 soitseul, faisõs luy une ayde sem-

384 900 632 73 blable a luy. Et nostre seigũr fist

384 955 630 75 tõberung gros sõmeil sur Adam;

384 1016 632 67 ⁊t ainsi que Adam dormoit, dieu

383 1073 630 72 print une des costes diceluy, ⁊ en

383 1132 629 63 forma Eue, dõnant entẽdre que

400 1186 609 75 hõme ⁊ la femme ne sont qung

382 1246 630 76 corps, une chair, et ung sang.

815 1311 187 83 Parquoy

306 247 31 64 e

260 430 129 63 Gefi.i.c

256 480 70 56 ⁊.s.

242 1204 135 55 mar. i. qi
