1080 1660
242 156 278 69 Du mariage.

48 217 624 70 Parquoy l homme laisse pere et

47 278 627 65 mere, ⁊ est adherãt a sa fẽme. La-

45 336 621 72 quelle il doibt aymer ainsi q̃ Ie-

49 391 621 72 sus ayme son eglise; cestadire, les

45 449 627 72 urays fideles ⁊ chrestiens, pour

44 504 617 74 lesquelz il est mort, ⁊ de son sang

44 561 617 71 qu il a espandu les a lauez, pur-

47 618 621 69 gez, ⁊ nettoyez pour les rendre a

48 679 623 66 soy sans macule, ride ne souillu-

42 734 625 71 re. Et aussi la femme doibt seruir

44 789 623 71 obeir a son mary en toute sain-

42 847 621 75 ctete ⁊ hõnestete, car elle est subie

41 903 626 75 cte ⁊ en la puissance du mary tant

41 960 626 77 qu elle uit auec luy. Et ce sainct

42 1020 626 75 mariage honnorable institue de

44 1076 613 74 dieu est de telle uertu, que par ice

42 1131 625 80 luy le mary na point la puissan-

44 1192 620 73 ce de son corps; mais la femmes

42 1247 625 85 aussi la femme na point la puis-

555 1316 112 75 sance

675 322 143 68 Epb.le

675 522 139 54 apos.i. S

675 567 144 51 i. Goã..E

675 611 141 62 Epb. S. a

672 753 143 64 colosa. d

672 810 144 57 i. timo. ⁊..

672 856 61 45 c. d.

674 896 141 54 i. Be.i. a

672 936 142 55 Gen..C

674 1069 138 57 Meb.i.. a

672 1117 138 54 Gen.⁊. u

672 1156 140 61 i.cor. Ii s
