1080 1660
257 219 134 95 mat m.

260 298 141 67 i ior.÷. a

556 132 284 76 Du marlage.

398 195 626 80 sãce de son corps; mais le mary

404 258 628 74 Parquoy contoinctz de dieu ne

400 316 631 74 peuuẽt estre separez fors que par

398 377 629 71 qucũ tẽps du cõsentemẽt de l ung

401 430 629 72 ⁊ de l aultre poͬ uacquer a ieusne

400 484 631 79 si oraison, gardãt biẽ qͥlz ne soyẽt

397 543 631 73 tentez de sathan par incõtinẽce-

398 601 633 68 Et pourtãt doibuẽt retourneren-

400 657 630 74 seble, car pour euiter fornication

400 712 631 77 ung chascun doibt auoir sa fcm-

398 770 630 73 me, et une chascune semme son

398 832 632 72 mary, tellement que tous ceulx

400 889 631 71 qui ne se peuuent contenir, ⁊ qui

401 946 631 72 nont le don de continence, sont

400 1001 628 71 obligez par le cõmandement de

413 1055 617 77 dieu de soy marier; affin que le

396 1113 634 73 sainct temple de dieu; c est adire,

398 1170 629 80 noz corps ne soyent uiolez ⁊ cor-

401 1229 626 86 rompuz. Car puis q̃ noz corps

263 1062 134 72 Ncorl.. d

267 1120 62 98 T

938 1285 93 90 sont
