1080 1660
239 154 277 67 Du mariage.

51 215 624 74 sont membres de esuchrist, grã

51 276 621 69 dement nous est deffendu, d en

55 332 617 71 faire membres de la paillarde,

54 397 620 62 parquoy on les doibt garder en

52 448 623 67 toute sainctete; car si aucun uiole

54 504 610 71 le tẽple de dieu, dieu le destruira

54 558 623 72 s s ingulieremẽt au sainct estat de

52 615 623 71 mariage, cõme nostre seigñr bien

51 677 627 68 demõstre, cõmandant que la fem

52 730 627 69 me qui rompt son mariage qu elle

52 785 614 72 meure de mort, elle ⁊ le paillard

113 843 561 68 Uous donc lnommant l espoux ⁊

56 900 623 64 l espouse NN. apans conz

58 947 621 80 gnoissance que dieu uinst la or-

56 1009 625 61 donne, uoulez uous uiure en ce

58 1065 624 72 sainct estat de mariage, que dieu

56 1121 623 70 c si grãdemẽt hõnore, auez uous

59 1178 620 65 ung tel propos cõme uous tes-

60 1236 624 75 moingnez icy deuant sa saincte

679 499 135 58 i. corin..

679 770 114 64 Leuiti.

681 823 77 58 ro.b.

365 1300 310 65 L assembles
