1080 1660
558 116 275 76 Du mariage.

394 185 632 75 dieu ⁊ sa saincte assemblee/ que

401 250 619 65 uous auez prins ⁊ p̃nez. N. poͬ

401 302 625 71 uostre legitime mary/ auq̃l pro-

401 356 625 75 mettez obeyr/ luy seruãt ⁊ estant

401 417 619 69 subiecte/ uiuant sainctemẽt/ luy

402 474 621 76 gardant foy ⁊ loyaulte en toutes

401 528 625 73 choses aĩsi q̃ une fidele ⁊ loyalle

402 583 622 78 espouse doibt a son mary selon la

401 640 613 83 parolle de dieu ⁊ le saĩct euãgile.

481 695 232 83 ¶ Respond/

825 699 119 83 Ouy.

534 770 346 53 ¶ Puis le ministre dit.

465 810 559 78 Le pere de toute misericorde

398 872 628 75 qui de sa grace uous a appellez a

400 925 623 77 ce saĩct estat de mariage/ pour la-

398 983 625 76 mour de Iesuchrist sõ filz qui par

402 1038 621 74 sa saincte presence a sanctifie le

401 1094 620 70 mariage/ faisant la le premier si-

411 1155 608 73 gne deuant ses apostres/ uous

401 1210 620 82 doint son saĩct esperit/ pour par-

920 1271 100 94 faire

263 1167 129 58 Io.2.a.b
