1080 1660
214 127 298 70 Du baptesme.

60 197 624 74 faire en ce noble estat sa saincte

59 254 407 69 uolunte. Amen.

134 312 554 71 Escoutez comme nostre sei-

63 367 622 75 gneur ueult que le sainct maria-

66 424 620 74 ge soit garde, ⁊ cõme il est ferme

63 481 625 70 ⁊ indissoluble, sclon qͥl est escript

65 540 596 64 en sainct Matth. au.xix. chap̃.

131 601 559 63 Les pharisiens s approcherẽt

63 651 630 71 de luy le tentant ⁊ disans. Est il

65 708 616 69 loysible a l hõme de laisser sa fem

65 767 627 69 me pour q̃lcõque occasion, Et re-

70 820 622 69 spondant leur dist. Nauez uous

69 878 617 70 point leu, que celuy qui fist l hom

70 937 619 68 me des le cõmencemẽt, il feist le

72 990 621 75 masle ⁊ la femelle; ⁊ dist. Pour ce

73 1048 622 72 lhõme delaissera pere ⁊ mere, ⁊ se

73 1105 619 72 adioindra a sa fẽme; ⁊ serõt deux

74 1160 623 75 en une chair; et par ainsi ilz ne

77 1217 620 75 sont plus deux; mais une chair,

692 699 136 59 mar.o. a

697 907 133 59 Gen.⁊. d

350 1283 343 76 Gui dõcques
