1080 1660
555 127 282 66 Du mariage.

397 190 626 75 doncques ce que dieu a cõioinct-

397 251 498 71 lhomme ne. scpare point.

456 308 570 72 Croyez a ces sainctes parol-

396 366 628 72 les que nostre seigñr Iesus a pro-

396 421 625 64 ferees, cõme le sainct Euãgeliste

394 477 626 73 les a recitees, ⁊ soyez certains q̃

394 536 627 67 nostre seigneur dieu uous a con

391 597 629 67 toinctz en ce saĩct estat de maria-

394 646 626 71 ge; parquoy uiuez sainctement

394 702 625 74 ensẽble en bõne paix ⁊ uniõ, gar-

393 763 627 68 dãs uraye charite, foy, ⁊ loyaul-

393 817 627 68 te l ung a l autre, selon la saĩcte pa

393 874 626 70 rolle de dieu. De quoy nostre sei-

394 929 566 72 gneur uous en doint la grace.

458 990 501 64 ¶ Prions donc tous dung

519 1047 342 66 cueur nostre pere.

451 1096 563 75 Dieu tout puissant, tout bon-

389 1157 625 68 ⁊ tout sage, qui des le cõmẽcemẽt

394 1214 614 82 as preucu, qu il n estoit point bon

250 1221 134 65 Geñ.⁊. t

927 1272 85 76 quc
