1080 1660
558 132 279 74 Du mariage.

389 197 631 74 nans icelle ⁊ la nourrissant en ta

390 255 627 71 louenge ⁊ gloire/ et a lutilite du

393 319 623 66 prochain/ en lauancemẽt ⁊ exal-

390 369 627 75 tation de ton sainct Euangile.

393 426 626 67 Exaulse nous pere de misericor

393 480 623 78 de par nostre seigneur Iesuchrist

402 538 484 76 ton treschier filz. Amen.

459 594 562 71 Nostre seigneur uous rẽplis-

396 658 625 68 se de toutes graces/ ⁊ en tout biẽ

397 711 627 70 uous doint uiure ensemble lon-

398 764 623 75 guement ⁊ sainctement. Allez

398 823 622 78 en paix. Dieu soit tousiours

401 882 445 76 auec uous. Amen.

443 997 542 59 ¶ Pour plusieurs causes ⁊ raisons

444 1038 533 56 que peuuent aduenir/ il seroit bon

443 1076 538 58 escripre le nom de ceulx quon bap-

444 1119 528 52 tise/ et le iour quilz sont baptisez.

445 1162 535 51 Et aussi le nom de ceulx quon es-

443 1199 535 98 pouse ⁊ pareillement le iour/ en ung

444 1240 184 63 petit liuret.

257 522 121 72 Ioã.16.f
