1080 1660
264 213 127 62 Ro.. b

531 127 359 66 de nostre seigneur.

408 195 618 76 ⁊ rompent ung mesme pain, sont

401 257 623 68 ung mesme corps, c est le corps de

404 312 619 65 Nesuchrist et membres l ung de

398 366 623 76 l aultre, inserez ⁊ plantez en luy-

398 423 628 73 auquel ilz protestẽt ⁊ promettent

400 481 628 64 de perseuerer iusques a la fin, et

398 538 628 70 ne se separer de la foy de l euãgile

400 594 624 72 ⁊de l union qu ilz ont tous en dieu

400 650 621 72 par Iesuchrist. Et pour ce cõe toꝰ

400 708 621 63 les membres sont nourris dune

397 763 626 68 mesme uiande; ainsi tous les fi-

398 823 623 72 deles prẽnent dung mesme pain-

398 878 623 66 ⁊ boiuent dung mesme calice ui-

398 932 622 72 siblemẽt sans aucune distinctiõ-

397 991 623 64 cõme inuisiblemẽt tous doibuẽt

400 1048 617 68 estre nourris dung mesme pain

407 1103 616 72 spirituel de la saincte parolle. de

402 1160 618 68 uie, de leuãgile de salut, uiuans

397 1217 623 80 tous dung mesme esperit, dune

256 1107 136 59 mat. ⁊t. a

258 1156 131 51 oã.s. d

263 1195 130 63 pbe. ⁊. c

870 1278 151 83 mesme
