1080 1660
289 138 223 68 De la cene

54 195 624 81 mesme foy. Et qui bien regarde-

54 255 624 79 roit les choses baillees aux pe-

55 312 623 79 res aitendans la uenue de Iesu-

55 369 623 79 christ/ on trouueroit grosse cõue-

54 423 647 83 nãce. Car la circõcision ne signi

55 481 622 79 fie elle poĩt/ quon estoit de lalliã-

52 539 625 77 ce que nostre seigñr a faict auec

55 594 624 78 son peuple: et cõme ung chascun

52 652 627 74 estant circõcis estoit du nõbre du

54 708 625 79 peuple de dieu? Et ainsi estoit re-

52 766 627 77 ceue la circõcision. Aussi les au-

52 824 620 73 tres fassons de faire estans um-

52 878 620 80 bres ⁊ figures des choses adue-

51 939 621 79 nir qui sõt parfaictes ⁊ euacuees

52 994 620 73 par Iesuchrist/ qui tout a cõsum-

51 1051 620 77 me: cõme primices/ offrãdes ⁊ sa-

49 1108 627 76 crifice de louenge/ estoiẽt ordon-

52 1167 623 73 nez pour rendre graces a dieu/ en

55 1220 623 88 protestation quon uouloit perse-

563 1285 114 66 uerer

684 447 132 53 geñ.17.b

684 836 134 56 Heb.10.a

683 936 127 69 Ioã.19.f

683 1054 117 67 Deute.

673 1106 69 61 26.c
