1080 1660
603 121 229 74 De la cene

402 190 624 74 uerer en la loy de dieu/ ⁊ estre de

405 249 622 67 son peuple. Quon regarde biẽ le

402 308 622 71 baptesme ⁊ la saĩcte table a quoy

405 363 626 75 sont ordõnez/ ⁊ lon uerra la cõue¬

405 421 626 71 nãce. Mais lignorãce de cecy a

407 477 621 72 faict faillir plusieurs/ ⁊ encores

405 535 626 72 de present/ beaucoup y errẽt/ ⁊ sur

405 589 627 73 tout en la table de nostre seigñr.

407 647 627 70 Car tout y est maintenãt faict ⁊

404 704 628 70 dit selon la tradition/ ordonnãce/

405 760 629 75 ⁊ plaisir des hõmes: ⁊ ce qͥ est dit

405 818 627 74 par la parolle de dieu/ ⁊ ce q̃ Ie¬

405 877 627 70 sus a institue est soubz les piedz.

402 990 635 69 derent q̃ signifie le pain de action

404 932 631 68 Qui sont ceulx qui pẽsent ⁊ cõsi¬

409 1047 628 70 de graces quon doibt rompre: ⁊ le

408 1103 631 65 calice dequoy on boit? Ou sont

405 1159 633 73 ceulx qui se espreuuẽt silz sõt en

415 1217 623 80 Iesus/ si lesperit de dieu est en

918 1280 117 74 eulx?

267 957 120 54 1.corĩ.11.

270 998 87 54 d.e.f.

265 1141 135 73 2.cor.13.b
