1080 1660
181 138 365 70 de nostre seigneur.

52 203 625 76 eulx? Assez en ya qui courẽt aux

54 264 624 70 p̃stres ⁊ nõ a leur cueur/ en soy re-

52 318 625 74 gardãt ⁊ esprouuãt silz ont uraye

52 373 622 79 ⁊ uifue foy/ par laq̃lle ilz soyent

51 432 621 71 urays filz de dieu inserez Ie-

52 486 620 72 suchrist cõe ses mẽbres. Le cueur

51 545 626 74 de plusieͬs ne passe point le pain/

51 603 623 74 ⁊ le calice: qui leur sont presẽtez/

49 658 623 72 ausquelz toute leur pẽsee sarreste

48 713 623 79 les adorãt/ ⁊ lõ a este ainsi aprins.

49 771 626 75 Et la memoire diceluy qui pour

49 830 626 74 noꝰ est mort ⁊ maintenãt est assis

48 890 629 68 a la dextre du pere/ est oubliee: cõe

49 942 626 76 le ꝓchain aussi: poͬ quoy principa

48 998 624 74 lemẽt est ordõnee la saicte table/

49 1055 619 72 en laq̃lle lon doibt cõuenir ensem

49 1110 614 74 ble estant une chose auec le pro-

48 1166 620 80 chain: cõme est facile a ꝯgnoistre.

51 1227 617 78 Car pour aller a Iesus ie nay q̃

569 1292 105 71 faire

683 395 129 58 Ioã.1.b.

682 439 132 57 Ioã.15.a

678 486 123 57 Ro.11.c.

676 1098 135 51 1.corĩ.11.

676 1138 125 48 d.e.10.d.
