1080 1660
598 149 228 64 De la cenc

404 208 620 83 saire dattendre personne; ⁊ nay

404 265 624 80 mestier de cõpaignie, ne de sortir

407 322 620 84 hors de moy, ueu q̃ le royaulme

405 377 618 83 de dieu est dedẽs moy; ⁊ ne peulx

405 439 626 78 auoir esus auec moy, ne reces

409 492 619 80 uoir q̃ digncmẽt, ⁊ en salut ⁊ uie.

417 553 613 67 Gar la ou il uient, des indignes

415 603 613 85 l en faict dignes, des mortz ui-

401 661 629 81 uans, des iniustes ⁊ pecheurs

409 719 623 83 lustes ⁊ saĩctz. Mais il n est ainsi

411 774 623 79 du baptesme, ne de la saincte ta-

411 828 623 80 ble de nostre seigñr. Celuy qͥ de

409 889 628 75 cueur faint ⁊ dõnant aultrement

411 946 623 77 entẽdre qu il ne croit, prent le ba-

414 1001 624 83 ptesme cõme hypocrite, il prẽt sa

414 1058 625 79 condẽnation, cõme celuy qui uiẽt

421 1117 618 80 a la table de nostre seigñr n ayãt

415 1168 624 86 esgard a son prochain, mesprisãt

416 1228 622 93 les fideles, qͥ sõt l eglise de nostre

265 365 125 55 Aue.i.

267 571 139 52 mat.il. b

276 616 144 60 Aucas. S

265 657 136 54 i. Timo

270 698 101 58 it.D.

274 1132 143 70 i torlaic

897 1283 140 89 seigñr-
