1080 1660
242 143 230 63 De la cene

55 204 617 72 seigñr, p̃uenãt les aultres, p̃nãt

54 264 617 72 a par soy ⁊ nõ aucc la saincte cõ-

52 320 618 72 gregation le pain de ñc seigñr-

51 376 619 74 mẽgeãt ⁊ estãt soul, ou sõ ꝓchain

51 432 619 71 meurt de fain, ne faisant ⁊ exer-

51 488 617 73 ceãt charite, il uiẽt a sa ꝯdẽnatiõ.

51 546 620 69 Car cõmẽt est la foy qui oeuure

51 603 621 72 par charite, et la charite de dicu

49 662 617 68 en celuy qͥ uoit son frere auoir ne

51 717 621 64 cessite ⁊ ne luy ayde. Comment

47 773 624 66 aussi ose ⁊ p̃sume celuy qui uit en

48 830 616 71 peche ⁊ iniqͥte, cõpaignõ des infi

47 888 617 69 deles en leurs idolatries, paillar

47 946 617 66 dises, larrecĩs, haynes, ⁊ aultres

47 1001 617 68 abominatiõs, soy mesler ⁊ appro

48 1058 616 72 cher auec les fideles, qui sont le

48 1113 616 73 corps de Christ, ne faisãt differẽ

48 1170 616 73 ce du corps de Christ ⁊ Dante-

47 1227 617 80 christ, des chrestiẽs ⁊ des ĩfibeles-

682 647 112 62 So.i.Ci

674 852 133 45 i. cor io. e

675 1061 130 63 i.cor.i.. O

668 1210 129 69 cor.i.I

567 1290 104 75 de la
