1080 1660
613 132 226 72 De la cene

412 197 602 69 de la lumiere et des tenebres?

416 254 616 68 Qui biẽ regardera despuis le .8.

415 312 620 75 de la premiere aux Corinthiẽs

415 366 620 78 iusques au .13. uoire et le .14.

416 427 621 64 Semblablement ce que sainct

419 482 619 72 Iehan recite/ que le sauueur a dit

415 542 622 73 apres quil eust faict sa cene/ par-

415 598 623 72 lãt a ses apostres/ au .13.14.15.

416 655 623 67 16. ⁊ ce qͥ est dit au .17. il aura de

414 712 628 70 ce qui a este dit plus pleine intel-

415 769 627 63 ligẽce/ cõme celuy qui uient a la

415 824 626 69 table de nostre seigñr doibt auoir

418 882 624 64 ferme foy en nostre seigñr dieu: et

415 939 629 73 en nostre sauueur Iesus: ⁊ q̃lle cha

415 994 626 73 rite uers le ꝓchain/ se separãt des

416 1051 625 72 infideles ⁊ de leurs uices: ⁊ com-

418 1110 621 65 mẽt ⁊ pourquoy il doibt rõpre le

415 1164 626 74 pain de nostre seigñr. Le tẽps/ le

416 1221 626 77 nõbre ou quãtesfois nous debuõs

937 1280 101 88 faire
