1080 1660
577 154 234 57 De la cene

397 217 627 63 ignorans, qui encores nont con-

398 269 623 78 gnoissãce de uerite/ tãt qͥl est pos

400 327 623 72 sible/ sãs uenir cõtre la doctrine

401 384 626 72 de uerite. Il denõcera le iour quõ

400 444 623 70 doibt faire la saincte cene par a-

400 502 626 69 uant/ les admonnestant de prier

400 557 626 71 nostre seigneur: et demander sa

401 611 622 75 grace/ pour sainctement ⁊ digne-

400 669 624 73 ment y uenir: ⁊ le iour quon faict

401 726 625 76 la cene exhortera le peuple/ ainsi

402 784 250 73 quil sensuit.

488 875 508 82 ¶ La cene de nostre seigñr.

462 944 565 85 Nostre dieu ⁊ pere tresmiseri-

400 1009 623 74 cordieux pensant les pẽsees non

401 1067 626 72 point daffliction/ cestadire/ de pu

400 1124 627 72 nition: mais de paix/ de grace/ et

400 1179 627 75 remission pour lamour de soymes

405 1236 622 85 mes/ non point pour noz biens-

906 1292 121 84 faictz

258 1062 139 62 Hier̃.29.c

258 1250 138 71 esa.43.d.
