1080 1660
191 143 368 68 de nostre seĩgneur.

65 206 627 78 faictz ne iustices, uoulãt effacer

62 269 631 72 noz pechez, nous estre propics, et

60 326 624 77 accõplir ses sainctes ꝓmesses de

60 381 624 72 noꝰ dõner leaue notte ⁊ son sainct

60 495 624 72 tes noz ordures ⁊ souilleures, et

60 551 624 65 nous dõner ung nouueau cueur-

60 607 624 74 en escripuãt sa saincte loy en noz

59 668 625 69 cueurs, quãt la plenitude du tẽps

59 722 623 70 est uenus, ila enuoye son filz tres

59 777 627 73 chier, monstrãt sa tres grãde cha-

59 836 620 67 rite ⁊ dilection qu il a eu enuers

58 892 626 68 nous, nespargnãt point son seul

59 950 625 69 et tres ayme filz nostre seigneur

62 1008 622 71 Nesuchrist;mais pour nous le dõ-

58 1061 626 67 nant, ainsi que ce bon sauueur se-

56 1120 626 65 lon le bõ uouloir de son pere pour

55 1175 645 81 nous reconcilier a iceluy sest une

63 1235 621 75 foys offert a son pere pour nostre

693 332 137 71 Ene.is. e

693 670 137 62 gal.⁊i a.

681 774 127 58 Ro.i.b.

693 823 110 58 Ro. S.si.

321 1293 119 80 D i

690 1193 131 61 Ld.

693 1253 126 57 .g.io. c.

481 1292 197 78 redẽption-
