1080 1660
193 138 369 68 de nostre seigneur.

65 201 627 71 soit grandement desirer auant

65 257 624 75 qu il souffrist, il institua sa sain-

66 319 622 61 cte cene, uoulãt qu en memoire de

66 373 626 75 sa tres grande charite, par laquel-

66 431 624 68 le il a dõne son corps pour nous

67 486 623 70 En la croix, et espandu son sang

66 543 630 67 en remission de noz pechez ; nous

70 600 627 73 prinssiõs mẽgeans dung mesme

70 657 634 69 pain, ⁊ beussions d ung mesme ca

69 713 627 68 lice sans aucune difference, cõme

70 767 625 76 indifferãmẽt il est mort pour toꝰ-

73 830 613 60 Il a tous il a dit de prendre, man.

74 883 612 72 ger, ⁊ boire en sa cene. Tous dõt

73 940 608 73 urays chrestiẽs ⁊ fideles qui fer

73 998 624 72 mement croyent en nostre seigñr

85 1052 614 79 Iesuchrist par uraye foy qu il soit

76 1116 623 68 mort pour nous, uiennent a ceste

78 1170 624 69 saincte table, remerciãt tous en-

81 1222 618 78 semble dieu, de sa grande bonte

693 297 139 58 Luc.ri.s

700 838 137 51 mat.rs.s

697 885 140 58 Luc.⁊i. O

695 930 144 56 mar. i⁊ c

693 976 144 47 i cor.i.e.

712 1058 120 72 Ro.d.

437 1294 265 72 D ui quis
