1080 1660
592 127 231 68 De la cene

396 188 635 81 a rien/ cõbien quilz le puissent fai

397 249 630 77 re/ tous ceulx qͥ sont desobeissãs

393 307 634 74 a pere ⁊ mere/ ⁊ a ceulx que dieu

397 362 630 77 a cõstitue sur nous en bien/ sãs cõ

397 423 629 72 treuenir au cõmandemẽt de dieu.

407 477 621 76 Tous batteurs/ noyseux qui in¬

394 533 633 70 iustement battent ⁊ frappẽt leur

398 593 623 72 ꝓchain/ ⁊ les ont en hayne. Toꝰ

394 648 632 78 paillardz/ yurõgnes uiuãs disso¬

393 708 633 72 luemẽt en boyre ⁊ mẽger. Tous

394 760 632 78 larrons qui font tort ⁊ iniure au

397 817 626 79 prochain/ tous faulx tesmoingz ⁊

391 877 630 73 imposeurs de crimes/ ⁊ toꝰ ceulx

393 933 631 72 qui uiuent meschãment ⁊ contre

393 987 628 74 les sainctz cõmandemẽs de dieu/

394 1047 629 73 qui ne ueulent suyure la saincte

394 1103 629 75 loy de dieu ⁊ uiure selon sa parol¬

394 1166 626 69 le/ ensuyuant le sainct euangile/

393 1221 628 80 cõme urays enfans de Dieu/ ne

836 1283 184 75 presumẽt

254 311 128 69 1.tim̃.1.
