1080 1660
582 116 226 74 De la cene

396 183 630 74 nostre iustification, en cueur hu-

397 243 627 71 milie ⁊ abbatu, cõgnoissans noz

397 307 630 65 faultes, nous nous presenterõs ⁊

396 358 630 72 nous iecterons deuant la haulte

398 416 629 70 maieste de nostre dieu en pleine

400 471 627 67 cõfiance ⁊ uraye foy par nũe sau-

398 531 630 67 ueur ⁊ redẽpteur Iesus, luy demã

398 583 626 74 dant grace, cõfessant deuant luy-

400 641 628 71 q̃ tres griefuemẽt ⁊ grandemẽt l a-

398 697 630 73 uõs offense, cõtreuenãt a. sa sain-

401 759 630 61 cte loy, ne ladorant purement en

404 816 623 66 esperit ⁊ uerite, ne seruant a luy

405 872 623 67 seul, ne l aymãt sur tout, en hon-

402 925 626 68 norãt son sainct nom sans le prẽ-

405 982 626 65 dre en uain, ne uiuãt saĩctemẽt a

405 1037 623 69 son hõneur, ⁊ a laide ⁊ secours de

404 1096 624 74 nostre ꝓchain, ne faisant le uray

405 1153 627 67 st sainct repos de mal dire, mal

409 1211 623 82 faire ⁊ penser, ne hõnorant ceulx

880 1269 152 78 qui sur
