1080 1660
211 132 363 71 de nostre seigneur.

76 197 628 76 qui sur nous ont puissãce, ne eui-

76 255 627 75 tant toute hayne, paillardise, lar

73 312 629 78 recin, mẽsonge; ⁊ toute chose qͥ cõ

72 370 627 74 treuiẽt a l amour de dieu ⁊ de no-

76 427 621 73 stre ꝓchain, faisant a aultruy ce

72 482 623 75 que ne uouldriõs estre faict a noꝰ

69 539 630 77 mesmes, en quoy trãsgressant la

69 597 626 76 saincte l oy de nostre bon pere-

66 655 630 72 auõs tous grũdemẽt peche; ⁊ de-

69 709 626 78 seruy lire ⁊ indignation de nostre

66 769 626 66 dieu plus que ne pouõs exprimer

65 824 625 72 ne dire, par si grãde ingratitude-

67 881 622 70 saisant cõtre sa saincte uolunte.

66 944 624 68 Pourtãt de toutes noz faultes ⁊

66 994 616 76 pechez que ne scauriõs nõbrer, a

62 1051 623 76 cause de leur multitude, humble-

62 1112 627 70 mẽt ⁊ de cucur abbatu en deman-

62 1166 626 69 dõs mercy ⁊ misericorde a nostre

62 1225 627 80 tresbon pere, le priant qu il ne re-

694 993 135 69 sal.i.

695 1044 120 77 heb.is.

560 1285 129 76 garde
