1080 1660
582 132 223 71 De la cene

396 200 625 72 garde point noz faultes, ĩgnorã-

394 258 627 72 ces, ⁊ iniquitez; mais qu il regar-

394 316 629 64 de la iustice, sainctete, purete, et

394 373 629 72 innocẽce de son treschier filz no-

397 428 624 74 stre seigñr Iesus, qui pour nous

398 488 626 65 est mort, nous pardõnãt pour la-

396 543 630 71 mour de luy toutes noz offenses

397 598 627 74 ⁊ mesfaictz nous gardãt de plus

397 658 629 69 tomber en peche, magnifiant en

397 713 626 71 nous son sainct nom, regnant en

398 771 628 70 nous, parfaisãt sa saincte uolun

397 828 629 68 te en nous, ⁊ nous dõnant ce q̃ le

400 882 624 75 doulx sauueur nous a aprins de

401 939 422 72 demander, en disant.

466 996 555 74 Nostre pere qui es est cieulx-

406 1059 516 71 sanctifie soit ton nom, ⁊c

466 1110 561 75 Nous prierons a nostre pere

402 1170 626 72 qu il nous donne ferme, uifue, et

401 1228 623 80 parsaicte foy, laccroissant ⁊ aug-

257 1003 134 59 mat.S. G

261 1059 132 63 Luc.ii.a

870 1289 157 69 mentãt
