1080 1660
191 154 364 60 de nostre seigneur.

66 211 622 76 fust trahy il print le pain ⁊ rẽdãt

63 272 626 72 graces le rõpit, disãt; prenez men-

63 334 625 67 gez, cecy est mon corps, lequel est

60 385 624 71 liure pour uous, faictes cecy en

59 446 627 65 ma cõmemoration. Sẽblablemẽt

60 498 625 69 ⁊ le calice apres qu il eut soupper

60 554 628 72 disant, Ce calice est le nouueau

58 614 624 70 testamẽt en mõ sang, faictes cecy

60 666 622 76 toutesfois q̃ uoꝰ le beuurez en me

59 724 626 74 moire de moy, car toutes les fois

59 782 626 74 q̃ uoꝰ mengerez ce pain ⁊ beuurez

58 839 627 74 ce calice, uoꝰ annõcerez la mort

59 901 623 67 du seigneur iusq̃s a ce qͥl uiẽgne.

108 953 576 73 Uoyez icy tous l institution de

58 1009 624 72 la saincte table de nostre seigñr

58 1066 627 69 cõme elle est ordonnee par le seul

59 1123 616 77 sauueur, lequel ne fault repren-

58 1179 624 75 dre, ne presumer sur luy, uoulant

58 1235 623 83 ultremẽt enseigner ou faire qͥl

703 231 127 49 nar.t.S

696 275 133 57 Luc.ri.s

693 325 11 38 A

698 1130 123 73 oã.s. s

445 1301 230 71 na cõmãde
