1080 1660
584 149 226 69 De la cene

404 217 626 74 na cõmande. Il rõpt le pain a ses

405 275 626 72 disciples, ⁊ leur dõne, nous mon-

408 333 624 69 strant, q̃ tous ceulx qui uiẽnẽt a

405 385 625 70 la table doibuẽt estre de ses disci-

414 446 617 74 ples renõceans eulx mesmes, et

408 502 626 69 suyuãs Iesuchrist en uraye chari

405 558 626 71 te. l cõmãde quẽ mengeãt ⁊ beu-

405 612 627 75 uãt en sa table cela soit faict en sa

411 733 620 72 prent le pain ⁊ l on boit du calices

408 789 626 71 quon annonce la mort de nostre

420 678 611 67 nemoire, cest q̃ toutesfoys q̃ l on

412 842 623 72 seigneur Iesu christ, comme il est

408 904 626 65 mort pour nous, en donnant son

409 960 629 65 corps comme signifie le pain, ⁊ a

409 1016 626 71 espãdu son sang pour nous, cõme

409 1128 625 71 uoz cueurs en hault, cherchãs les

409 1185 626 72 choses celestielles es cieulx ou

418 1240 617 85 esuc hrist est assis en la dextre

421 1070 613 74 ignifie le calice. Pourtant l euez

272 453 134 67 mat s. e

268 677 145 56 Aue.i.v

268 716 132 55 A cor.iie

270 1073 137 62 colos.. a

274 1127 117 87 mat. Ci

877 1304 155 65 du pere-
