1080 1660
186 138 388 70 de nostre seigneur.

52 203 636 76 du pere, sans uous arrester aux

55 261 633 75 choses uisibles qui se corrompẽt

55 322 631 70 par lusaĩge. En ioye de cueur en

52 384 637 65 union fraternelle uenez tous prẽ

52 435 640 63 dre de la table de nostre seigneur

52 491 638 69 luy rendãt graces de la tres gran

55 551 634 70 de charite qu il nous a monstre-

54 607 638 68 ayez la mort de ce bõ sauueͬ escri-

55 666 638 72 pte en uoz cueurs, en souuenãce

52 720 637 75 eternelle pour estre enflambez, ⁊

51 778 638 75 pour esmouuoir aussi les aultres

51 834 637 76 a l amour de dieu, a suiure sa sain

51 900 232 69 cte parolle.

95 968 553 63 ¶ En dõnãt le pain lequel soit sad

94 1018 551 55 image, ne permettãt quon ladore, le

92 1062 551 55 baillant a tous en la main.affin qͥlz

94 1103 549 54 le prennent a mangeussent. Le mi-

94 1139 264 54 nistre peult dire.

114 1188 575 70 Iesus le uray sauueur du mõ-

54 1246 636 77 de, qui est mort pour nous, estant

677 261 155 58 r. cor.⁊.d

693 301 144 71 colos.⁊. d

458 1310 219 88 E assis
