1080 1660
607 154 243 65 De la cene

400 218 637 78 cssis en gloire a la dextre du pere-

402 279 636 75 habite en uoz cueurs par sõ saĩct

404 336 635 74 esperit, faisant q̃ du tout soyez ui

401 395 637 73 uans en luy par uifue foy et par-

404 450 479 75 faicte charite. Amen.

412 567 626 77 ¶ Apres q̃ tous ont cõmunicque.

551 686 487 69 Reschiers freres ⁊ seurs

560 741 475 72 en nostre seigñr Iesus, qͥ

563 799 476 68 estes uenus a la saincte

405 854 634 72 table de nostre seigñr, luy rendãs

408 910 636 76 graces de ses tresgrãdz biẽs qu il

405 972 636 73 nous a faict, nous pricrõs le pere

408 1026 633 73 plein de toute misericorde po᷑ toꝰ

407 1085 637 75 ceulx qui sont sur la terre, pour

419 1146 626 68 tous roys, princes, seigneurs, et

420 1199 618 73 tous qͥ sont cõstituez en autorite,

417 1256 629 81 ausquelz il a dõne le glaiue ⁊ gou

264 1155 145 62 i. tim̃.⁊. a

272 1287 136 49 rom̃.iz. a

270 1323 146 68 i. Pet... C

847 1316 198 77 uernemẽt
