1080 1660
195 141 381 72 de nostre seigneur.

63 210 640 72 uernemẽt du pcuple pour deffen-

65 269 637 64 dre les bõs, ⁊ punir les mauuais

65 323 637 71 q̃ le bon dieu dõne a tous sa gra-

63 381 634 71 ce; ⁊ face misericorde a tous. Luy

66 439 633 70 suppliãt q̃ de sa tres grande bõte ⁊

65 496 631 71 benignite il nous rẽplisse de son

66 551 630 72 sainct esperit, faisant que tous

65 608 632 75 soyons unis urayement en ung

62 668 627 69 corps par uifue ⁊ uraye foy, laq̃l-

62 722 628 77 le il luy plaise augmẽter en noꝰ

63 785 633 65 t ainsi que exterieurement ⁊ par

62 836 631 64 dehors en la saincte table auons

60 896 636 62 rendu tesmõgnaige destre des di-

63 954 634 69 sciples de Iesus, il nous doint la

63 1012 629 69 grace de urayemẽt le estre, cn ꝑse-

59 1072 631 66 uerãt en sa saincte doctrine, sepa-

59 1126 634 66 rez de toute infidelite ⁊ du mon-

56 1181 634 72 de, uiuãs tous en uraye charite-

60 1242 633 76 secourant l ung a l aultre en tout

698 629 143 57 i cor.is.d

700 681 140 52 Act.⁊. g.

697 722 142 72 Epb. ⁊ a

430 1305 259 74 Ei bien
