1080 1660
268 139 240 68 de prescher.

76 203 627 76 plissant la uolunte de ce bõ pere-

74 265 630 69 en luy demandãt tout au nom de

77 319 626 76 son seul filz esus, ainsi qͥl nous

76 381 346 69 a aprins. disans,

139 437 558 67 Nostre pere qui es es cieulx-

77 492 494 73 sainctifie soit ton nom ⁊c.

153 549 542 69 Apres l oraison le prescheur

74 608 622 69 cõmence de prẽdre qu clque texte

76 662 619 71 de la saincte escripture, lequel il

76 722 619 72 lit plainement, cõme nostre sei-

80 781 622 66 gneur fist en Nazareth, ⁊ apres

76 835 631 65 la lecture il declaire mot a. mot

80 893 624 73 sans saulter, amenãs les passai-

81 950 619 69 ges qui sõt en lescripture seruãs

77 1008 623 69 a la declaration diceluy qu il ex-

78 1062 620 80 pose, sans sortir hors de la sain-

77 1126 619 67 cte escripture; affin quõ ne brou-

80 1179 605 67 ille point la pure parolle de dieu

77 1238 629 70 auec l ordure des hõmes, portant

712 567 114 52 A sdre

709 610 59 58 v. a.

712 727 132 67 Luee. ⁊t. C

701 1084 142 61 Deu. ⁊a

702 1130 123 62 Gier̃..i.

704 1175 56 49 d.e.

701 1214 138 62 De. t. l.

394 1300 303 68 Eiiii fidele-
