1080 1660
272 132 245 67 de prescher.

73 195 630 76 stre scigneur, obeyssans aux sei-

74 253 630 77 gneurs ⁊ princes, soyẽt bons ou

70 311 633 72 mauuais, en tout ce qui n est con-

70 367 632 70 tre dieu, leur rendant et payant

70 426 633 70 tout ce qui est ordonne, ⁊ qu il ap-

70 484 630 73 partient. Non seulement pour la

70 540 633 72 crainte du glaiue qu ilz ont de

72 596 631 66 dieu, ⁊ destre punis et trauaillez

74 654 632 72 de eulx, mais aussi pour la con-

74 709 632 75 sciẽce. Car celuy qui resiste a la

73 767 631 74 puissance, il resiste a l ordonnãce

74 823 634 74 de dieu, ueu qu il n y a point de

74 883 632 75 puissance qui ne soit par lordon-

74 940 633 73 nance ⁊ disposition de dieu, ou en

76 997 622 76 faisant misericorde dõnant bõs

76 1056 623 74 prĩces, qui ont la crainte de dieu

77 1119 625 72 deuant les yeulx, suyuans la pa

76 1173 628 66 rolle de dieu, ayans a cueur lad-

76 1232 628 80 uancement de l honneur de dieu

715 206 126 55 Ro.ii. c.

710 250 133 72 . Pe.⁊. c.

715 507 131 67 Ro.i l. c.

712 1013 136 57 gen.⁊⁊. G

710 1059 137 61 ex oi. b.c

708 1102 138 61 Gudis.. c

612 1293 96 70 et le
