<?xml version="1.0" encoding="UTF-8"?>
<alto xmlns:xsi="http://www.w3.org/2001/XMLSchema-instance"
      xmlns="http://www.loc.gov/standards/alto/ns-v4#"
      xsi:schemaLocation="http://www.loc.gov/standards/alto/ns-v4# http://www.loc.gov/standards/alto/v4/alto-4-2.xsd">
  <Description>
    <MeasurementUnit>pixel</MeasurementUnit>
    <sourceImageInformation>
      <fileName>83_8298e_default.jpg</fileName>
      <fileIdentifier>https://www.e-rara.ch/i3f/v20/2001614/full/full/0/default.jpg</fileIdentifier>
    </sourceImageInformation>
  </Description>
  
  <Tags>
    <OtherTag ID="BT1024" LABEL="CustomZone" DESCRIPTION="block type CustomZone"/><OtherTag ID="BT1025" LABEL="DamageZone" DESCRIPTION="block type DamageZone"/><OtherTag ID="BT1026" LABEL="GraphicZone" DESCRIPTION="block type GraphicZone"/><OtherTag ID="BT1027" LABEL="DropCapitalZone" DESCRIPTION="block type DropCapitalZone"/><OtherTag ID="BT1028" LABEL="MainZone" DESCRIPTION="block type MainZone"/><OtherTag ID="BT1029" LABEL="MarginTextZone" DESCRIPTION="block type MarginTextZone"/><OtherTag ID="BT1030" LABEL="NumberingZone" DESCRIPTION="block type NumberingZone"/><OtherTag ID="BT1031" LABEL="QuireMarksZone" DESCRIPTION="block type QuireMarksZone"/><OtherTag ID="BT1032" LABEL="QuireMarksZone:signature" DESCRIPTION="block type QuireMarksZone:signature"/><OtherTag ID="BT1033" LABEL="QuireMarksZone:catchword" DESCRIPTION="block type QuireMarksZone:catchword"/><OtherTag ID="BT1035" LABEL="RunningTitleZone" DESCRIPTION="block type RunningTitleZone"/><OtherTag ID="BT1036" LABEL="StampZone" DESCRIPTION="block type StampZone"/><OtherTag ID="BT1037" LABEL="TableZone" DESCRIPTION="block type TableZone"/><OtherTag ID="BT1038" LABEL="TitlePageZone" DESCRIPTION="block type TitlePageZone"/>
    <OtherTag ID="LT386" LABEL="DefaultLine" DESCRIPTION="line type DefaultLine"/><OtherTag ID="LT387" LABEL="HeadingLine" DESCRIPTION="line type HeadingLine"/><OtherTag ID="LT388" LABEL="DropCapitalLine" DESCRIPTION="line type DropCapitalLine"/>
  </Tags>
  
  <Layout>
    <Page WIDTH="1080"
          HEIGHT="1660"
          PHYSICAL_IMG_NR="83"
          ID="eSc_dummypage_">
      <PrintSpace HPOS="0"
                  VPOS="0"
                  WIDTH="1080"
                  HEIGHT="1660">
        
        <TextBlock HPOS="247"
                   VPOS="270"
                   WIDTH="144"
                   HEIGHT="139"
                   ID="eSc_textblock_845092d0"
                   TAGREFS="BT1029">
          <Shape><Polygon POINTS="247 270 247 409 391 409 391 270"/></Shape>
          
          
          <TextLine ID="eSc_line_0ce98cb1"
                    TAGREFS="LT386"
                    BASELINE="253 314 391 314" 
                    HPOS="252"
                    VPOS="266"
                    WIDTH="139"
                    HEIGHT="66">
            <Shape><Polygon POINTS="335 269 339 268 391 266 391 325 347 332 343 332 332 323 304 329 303 329 252 320 253 314 253 280 265 279 279 276 293 275 307 272 321 271"/></Shape>
	    <String CONTENT="Ose.ii. c"
                    HPOS="252"
                    VPOS="266"
                    WIDTH="139"
                    HEIGHT="66"></String>
          </TextLine>

          
          
          <TextLine ID="eSc_line_c2cd4e4f"
                    TAGREFS="LT386"
                    BASELINE="257 359 353 359 391 363" 
                    HPOS="256"
                    VPOS="315"
                    WIDTH="139"
                    HEIGHT="64">
            <Shape><Polygon POINTS="257 359 257 315 382 327 395 327 390 379 384 376 376 372 256 372"/></Shape>
	    <String CONTENT="ob.il."
                    HPOS="256"
                    VPOS="315"
                    WIDTH="139"
                    HEIGHT="64"></String>
          </TextLine>

          
          
          <TextLine ID="eSc_line_4869d802"
                    TAGREFS="LT386"
                    BASELINE="256 398 315 398" 
                    HPOS="256"
                    VPOS="362"
                    WIDTH="59"
                    HEIGHT="48">
            <Shape><Polygon POINTS="256 398 256 409 314 410 315 398 315 362 256 362 256 398"/></Shape>
	    <String CONTENT=". D."
                    HPOS="256"
                    VPOS="362"
                    WIDTH="59"
                    HEIGHT="48"></String>
          </TextLine>

          
        </TextBlock>
        
        <TextBlock HPOS="393"
                   VPOS="125"
                   WIDTH="631"
                   HEIGHT="1180"
                   ID="eSc_textblock_553a2bab"
                   TAGREFS="BT1028">
          <Shape><Polygon POINTS="393 1305 393 125 1024 149 1024 1303"/></Shape>
          
          
          <TextLine ID="eSc_line_db1179e6"
                    TAGREFS="LT386"
                    BASELINE="570 186 826 189" 
                    HPOS="569"
                    VPOS="132"
                    WIDTH="257"
                    HEIGHT="74">
            <Shape><Polygon POINTS="805 142 792 142 778 141 764 141 750 139 736 139 722 138 708 141 699 136 695 136 681 136 667 135 653 135 639 134 625 134 612 134 598 132 584 132 570 153 570 186 569 196 697 206 699 206 825 196 826 189 825 152 819 142"/></Shape>
	    <String CONTENT="La maniere"
                    HPOS="569"
                    VPOS="132"
                    WIDTH="257"
                    HEIGHT="74"></String>
          </TextLine>

          
          
          <TextLine ID="eSc_line_85973183"
                    TAGREFS="LT386"
                    BASELINE="402 314 1019 316" 
                    HPOS="402"
                    VPOS="264"
                    WIDTH="617"
                    HEIGHT="69">
            <Shape><Polygon POINTS="444 264 448 264 459 272 461 273 517 273 517 272 538 264 609 264 635 273 645 273 690 265 693 265 724 273 731 273 767 265 771 265 779 273 780 275 897 275 897 273 905 266 905 265 909 265 1017 275 1019 316 1017 329 636 333 635 333 494 323 473 323 444 332 440 332 407 323 405 323 402 323 402 266"/></Shape>
	    <String CONTENT="tre pour les pechez du peuple dõ-"
                    HPOS="402"
                    VPOS="264"
                    WIDTH="617"
                    HEIGHT="69"></String>
          </TextLine>

          
          
          <TextLine ID="eSc_line_80487c5f"
                    TAGREFS="LT386"
                    BASELINE="391 254 1017 262" 
                    HPOS="390"
                    VPOS="201"
                    WIDTH="627"
                    HEIGHT="78">
            <Shape><Polygon POINTS="973 225 959 222 945 221 931 219 918 218 904 215 890 214 876 213 862 211 858 208 769 204 720 204 718 204 717 204 715 204 706 213 678 203 677 203 599 201 598 201 497 210 472 206 461 207 447 207 433 208 419 208 405 208 393 218 391 254 390 262 495 273 497 273 548 266 559 265 567 266 599 275 600 275 602 275 603 275 627 268 631 266 632 268 642 275 643 275 645 275 736 276 738 276 739 276 753 271 760 268 822 268 826 272 832 278 833 278 834 278 836 278 837 278 854 272 865 269 898 273 945 279 947 279 948 279 949 279 955 275 962 271 1014 275 1017 262 980 225 973 225"/></Shape>
	    <String CONTENT="et le prouffit des subiectz. Ou eh"
                    HPOS="390"
                    VPOS="201"
                    WIDTH="627"
                    HEIGHT="78"></String>
          </TextLine>

          
          
          <TextLine ID="eSc_line_105f62a9"
                    TAGREFS="LT386"
                    BASELINE="402 364 462 370 1021 376" 
                    HPOS="400"
                    VPOS="319"
                    WIDTH="621"
                    HEIGHT="72">
            <Shape><Polygon POINTS="501 327 517 319 523 319 523 320 524 320 531 327 587 322 598 322 605 323 631 329 650 323 663 320 668 320 674 325 682 329 696 325 708 322 713 322 725 326 740 330 758 322 761 322 787 327 810 333 852 333 855 329 861 325 861 323 900 323 906 330 909 332 927 330 1003 325 1006 325 1021 332 1021 376 1017 391 988 381 954 390 947 390 937 383 812 387 733 388 732 388 699 384 666 379 638 381 599 387 598 387 564 380 548 377 531 379 487 385 484 385 461 377 454 377 405 384 402 384 400 383 406 327"/></Shape>
	    <String CONTENT="nant des tyrãs iniques, qui nõt"
                    HPOS="400"
                    VPOS="319"
                    WIDTH="621"
                    HEIGHT="72"></String>
          </TextLine>

          
          
          <TextLine ID="eSc_line_f9a45c8b"
                    TAGREFS="LT386"
                    BASELINE="393 427 1021 432" 
                    HPOS="391"
                    VPOS="383"
                    WIDTH="630"
                    HEIGHT="58">
            <Shape><Polygon POINTS="393 427 391 439 1019 441 1021 432 1020 383 393 383 393 427"/></Shape>
	    <String CONTENT="cure que de faire leur uolunte ct"
                    HPOS="391"
                    VPOS="383"
                    WIDTH="630"
                    HEIGHT="58"></String>
          </TextLine>

          
          
          <TextLine ID="eSc_line_abdf5e4e"
                    TAGREFS="LT386"
                    BASELINE="393 484 1021 488" 
                    HPOS="391"
                    VPOS="434"
                    WIDTH="630"
                    HEIGHT="69">
            <Shape><Polygon POINTS="393 484 391 495 1019 503 1021 488 1021 446 990 437 988 437 987 437 985 437 960 444 934 437 933 437 931 437 930 437 929 437 919 445 919 446 862 446 862 445 854 438 854 437 852 437 851 437 850 437 742 444 739 444 731 437 731 435 729 435 728 435 631 435 630 435 628 435 627 435 627 437 620 444 618 444 545 444 545 442 535 434 534 434 533 434 531 434 393 441 393 484"/></Shape>
	    <String CONTENT="ce qui leur plaist; de quelque sorte"
                    HPOS="391"
                    VPOS="434"
                    WIDTH="630"
                    HEIGHT="69"></String>
          </TextLine>

          
          
          <TextLine ID="eSc_line_3b8f821b"
                    TAGREFS="LT386"
                    BASELINE="394 542 1021 547" 
                    HPOS="393"
                    VPOS="491"
                    WIDTH="628"
                    HEIGHT="74">
            <Shape><Polygon POINTS="394 542 393 554 420 561 422 561 423 561 444 556 461 551 469 556 476 561 477 561 479 561 552 563 553 563 555 563 567 558 581 553 614 558 639 563 641 563 642 563 643 563 643 561 646 560 653 553 666 560 670 561 671 561 672 561 674 561 681 560 707 553 738 561 751 564 753 564 754 564 769 561 793 557 828 563 841 564 843 564 844 564 846 564 847 563 861 554 900 554 916 564 919 565 920 565 922 565 936 564 996 556 1017 565 1021 547 1017 495 991 504 909 504 890 495 888 495 887 495 886 495 884 495 870 503 852 493 851 493 850 493 848 493 837 493 718 502 686 493 682 492 681 492 679 492 678 492 675 493 657 502 553 502 537 492 534 491 533 491 448 491 447 491 445 491 444 491 444 492 436 499 394 492 394 542"/></Shape>
	    <String CONTENT="qu ilz soyent y leur fault obeyr, et"
                    HPOS="393"
                    VPOS="491"
                    WIDTH="628"
                    HEIGHT="74"></String>
          </TextLine>

          
          
          <TextLine ID="eSc_line_6bf191a2"
                    TAGREFS="LT386"
                    BASELINE="391 657 1021 661" 
                    HPOS="390"
                    VPOS="604"
                    WIDTH="631"
                    HEIGHT="73">
            <Shape><Polygon POINTS="391 657 390 672 432 666 450 673 454 675 455 675 456 675 458 675 459 675 461 673 474 666 520 666 528 673 530 675 531 675 533 675 600 676 602 676 603 676 616 672 632 668 659 672 682 676 684 676 743 672 794 668 800 672 808 677 810 677 811 677 812 677 1020 669 1021 661 1019 607 952 616 931 607 930 607 929 607 927 607 926 607 890 618 868 618 858 608 858 607 857 607 855 607 854 607 846 607 783 615 749 608 740 607 739 607 738 607 735 608 720 616 603 616 594 610 588 604 587 604 585 604 540 604 538 604 537 604 535 604 528 610 522 615 497 615 492 610 487 605 487 604 486 604 484 604 483 604 455 610 436 614 391 611 391 657"/></Shape>
	    <String CONTENT="nostre seigneur cõmande, lequel"
                    HPOS="390"
                    VPOS="604"
                    WIDTH="631"
                    HEIGHT="73"></String>
          </TextLine>

          
          
          <TextLine ID="eSc_line_97674d9e"
                    TAGREFS="LT386"
                    BASELINE="404 606 450 603 1021 600" 
                    HPOS="400"
                    VPOS="549"
                    WIDTH="621"
                    HEIGHT="72">
            <Shape><Polygon POINTS="488 553 535 563 551 551 555 551 610 561 667 550 670 550 721 563 790 549 793 549 828 561 859 549 865 549 865 550 879 561 940 554 941 554 1019 561 1021 600 1020 604 956 618 955 618 859 611 812 619 808 619 797 611 794 610 793 611 778 619 776 619 688 621 684 621 675 615 668 611 488 611 455 619 452 619 404 614 400 553"/></Shape>
	    <String CONTENT="desprer leur bien ⁊ paix tant que"
                    HPOS="400"
                    VPOS="549"
                    WIDTH="621"
                    HEIGHT="72"></String>
          </TextLine>

          
          
          <TextLine ID="eSc_line_0bdc64b1"
                    TAGREFS="LT386"
                    BASELINE="393 712 1020 717" 
                    HPOS="391"
                    VPOS="659"
                    WIDTH="629"
                    HEIGHT="75">
            <Shape><Polygon POINTS="393 712 391 720 415 730 416 730 418 730 476 722 508 730 509 730 510 730 512 730 538 722 584 731 585 731 725 726 762 733 764 733 765 733 767 733 778 724 796 731 797 731 798 731 800 731 822 724 883 734 884 734 1019 724 1020 717 1017 669 987 675 976 669 973 666 972 666 970 666 969 666 967 666 958 669 942 672 911 669 861 664 859 664 834 669 815 673 801 669 780 662 779 662 778 662 776 662 775 662 765 669 758 675 710 675 686 669 643 661 642 661 641 661 639 661 639 662 631 669 627 673 571 673 564 669 544 661 542 661 541 661 479 669 470 670 465 669 430 659 429 659 427 659 426 659 425 659 412 669 409 670 393 670 393 712"/></Shape>
	    <String CONTENT="esleue les princes ⁊ les abbat, et"
                    HPOS="391"
                    VPOS="659"
                    WIDTH="629"
                    HEIGHT="75"></String>
          </TextLine>

          
          
          <TextLine ID="eSc_line_9384cd63"
                    
                    BASELINE="397 770 1016 776" 
                    HPOS="396"
                    VPOS="717"
                    WIDTH="620"
                    HEIGHT="75">
            <Shape><Polygon POINTS="436 723 506 717 510 717 517 723 523 727 573 719 577 719 577 720 581 723 587 730 681 730 692 723 700 719 706 719 706 720 707 720 708 723 713 729 811 730 844 723 861 720 865 720 877 729 888 723 893 722 898 722 898 723 900 723 908 731 941 723 952 722 954 722 1016 724 1016 776 1013 792 973 784 922 792 912 792 902 784 830 791 823 791 814 782 732 782 715 789 713 791 710 791 690 789 555 780 498 780 486 788 456 788 407 785 404 785 404 784 398 778 396 779 397 726"/></Shape>
	    <String CONTENT="trãsfere les royaulmes selon son"
                    HPOS="396"
                    VPOS="717"
                    WIDTH="620"
                    HEIGHT="75"></String>
          </TextLine>

          
          
          <TextLine ID="eSc_line_55eb9294"
                    
                    BASELINE="393 824 1019 832" 
                    HPOS="391"
                    VPOS="773"
                    WIDTH="628"
                    HEIGHT="80">
            <Shape><Polygon POINTS="393 824 391 843 455 845 456 845 458 845 459 845 459 843 472 836 506 843 520 846 522 846 562 843 624 839 638 843 650 847 652 847 653 847 654 847 666 843 678 839 689 843 704 849 706 849 707 849 855 843 887 842 890 843 912 852 913 852 915 853 947 853 947 852 948 852 949 852 949 850 958 843 988 852 990 852 991 852 992 852 1017 842 1019 832 1019 791 976 791 976 789 965 781 965 780 963 780 962 780 960 780 891 788 877 778 876 778 875 778 873 778 826 788 825 788 823 788 812 778 812 777 811 777 810 777 808 777 677 785 675 785 642 776 641 776 639 776 638 776 605 785 600 785 563 785 563 784 553 776 553 774 552 774 551 774 549 774 548 774 515 782 415 773 414 773 412 773 393 781 393 824"/></Shape>
	    <String CONTENT="bõplaisir. Et ainsi fault exhor-"
                    HPOS="391"
                    VPOS="773"
                    WIDTH="628"
                    HEIGHT="80"></String>
          </TextLine>

          
          
          <TextLine ID="eSc_line_1974c7f9"
                    
                    BASELINE="397 891 495 888 1021 890" 
                    HPOS="395"
                    VPOS="835"
                    WIDTH="626"
                    HEIGHT="71">
            <Shape><Polygon POINTS="427 835 481 835 481 836 488 842 505 836 510 836 527 847 594 835 596 835 632 846 654 835 657 835 771 836 772 836 810 846 825 850 861 847 862 846 875 835 880 835 905 846 906 847 933 847 936 846 951 835 956 835 992 845 1008 849 1017 845 1021 890 1021 896 1005 904 1002 904 913 897 879 904 877 904 846 897 841 897 793 904 790 904 776 897 772 897 746 904 744 904 744 906 650 906 649 904 646 904 641 899 638 897 631 899 599 904 598 904 551 899 534 897 528 899 516 904 512 904 494 899 486 897 397 898 395 849"/></Shape>
	    <String CONTENT="ter le peuple chrestiẽ, ne chercher"
                    HPOS="395"
                    VPOS="835"
                    WIDTH="626"
                    HEIGHT="71"></String>
          </TextLine>

          
          
          <TextLine ID="eSc_line_95cf8cef"
                    
                    BASELINE="397 939 1021 946" 
                    HPOS="396"
                    VPOS="890"
                    WIDTH="625"
                    HEIGHT="75">
            <Shape><Polygon POINTS="429 901 441 892 441 890 474 890 505 900 530 893 535 893 535 895 545 903 613 892 616 892 652 904 666 895 671 895 702 904 753 893 756 893 780 906 787 906 891 895 895 895 906 903 915 896 955 896 967 906 1020 908 1021 946 1017 965 985 955 960 964 958 965 954 965 947 964 915 955 893 962 888 964 887 964 887 965 767 965 765 964 764 964 750 958 744 957 740 958 732 962 726 962 722 958 715 954 697 958 670 962 668 962 638 955 613 951 577 954 522 960 517 960 517 958 510 953 508 950 505 953 497 958 492 958 454 951 444 950 436 951 396 960 397 898"/></Shape>
	    <String CONTENT="point la liberte ⁊ franchise char-"
                    HPOS="396"
                    VPOS="890"
                    WIDTH="625"
                    HEIGHT="75"></String>
          </TextLine>

          
          
          <TextLine ID="eSc_line_4ff02b23"
                    
                    BASELINE="393 1002 1019 1007" 
                    HPOS="391"
                    VPOS="948"
                    WIDTH="628"
                    HEIGHT="72">
            <Shape><Polygon POINTS="393 1002 391 1012 398 1018 400 1018 401 1018 402 1018 564 1011 588 1011 614 1012 702 1019 703 1019 754 1015 797 1012 803 1016 807 1020 808 1020 810 1020 811 1020 872 1018 969 1013 1016 1020 1019 1007 1017 962 941 962 941 961 930 953 930 951 929 951 927 951 926 951 875 961 870 961 869 961 855 951 854 951 852 951 851 951 850 951 848 951 836 960 811 950 810 950 808 950 807 950 769 960 768 961 740 961 740 960 731 951 731 950 729 950 728 950 630 950 628 950 627 950 607 960 606 960 592 948 591 948 589 948 588 948 587 948 567 958 567 960 490 960 488 958 479 950 479 948 477 948 476 948 474 948 393 957 393 1002"/></Shape>
	    <String CONTENT="nelle; mais de l esperit ⁊ de lame."
                    HPOS="391"
                    VPOS="948"
                    WIDTH="628"
                    HEIGHT="72"></String>
          </TextLine>

          
          
          <TextLine ID="eSc_line_47689259"
                    
                    BASELINE="396 1061 1021 1061" 
                    HPOS="396"
                    VPOS="1013"
                    WIDTH="625"
                    HEIGHT="63">
            <Shape><Polygon POINTS="396 1061 396 1067 501 1076 502 1076 540 1069 606 1076 607 1076 956 1069 983 1076 984 1076 985 1076 1021 1067 1021 1061 1021 1015 396 1013 396 1061"/></Shape>
	    <String CONTENT="Car si nostre Roy Iesus a este"
                    HPOS="396"
                    VPOS="1013"
                    WIDTH="625"
                    HEIGHT="63"></String>
          </TextLine>

          
          
          <TextLine ID="eSc_line_40e22d23"
                    
                    BASELINE="404 1119 1024 1117" 
                    HPOS="403"
                    VPOS="1063"
                    WIDTH="621"
                    HEIGHT="75">
            <Shape><Polygon POINTS="483 1065 492 1073 494 1074 499 1073 530 1065 534 1065 556 1072 573 1077 592 1072 603 1067 606 1067 623 1070 648 1076 670 1065 671 1065 711 1063 714 1063 729 1069 750 1077 805 1077 825 1066 832 1063 836 1063 846 1066 877 1077 978 1077 995 1063 1021 1063 1024 1117 1023 1132 787 1137 783 1137 783 1135 779 1132 776 1128 696 1128 686 1131 671 1137 667 1137 652 1131 641 1127 636 1131 630 1137 630 1138 625 1138 515 1131 479 1128 455 1130 404 1135 403 1065"/></Shape>
	    <String CONTENT="subiect, ⁊ a paye a C esar ce qu il"
                    HPOS="403"
                    VPOS="1063"
                    WIDTH="621"
                    HEIGHT="75"></String>
          </TextLine>

          
          
          <TextLine ID="eSc_line_c7d3769c"
                    
                    BASELINE="394 1173 1024 1173" 
                    HPOS="394"
                    VPOS="1124"
                    WIDTH="630"
                    HEIGHT="60">
            <Shape><Polygon POINTS="394 1184 1024 1184 1024 1173 1024 1132 988 1124 987 1124 985 1124 933 1131 887 1124 886 1124 884 1124 883 1124 875 1131 873 1132 866 1131 834 1124 833 1124 765 1126 764 1126 762 1126 758 1130 754 1132 742 1130 715 1124 714 1124 681 1128 653 1134 588 1134 578 1127 574 1124 573 1124 571 1124 570 1124 569 1124 567 1124 563 1127 555 1132 540 1127 531 1124 530 1124 528 1124 527 1124 526 1124 522 1127 512 1132 479 1126 472 1126 470 1126 463 1126 422 1132 396 1126 394 1173 394 1184"/></Shape>
	    <String CONTENT="receuoit des aultres, semblable-"
                    HPOS="394"
                    VPOS="1124"
                    WIDTH="630"
                    HEIGHT="60"></String>
          </TextLine>

          
          
          <TextLine ID="eSc_line_e4f6c801"
                    
                    BASELINE="394 1229 1021 1232" 
                    HPOS="393"
                    VPOS="1179"
                    WIDTH="628"
                    HEIGHT="68">
            <Shape><Polygon POINTS="397 1199 394 1229 393 1238 426 1246 427 1246 688 1240 706 1247 707 1247 708 1247 1020 1240 1021 1232 1019 1186 772 1188 757 1186 707 1179 706 1179 704 1179 703 1179 692 1186 690 1188 605 1188 605 1186 598 1181 598 1179 596 1179 595 1179 506 1179 505 1179 504 1179 488 1186 488 1188 401 1188 397 1199"/></Shape>
	    <String CONTENT="ment doibuent faire tous urays"
                    HPOS="393"
                    VPOS="1179"
                    WIDTH="628"
                    HEIGHT="68"></String>
          </TextLine>

          
          
          <TextLine ID="eSc_line_87624b73"
                    
                    BASELINE="396 1289 1024 1289" 
                    HPOS="396"
                    VPOS="1235"
                    WIDTH="628"
                    HEIGHT="79">
            <Shape><Polygon POINTS="396 1289 396 1308 663 1314 664 1314 666 1314 681 1307 686 1304 692 1307 711 1314 713 1314 714 1314 715 1314 717 1314 728 1305 732 1304 762 1304 771 1305 805 1314 807 1314 808 1314 810 1314 823 1305 826 1304 918 1304 920 1304 948 1312 949 1312 951 1312 1024 1303 1024 1289 1024 1235 994 1235 992 1235 991 1235 990 1235 990 1236 980 1245 952 1236 948 1235 947 1235 945 1235 944 1235 940 1236 922 1243 887 1239 886 1239 884 1239 858 1250 786 1250 778 1242 778 1240 776 1240 775 1240 774 1240 772 1240 771 1240 760 1247 749 1242 736 1235 735 1235 675 1235 674 1235 672 1235 671 1235 660 1243 652 1249 641 1243 628 1239 627 1239 625 1239 588 1245 566 1249 551 1246 498 1235 497 1235 495 1235 461 1247 426 1235 425 1235 423 1235 422 1235 396 1247 396 1289"/></Shape>
	    <String CONTENT="chrestiens et fideles. Et ainsi"
                    HPOS="396"
                    VPOS="1235"
                    WIDTH="628"
                    HEIGHT="79"></String>
          </TextLine>

          
        </TextBlock>
        
        <TextBlock HPOS="243"
                   VPOS="573"
                   WIDTH="148"
                   HEIGHT="52"
                   ID="eSc_textblock_861aff12"
                   TAGREFS="BT1029">
          <Shape><Polygon POINTS="243 573 243 625 391 625 391 573"/></Shape>
          
          
          <TextLine ID="eSc_line_2d03f90e"
                    TAGREFS="LT386"
                    BASELINE="253 616 391 607" 
                    HPOS="253"
                    VPOS="553"
                    WIDTH="139"
                    HEIGHT="72">
            <Shape><Polygon POINTS="376 564 376 557 384 553 388 553 392 612 391 612 373 623 372 625 253 625 253 616 260 578 265 574 279 572 293 571 307 569 355 569 358 568 362 564"/></Shape>
	    <String CONTENT="Sie.s.s"
                    HPOS="253"
                    VPOS="553"
                    WIDTH="139"
                    HEIGHT="72"></String>
          </TextLine>

          
        </TextBlock>
        
        <TextBlock HPOS="245"
                   VPOS="719"
                   WIDTH="146"
                   HEIGHT="248"
                   ID="eSc_textblock_1cbf97e8"
                   TAGREFS="BT1029">
          <Shape><Polygon POINTS="245 719 245 967 391 967 391 719"/></Shape>
          
          
          <TextLine ID="eSc_line_2e3ba4e9"
                    TAGREFS="LT386"
                    BASELINE="252 769 377 770" 
                    HPOS="250"
                    VPOS="723"
                    WIDTH="127"
                    HEIGHT="64">
            <Shape><Polygon POINTS="252 769 252 723 377 726 377 787 376 787 344 778 250 784"/></Shape>
	    <String CONTENT="Dani."
                    HPOS="250"
                    VPOS="723"
                    WIDTH="127"
                    HEIGHT="64"></String>
          </TextLine>

          
          
          <TextLine ID="eSc_line_9d481864"
                    TAGREFS="LT386"
                    BASELINE="253 810 364 817" 
                    HPOS="252"
                    VPOS="776"
                    WIDTH="112"
                    HEIGHT="45">
            <Shape><Polygon POINTS="253 810 252 816 361 821 364 817 364 776 253 776 253 810"/></Shape>
	    <String CONTENT="e. t.s."
                    HPOS="252"
                    VPOS="776"
                    WIDTH="112"
                    HEIGHT="45"></String>
          </TextLine>

          
          
          <TextLine ID="eSc_line_12659aea"
                    
                    BASELINE="253 856 389 853" 
                    HPOS="252"
                    VPOS="813"
                    WIDTH="137"
                    HEIGHT="48">
            <Shape><Polygon POINTS="348 817 346 816 252 813 253 856 253 861 389 861 389 853 386 818 351 817 348 817"/></Shape>
	    <String CONTENT="Cit.i. a."
                    HPOS="252"
                    VPOS="813"
                    WIDTH="137"
                    HEIGHT="48"></String>
          </TextLine>

          
          
          <TextLine ID="eSc_line_71186562"
                    
                    BASELINE="253 895 393 891" 
                    HPOS="252"
                    VPOS="852"
                    WIDTH="141"
                    HEIGHT="48">
            <Shape><Polygon POINTS="376 854 376 852 392 852 393 898 253 900 253 895 252 856 307 856 321 854"/></Shape>
	    <String CONTENT="⁊ e.2. C"
                    HPOS="252"
                    VPOS="852"
                    WIDTH="141"
                    HEIGHT="48"></String>
          </TextLine>

          
          
          <TextLine ID="eSc_line_0a9e81b9"
                    
                    BASELINE="256 937 393 939" 
                    HPOS="254"
                    VPOS="895"
                    WIDTH="139"
                    HEIGHT="65">
            <Shape><Polygon POINTS="256 935 267 900 354 895 355 895 393 898 393 960 391 960 355 948 351 947 254 946 256 937"/></Shape>
	    <String CONTENT="Gal.⁊. c"
                    HPOS="254"
                    VPOS="895"
                    WIDTH="139"
                    HEIGHT="65"></String>
          </TextLine>

          
        </TextBlock>
        
        <TextBlock HPOS="252"
                   VPOS="1080"
                   WIDTH="141"
                   HEIGHT="55"
                   ID="eSc_textblock_bcebae35"
                   TAGREFS="BT1029">
          <Shape><Polygon POINTS="252 1080 252 1135 393 1135 393 1080"/></Shape>
          
          
          <TextLine ID="eSc_line_a60fe73c"
                    
                    BASELINE="254 1120 395 1119" 
                    HPOS="254"
                    VPOS="1066"
                    WIDTH="141"
                    HEIGHT="72">
            <Shape><Polygon POINTS="350 1069 353 1067 361 1076 364 1079 380 1079 383 1076 395 1066 395 1136 373 1138 371 1138 339 1130 332 1128 254 1128 254 1120 257 1088 267 1079 317 1079 318 1077 330 1070 336 1070"/></Shape>
	    <String CONTENT="mat..d"
                    HPOS="254"
                    VPOS="1066"
                    WIDTH="141"
                    HEIGHT="72"></String>
          </TextLine>

          
        </TextBlock>
        
        <TextBlock HPOS="896"
                   VPOS="1301"
                   WIDTH="130"
                   HEIGHT="55"
                   ID="eSc_textblock_4108a792"
                   TAGREFS="BT1033">
          <Shape><Polygon POINTS="896 1301 896 1356 1026 1356 1026 1301"/></Shape>
          
          
          <TextLine ID="eSc_line_bd358bc0"
                    TAGREFS="LT386"
                    BASELINE="906 1347 1023 1344" 
                    HPOS="904"
                    VPOS="1298"
                    WIDTH="119"
                    HEIGHT="65">
            <Shape><Polygon POINTS="906 1347 906 1359 1020 1363 1023 1344 1020 1298 904 1298 906 1347"/></Shape>
	    <String CONTENT="doibt"
                    HPOS="904"
                    VPOS="1298"
                    WIDTH="119"
                    HEIGHT="65"></String>
          </TextLine>

          
        </TextBlock>
        

        
      </PrintSpace>
    </Page>
  </Layout>
</alto>
