1080 1660
261 132 249 74 de prescher.

70 199 636 66 doibt enseigner tout prescheur

70 253 634 80 de uerite, admõnestãt aussi, sil est

69 311 635 76 en lieules princes, ayãs la puis-

73 367 637 81 sãce, de faire leur debuoir, ⁊ trai-

69 428 635 72 cter les subiectz comme leurs fre

70 482 636 81 res ⁊ enfans, sachãs que dieu est

72 542 630 72 sur tous les princes, ⁊ qu il iuge-

72 598 630 72 ra tous ainsi qͥlz aurõt deseruy.

72 657 632 67 Sẽblablemẽt admõnestant tous

70 713 633 68 de garder les sainctz cõmande-

70 771 634 72 mẽs de dieu, priant nostre seigñr

72 827 634 72 qu il donne la grace de les obser-

70 885 636 73 uer, il propose la loy de dieu ⁊ les

72 944 635 72 sainctz cõmandemẽs cõment ilz

72 1004 628 68 sont escriptz en Exode au. .xx.

70 1061 634 71 chap̃. ⁊ mis la sus au baptesme.

72 1120 634 64 Et apres il incite tous a deman-

70 1173 634 76 der mercy a dieu en cõfessãt leurs

73 1231 634 85 pechez, cõment il est cõtenu en la

708 312 139 54 Teu.r.

711 388 136 54 Mie. ⁊⁊. a

712 435 132 58 epb.s. a.

697 482 18 58 .

578 1292 129 76 sorme
