1080 1660
474 132 466 79 La maniere de p̃scher.

391 199 636 72 sorme de la cene; ⁊ ainsi disant lo

389 260 639 74 raison de nostre seigñr exhorte

390 316 638 72 de demãder grace a nostre seigñr

390 376 633 74 destre ferme en la foy laq̃lle tous

391 431 585 76 cõfessent, disans le Symbole.

473 493 501 65 Ie croy en dieu le pere lt.

451 551 573 68 Et ainsi recõmandant tous-

396 608 630 73 faisant prier pour tous ignorãs,

387 672 637 63 que dieu de sa grace les inspire-

389 724 637 72 ⁊ mayne a la cõgnoissance de ue-

389 781 635 68 rite, qu il donne a tous qui ont le

389 836 634 74 glaiue, grace ⁊ pouuoir de le sain

387 899 634 59 ctemẽt exercer, qu il console tous

386 951 637 75 desolez; ⁊ sur tout qu il ayde ⁊ for-

384 1011 639 72 tifie ceulx qui souffrent pour l a

386 1066 634 75 foy de nostre seigñr Iesus poͬ son

384 1127 637 66 sainct euq̃gile, que dieu de sa gra

384 1184 635 72 ce les face perseucrer en la confes

384 1242 635 80 sion de son nom; ⁊ que pour rien

246 620 142 61 i. fim.⁊. a

242 1056 133 78 cl.ir.b

897 1307 122 77 ilz ne
