1080 1660
535 132 338 75 De la uisitation

389 200 637 76 dement dure/ quant en ses tor¬

389 261 631 72 mens ou tous crioyẽt cõtre luy/

389 318 635 72 comme chiens enragez/ luy di¬

390 372 633 77 sans grosses iniures/ faisãs du

390 434 633 76 pis quilz pouuoyent/ contrainct

391 491 567 72 par les durs tormens cryoit/

402 547 617 72 Mon dieu/ Mon dieu pourquoy

387 604 637 73 mas tu delaisse: mais sentant

387 658 637 76 lheure de la passion estre prochai¬

397 716 626 82 ne/ estoit triste iusques a la mort:

389 778 632 72 ⁊ en priant le pere q̃ la mort pas¬

389 836 631 74 sast/ il sua sang ⁊ eaue de destresse

387 892 636 72 ⁊ angoisse. Quõ regarde en quel

386 953 634 69 lit ce saĩct corps de Iesus estoit/

390 1005 630 71 Nestoit il point pendu en une du

389 1069 631 69 re croixr? La saincte teste/ q̃l che¬

386 1123 634 72 uet elle auoit poͬ reposer? il ny a

387 1178 633 72 que despines dequoy elle est corõ

387 1235 632 83 nee/ les bras/ maĩs/ iãbes ⁊ piedz/

859 1296 160 67 cõment

246 558 154 61 mat.27.e

243 719 154 51 mat.26d

247 763 149 68 Luc.22.d
