1080 1660
544 138 333 72 De la uisitation

380 200 633 80 tendre graces a dieu, de ce qͥl luy

378 261 638 76 a pleu de liurer ce bon sauueur a

382 323 634 68 la mort pour nous, luy demãdãt

382 377 631 72 misericorde, ⁊ grace au nom de ce

396 431 621 79 bon esus; ⁊ auoir parfaicte ꝯftã

382 491 635 73 ce ⁊ asseurance, q̃ nostre pere de sa

384 547 633 74 bõte luy pardonne; car il est tout

383 601 634 80 plain de toute benignite, tardif a

394 658 623 80 ire, prõpt a misericorde, soy recõ-

396 717 623 77 mandãt ⁊ cõmettãt du tout en la

384 771 635 79 main du seigñr, qui selon sa bõne

386 830 631 77 uolunte, face son bon plaisir du

387 889 630 75 corps ⁊ de lame. Et aussi admon-

396 942 621 81 nestant le malade, qu il sace a son

390 1002 624 77 ꝓchain, cõme il uouldroit quõ luy

391 1055 626 80 fist, sãs auoir tort de persõne. Re-

398 1114 619 78 gardant aussi de donner tel ordre

391 1171 623 78 aux siens, qͥl les laisse en paix, ⁊

393 1228 624 87 qͥlz n ayent point de plait ⁊ debat

246 440 133 63 Gioã.ii. a

245 671 147 66 exo. it. a

249 724 142 67 Psal.io.

249 958 139 65 mat.. O

253 1123 133 72 gen. ⁊ s. a

893 1294 123 76 apres
