1080 1660
254 199 141 70 Aci.. b.

254 253 141 62 Pbil... b

522 121 350 69 De la. uisitation

406 178 618 87 doibt esperer salut en esuchrist-

405 243 618 79 ⁊ nõ en aultre, ne par aultre choz

401 300 618 79 se, ⁊ qͥl demãde mercy a dieu soy

400 359 621 75 recongnoissant poure pecheur,. ⁊

401 415 595 80 coulpable de la mort eternelle.

470 470 554 80 Sil a peur du iugement da

400 527 626 78 dieu, de lire. ⁊ fureur diceluy, luy

402 587 622 77 fault annõcer les saĩctes ꝓmest

405 643 625 79 ses q̃ nostre seigñr a faict a tous

396 699 636 82 ceulx qͥ uiẽnẽt a luy ⁊ linuocquẽt

406 760 628 72 de cueur; ⁊ cõme par nr̃e sauueur

400 813 634 86 Giesus, le pers nous promet pardõ

412 871 623 79 en luy demandant. Et en ca doibt

408 928 626 79 fidelemẽt trauailler le uray euan

407 989 628 73 gelisateur pour attirer, ⁊ amener

405 1044 627 76 le poure malade a nostre soigñr-

405 1098 633 73 admõnestãt les domesticques qui

405 1150 632 78 sont au pres du malade de le cõso-

408 1210 627 83 ler ⁊ axhorter en nostre seigneur.

254 680 139 55 mat.ii.d

260 730 105 46 L.

257 771 145 50 i timo. i.

260 810 70 44 CD.

258 832 145 71 Rous. C.

261 886 143 68 uoioie. s

894 1271 145 81 Et si le
