1080 1660
245 127 288 70 des malades.

62 188 630 80 Et si le ministre a q̃lque chose de

63 244 630 83 quoy il le puisse cõsoler aussi cor-

65 304 630 81 porellemẽt, cõe de pain, uin, cõfi-

66 359 627 80 tures, ou aultre chose, il n espar-

67 419 625 79 gnera rien, monstrãt a tous uray

67 471 628 82 exẽple de charite, uisitant souuẽ-

67 529 630 82 tesfoys le malade pour le cõsoler

69 583 628 90 s fortifier tant q̃ sera possible par

69 646 628 80 la parolle de nostre seigneur; ⁊ de

72 705 624 80 tout ce. qu il pourra, aydãt au po-

72 760 332 75 ure corps afflige.

81 816 622 81 ¶Apres le deces, par sainctes

74 877 619 74 ephortations fault dõner coura

77 930 633 79 ge auꝑ suruiuãs de louer dieu, et

80 982 627 87 soy conformer a sa saincte uolun

77 1051 630 72 ter ⁊ au lieu que parauant a la po-

77 1099 633 80 ure uefue desolee, qui auoit perdu

83 1152 625 84 son mary, on luy faisoit despẽdre

78 1215 632 88 tout plain dargent pour chãter, ⁊

710 828 113 63 Tbes

712 882 85 61 n.e.d.

396 1272 108 76 Fi
