1080 1660
538 110 344 72 De la uisitation

408 174 626 77 manger ce pendant quelle plou¬

405 237 625 72 roit et ieusnoit/ ⁊ aussi aux orphe

405 293 626 74 lins: affin quon nadiouste point

402 348 628 69 dommaige sur dommaige/ ayãt

402 408 626 65 pitie deulx leur fault ayder de cõ

402 463 625 68 seil ⁊ de biẽs/ ainsi que nostre sei¬

401 521 625 73 gneur en donne le pouuoir. Ta¬

400 576 624 76 chãt que les enfans soyent bien

397 630 624 69 instruictz en la doctrine de dieu/

398 691 626 75 affin quilz uiuẽt chrestiennemẽt

398 749 626 68 suyuans les commandemens de

397 805 624 65 dieu/ trauaillans pour leur uie

397 861 465 71 comme dieu la ordonne.

452 918 569 75 ¶ Le pere de toute misericor¬

393 975 628 70 de ameine tous a la parfaicte cõ¬

394 1031 625 68 gnoissance de uerite/ donnant a

391 1090 625 72 tous ung mesme cueur ⁊ esperit/

391 1145 622 73 faisant q̃ ung chascũ serue a luy

389 1203 628 116 seul en esperit ⁊ uerite/ laymant

945 1264 69 75 sur
