1085 1619
367 140 612 63 oster largẽt en le tirant des abusez:

367 186 616 60 mais non pas les pechez: ains les

367 232 618 63 aggrauẽt ⁊ augmentẽt/ pour ce que

368 277 617 64 on croit par le Pape ⁊ par argent

369 323 614 58 auoir le don de Dieu/ remissiõ des

369 369 613 65 pechez. Ainsi est de labsolution q̃

368 416 617 57 le prebstre baille en barbottant/ et

368 464 618 62 mettant la main sur la teste. Cest

368 508 621 62 resuerie cuider que par la creance et

369 550 621 67 estimation quon a croyãt a ceste pa

371 601 616 58 rolle: ie te absoulz/ dicte par le preb¬

373 646 617 66 stre/ quõ ayt remissiõ. Ou est lescri

373 692 614 63 pture que croyant ce/ on ayt remis¬

376 739 466 66 sion? Ou est la promesse?

421 778 573 63 Mais quand on annonce a tous

377 829 612 60 cõment le pere a eu si grande chari¬

376 875 618 59 te ⁊ amour au monde quil a donne

377 922 614 66 sõ seul ⁊ tres ayme filz pour sauuer

377 966 617 59 le monde: lequel a espandu son pre

380 1014 615 59 cieux sãg pour la remission de noz

381 1059 616 62 pechez/ ⁊ pour nous purger de tou¬

377 1104 624 64 tes noz faultes. Et qͥl est laigneau

385 1149 616 65 de Dieu qͥ a porte les pechez du mõ

387 1196 612 97 de. Urayement en croyant cecy par

881 1246 121 65 uraye

228 372 99 46 Actes

232 411 66 50 uii.

232 825 140 82 Iehã.iii.

244 1114 119 73 Iehã.i.
