1085 1619
358 470 162 178 S

361 138 617 60 tres choses cõtrouuees/ dequoy nya

363 182 609 63 promesse quelcõque en lescripture/

364 228 610 56 cest renoncer ⁊ faire renõcer Iesu¬

363 272 609 62 christ. Car il ny a autre chose soubz

360 318 612 70 le ciel en quoy on puisse estre sau¬

361 365 482 59 ue/ sinon au nom de Iesus.

388 410 566 63 ¶ De satisfaction Cha.xxxi.

514 457 454 55 Atisfaction poͬ les pechez

512 504 465 61 cõme par chose que lhõme

515 547 459 66 puisse faire/ est p̃sumptiõ

516 596 458 59 tresgrande ⁊ tresfolle/ plei

354 640 617 61 ne dorgueil/ entreprenãt sus Dieu

357 688 614 58 ⁊ sa saincte parolle/ entant q̃ cendre

357 733 610 60 ⁊ pouldre p̃sume ⁊ se enorgueillist/

354 781 617 56 de ce q̃lle na ⁊ ne peult auoir/ cest de

353 822 615 61 satisfaire a linfinie iustice de Dieu.

356 870 612 54 En quoy elle reiccte la uertu et effi

352 918 615 58 cace de la mort ⁊ passiõ de Iesus/ ⁊

353 963 614 62 leffusion de son precieux sang/ com

354 1009 612 59 me insuffisante pour appaiser ⁊ cõ

352 1055 612 54 tenter nostre pere/ ⁊ destourner son

353 1099 615 61 ire. Et cõme si Iesus nauoit point

352 1145 615 61 porte noz pechez en la croix portãt

350 1191 617 92 noz peines ⁊ langueurs: mais quil

819 1235 144 70 faulsist

209 1171 104 44 Esaie

206 1212 66 56 liii.
