1085 1619
72 129 616 70 tant nest ordõne lexcommuniemẽt

75 183 613 66 affin que on haysse celuy qui est ex-

76 232 620 54 cõmunie: mais quon layme ⁊ corri

79 272 613 72 ge cõme frere/ desirantz son salut/

80 321 617 66 pour lequel tous ceulx qui ne pren

79 366 615 64 nẽt le pain de action de graces auec

79 411 617 65 luy/ doiuent prier Dieu. Cest une

79 460 617 62 correction amyable pleine de cha-

78 505 618 81 rite poͬ tirer les paoures pecheurs

82 557 283 58 de leurs pechez.

130 581 570 80 Touchant la facon des excõmu

80 643 616 65 niementz du Pape ⁊ des euesques/

82 690 615 58 aussi pres est elle de lexcommunie-

83 735 617 65 mẽt euãgelique/ cõme ilz sont pres

85 781 614 63 de Dieu/ ⁊ leͬ doctrine de la doctri-

83 827 616 64 ne de Dieu ⁊ leur uie de la uie des

85 874 615 58 apostres. Et sus tout monstrent

82 920 619 66 ilz bien leur asnerie/ quand ilz excõ

83 966 620 60 muniẽt en general celuy qui a faict

87 1010 594 66 quelque chose/ leq̃l on ne cõgnoist.

87 1056 618 63 Cõment puis ie fuyr ung tel en la

89 1103 616 64 table de nostre Seigneur leq̃l ie ne

91 1150 609 65 cõgnoy/ ne toi aussi Pape ou eues-

90 1195 617 89 que/ puis q̃ tu ne le peulx nõmer?

448 1249 261 59 G .iiii. Car

693 133 136 59 ii.Thes-

700 182 115 67 salo.iii.
