1085 1619
380 145 613 58 Car par lexcõmuniemẽt il est deffẽ

380 191 611 57 du aux fideles de ne prẽdre le pain

379 242 612 52 de nostre Seigneur auec lexcõmu-

376 280 613 61 nie. Nostre Seigͬ a dit ainsi: Si tõ

376 330 617 61 frere a peche cõtre toy corrige le en-

376 373 615 61 tre toy et luy seul. Sil te escou-

373 420 616 56 te/ tu as gaigne ton frere. Mais

375 470 614 56 sil ne te escoute/ prẽs deux ou troys

371 514 619 62 auec toy: affin que en la bouche

369 562 620 53 de deux ou de troys soit toute pa-

368 607 621 58 rolle. Et sil ne escoute iceulx/ dis

367 651 619 60 le a lassemblee/ a toute la parroisse/

371 694 616 57 ⁊ sil ne loyt il te soit cõme ung infi

367 739 616 62 dele ⁊ publicain. La nostre Sei-

367 791 618 52 gneur cõmãde/ q̃ le frere que nous

364 837 619 53 scaurons auoir failly nous ladmõ

363 879 623 54 nestons secretemẽt/ ⁊ sil prẽt nostre

363 925 622 59 admonition il est gaigne a nostre

364 972 618 58 Seigneur. Autremẽt/ pour mieulx

363 1019 618 58 le tirer a Dieu deuons prẽdre deux

364 1067 618 54 ou troys bõs personnages: lesquelz

365 1114 617 51 benignement le corrigent ⁊ admõ-

364 1157 621 59 nestẽt de sa faulte. Et sil ne se ueult

364 1202 615 72 amãder: alors tous ceulx de la par

875 1247 103 71 roisse

244 272 131 70 Matth.

240 330 97 74 xuiii.
