1085 1619
64 145 620 62 roisse pour lhõneur de Dieu le doi-

66 194 615 59 uent prier ⁊ admõnester de soy re-

66 240 612 54 tourner ⁊ laisser son peche. Et si

66 287 611 61 po tout cecy il ne ueult rien faire-

64 333 616 52 alors on ne doit cõuerser auec luy-

66 377 618 60 sinon cõme auec ung infidele: auee

63 423 618 61 lequel tu ne uouldroys point uenir

64 469 617 57 a la table de nostre Seig/ ne aussi

64 516 617 58 cõuerser auec luy approuuãt sa uie

63 563 619 60 ne sa foy. Mais en toute autre sorte

62 608 622 55 beuuant ⁊ mangeãt auec luy/ pour

62 652 622 63 le gaigner ⁊ retirer. Ainsi fault con

63 705 617 55 uerser auec lexcommumie en toute

66 747 149 57 charite.

106 790 574 61 De cecy ne gardent rien les pa-

62 837 619 58 paulx ⁊ toute l eglise du Pape. Et

62 885 616 56 pourtãt le excõmuniemẽt est au-

60 929 614 58 tant a craindre cõme une fucille qͥ

60 975 620 57 tumbe de larbre. Et ce q̃ on la craĩt

60 1024 622 59 a este pour accõplir ce qui a este pre

63 1068 618 55 dict. Le tombemẽt ⁊ mouuemẽt de

63 1111 618 64 la fucille te espouuẽtera cõe le glai

64 1157 616 57 ue/ ⁊ tu fuyras deuãt luy cõe deuãt

63 1204 618 95 lespee. Ainsi a lon craint le mouue-

573 1257 107 65 ment
