<?xml version="1.0" encoding="UTF-8"?>
<alto xmlns:xsi="http://www.w3.org/2001/XMLSchema-instance"
      xmlns="http://www.loc.gov/standards/alto/ns-v4#"
      xsi:schemaLocation="http://www.loc.gov/standards/alto/ns-v4# http://www.loc.gov/standards/alto/v4/alto-4-2.xsd">
  <Description>
    <MeasurementUnit>pixel</MeasurementUnit>
    <sourceImageInformation>
      <fileName>110_62bea_default.jpg</fileName>
      <fileIdentifier>https://www.e-rara.ch/gep_g/i3f/v20/1954169/full/full/0/default.jpg</fileIdentifier>
    </sourceImageInformation>
  </Description>
  
  <Tags>
    <OtherTag ID="BT766" LABEL="DropCapitalZone" DESCRIPTION="block type DropCapitalZone"/><OtherTag ID="BT767" LABEL="MainZone" DESCRIPTION="block type MainZone"/><OtherTag ID="BT768" LABEL="MarginTextZone" DESCRIPTION="block type MarginTextZone"/><OtherTag ID="BT769" LABEL="NumberingZone" DESCRIPTION="block type NumberingZone"/><OtherTag ID="BT771" LABEL="RunningTitleZone" DESCRIPTION="block type RunningTitleZone"/><OtherTag ID="BT772" LABEL="StampZone" DESCRIPTION="block type StampZone"/><OtherTag ID="BT773" LABEL="TableZone" DESCRIPTION="block type TableZone"/><OtherTag ID="BT996" LABEL="TitlePageZone" DESCRIPTION="block type TitlePageZone"/><OtherTag ID="BT999" LABEL="GraphicZone" DESCRIPTION="block type GraphicZone"/><OtherTag ID="BT1359" LABEL="QuireMarksZone" DESCRIPTION="block type QuireMarksZone"/>
    <OtherTag ID="LT265" LABEL="HeadingLine" DESCRIPTION="line type HeadingLine"/><OtherTag ID="LT266" LABEL="DefaultLine" DESCRIPTION="line type DefaultLine"/><OtherTag ID="LT267" LABEL="DropCapitalLine" DESCRIPTION="line type DropCapitalLine"/>
  </Tags>
  
  <Layout>
    <Page WIDTH="1085"
          HEIGHT="1619"
          PHYSICAL_IMG_NR="110"
          ID="eSc_dummypage_">
      <PrintSpace HPOS="0"
                  VPOS="0"
                  WIDTH="1085"
                  HEIGHT="1619">
        
        <TextBlock HPOS="54"
                   VPOS="143"
                   WIDTH="650"
                   HEIGHT="1133"
                   ID="eSc_textblock_e0ffc998"
                   TAGREFS="BT767">
          <Shape><Polygon POINTS="54 146 66 1276 704 1265 683 143"/></Shape>
          
          
          <TextLine ID="eSc_line_e0be2f71"
                    TAGREFS="LT266"
                    BASELINE="64 195 681 194" 
                    HPOS="62"
                    VPOS="129"
                    WIDTH="618"
                    HEIGHT="69">
            <Shape><Polygon POINTS="63 194 63 198 678 198 680 192 677 141 576 141 572 140 529 129 527 129 526 129 503 138 500 141 470 141 468 138 456 129 454 129 453 129 452 129 450 129 418 138 412 140 407 138 381 129 380 129 379 129 337 130 336 130 334 130 334 132 327 137 327 138 326 137 306 129 304 129 303 129 263 136 222 129 221 129 219 129 218 129 218 130 211 137 207 140 197 136 171 129 170 129 168 129 122 136 94 140 62 136 63 194"/></Shape>
	    <String CONTENT="les inuẽtions pour seduire le peu-"
                    HPOS="62"
                    VPOS="129"
                    WIDTH="618"
                    HEIGHT="69"></String>
          </TextLine>

          
          
          <TextLine ID="eSc_line_4049a413"
                    TAGREFS="LT266"
                    BASELINE="67 244 658 237 683 238" 
                    HPOS="64"
                    VPOS="186"
                    WIDTH="618"
                    HEIGHT="68">
            <Shape><Polygon POINTS="672 194 658 194 645 194 631 194 618 194 604 194 591 194 577 194 564 194 550 194 537 194 533 194 523 194 510 194 496 194 483 194 469 194 456 194 442 194 429 194 421 194 419 195 373 194 361 194 348 194 334 194 321 194 307 194 294 194 280 194 267 194 253 194 240 194 226 194 213 194 199 194 194 194 182 198 93 194 91 194 78 194 64 194 66 242 67 254 98 246 155 253 159 253 160 253 161 253 163 253 184 245 309 250 327 250 329 250 330 250 331 250 340 244 681 244 682 237 678 186 672 187 672 194"/></Shape>
	    <String CONTENT="ple/ pour une piece de pain/ promet"
                    HPOS="64"
                    VPOS="186"
                    WIDTH="618"
                    HEIGHT="68"></String>
          </TextLine>

          
          
          <TextLine ID="eSc_line_250bcece"
                    TAGREFS="LT266"
                    BASELINE="67 287 684 283" 
                    HPOS="66"
                    VPOS="238"
                    WIDTH="618"
                    HEIGHT="54">
            <Shape><Polygon POINTS="605 238 592 238 578 238 565 238 560 238 554 244 511 244 493 240 484 240 470 240 457 240 452 240 445 242 429 240 416 241 403 241 390 241 376 241 375 241 368 244 363 241 349 241 336 241 325 241 318 244 307 241 295 242 282 242 268 242 255 242 241 242 228 242 214 242 201 242 187 242 176 242 175 245 164 244 160 244 147 244 133 244 120 244 106 244 93 244 79 244 76 244 66 246 67 287 67 292 684 292 684 283 681 244 616 238 605 238"/></Shape>
	    <String CONTENT="tantz uie a ceulx qui sõt mortz par"
                    HPOS="66"
                    VPOS="238"
                    WIDTH="618"
                    HEIGHT="54"></String>
          </TextLine>

          
          
          <TextLine ID="eSc_line_720c7d42"
                    TAGREFS="LT266"
                    BASELINE="70 334 685 330" 
                    HPOS="68"
                    VPOS="284"
                    WIDTH="617"
                    HEIGHT="58">
            <Shape><Polygon POINTS="649 284 639 284 638 286 632 292 577 292 569 287 565 284 554 284 541 284 527 284 526 284 507 287 499 288 492 288 476 284 473 286 460 286 450 286 448 288 446 290 443 288 439 286 433 286 426 286 423 288 421 292 388 292 381 290 373 286 365 286 356 286 352 290 349 292 336 290 311 286 311 286 298 286 284 286 271 287 257 287 251 288 230 287 230 287 217 287 203 287 190 287 176 287 163 287 160 287 157 290 149 287 149 287 136 287 122 287 120 287 102 292 95 287 95 287 82 287 78 287 68 291 70 334 70 342 685 338 685 330 680 286 661 291 655 286 653 284 649 284"/></Shape>
	    <String CONTENT="peche/ iugeantz a mort ceulx qͥ ont"
                    HPOS="68"
                    VPOS="284"
                    WIDTH="617"
                    HEIGHT="58"></String>
          </TextLine>

          
          
          <TextLine ID="eSc_line_0ece7272"
                    TAGREFS="LT266"
                    BASELINE="74 380 273 377" 
                    HPOS="72"
                    VPOS="334"
                    WIDTH="201"
                    HEIGHT="61">
            <Shape><Polygon POINTS="221 334 207 334 194 334 180 334 167 334 153 334 145 334 140 339 134 344 130 339 122 334 113 334 99 334 87 334 72 337 74 380 74 387 167 395 168 395 170 395 171 395 171 393 178 388 240 393 241 393 242 393 273 384 273 377 271 344 232 334 221 334"/></Shape>
	    <String CONTENT="uraye foy."
                    HPOS="72"
                    VPOS="334"
                    WIDTH="201"
                    HEIGHT="61"></String>
          </TextLine>

          
          
          <TextLine ID="eSc_line_8229f0eb"
                    TAGREFS="LT266"
                    BASELINE="121 426 685 420" 
                    HPOS="120"
                    VPOS="369"
                    WIDTH="565"
                    HEIGHT="66">
            <Shape><Polygon POINTS="268 379 255 379 253 379 246 384 215 379 214 379 201 379 194 379 120 385 121 426 121 435 684 430 685 420 682 380 542 369 541 369 443 372 442 372 402 383 399 383 395 383 314 373 313 373 311 373 292 383 268 377 268 379"/></Shape>
	    <String CONTENT="Et sus tout leur doctrine est de"
                    HPOS="120"
                    VPOS="369"
                    WIDTH="565"
                    HEIGHT="66"></String>
          </TextLine>

          
          
          <TextLine ID="eSc_line_dfb8298b"
                    TAGREFS="LT266"
                    BASELINE="71 472 686 469" 
                    HPOS="70"
                    VPOS="422"
                    WIDTH="616"
                    HEIGHT="58">
            <Shape><Polygon POINTS="662 422 661 422 550 429 542 423 529 423 515 423 502 423 488 423 475 423 461 423 448 423 434 423 421 423 407 423 394 424 380 424 367 424 353 424 340 424 333 424 319 426 310 424 299 424 286 424 276 424 271 430 261 424 259 426 245 426 237 426 229 430 141 426 137 426 124 426 122 424 83 423 82 423 80 423 79 423 70 429 71 472 71 477 684 480 686 469 685 430 663 422 662 422"/></Shape>
	    <String CONTENT="dire/ icy est Christ/ cõe silz le tenoiẽt"
                    HPOS="70"
                    VPOS="422"
                    WIDTH="616"
                    HEIGHT="58"></String>
          </TextLine>

          
          
          <TextLine ID="eSc_line_7f48d3b4"
                    TAGREFS="LT266"
                    BASELINE="71 519 684 515" 
                    HPOS="70"
                    VPOS="470"
                    WIDTH="614"
                    HEIGHT="54">
            <Shape><Polygon POINTS="555 470 542 470 539 470 534 476 376 470 367 472 353 472 340 472 326 472 319 472 313 478 288 478 279 472 272 472 261 472 241 478 238 478 232 478 144 472 137 472 124 472 117 472 70 478 71 519 71 522 681 524 684 515 681 477 578 477 557 470 555 470"/></Shape>
	    <String CONTENT="en lers maĩs/ ou il est la en la main"
                    HPOS="70"
                    VPOS="470"
                    WIDTH="614"
                    HEIGHT="54"></String>
          </TextLine>

          
          
          <TextLine ID="eSc_line_da918f9e"
                    TAGREFS="LT266"
                    BASELINE="72 565 689 557" 
                    HPOS="71"
                    VPOS="515"
                    WIDTH="618"
                    HEIGHT="58">
            <Shape><Polygon POINTS="678 516 665 516 651 516 638 516 624 516 611 516 597 516 584 516 570 516 557 516 543 516 533 516 530 516 516 516 503 516 489 516 476 518 462 518 449 518 435 518 422 518 408 518 395 518 381 518 368 518 354 518 341 518 327 518 314 518 300 518 287 518 273 519 260 519 248 519 244 520 241 519 233 519 219 519 206 519 192 519 179 519 165 519 152 519 149 519 138 522 120 519 112 519 98 519 85 519 79 519 71 523 72 565 72 573 688 573 689 557 686 516 678 515 678 516"/></Shape>
	    <String CONTENT="dũg autre/ ou il est au lieu secret fer"
                    HPOS="71"
                    VPOS="515"
                    WIDTH="618"
                    HEIGHT="58"></String>
          </TextLine>

          
          
          <TextLine ID="eSc_line_ecb802f7"
                    TAGREFS="LT266"
                    BASELINE="70 612 689 609" 
                    HPOS="67"
                    VPOS="559"
                    WIDTH="621"
                    HEIGHT="60">
            <Shape><Polygon POINTS="461 559 460 559 427 567 403 559 402 559 400 559 399 559 375 569 357 561 356 561 354 561 353 561 330 569 322 562 322 561 321 561 319 561 310 561 296 561 283 561 269 562 256 562 242 562 229 562 215 562 202 562 188 562 183 562 67 570 68 611 68 619 130 613 685 617 688 608 685 569 638 569 630 561 630 559 628 559 627 559 626 559 569 567 561 561 561 559 560 559 558 559 557 559 519 566 462 559 461 559"/></Shape>
	    <String CONTENT="me dedãs une boitte. Et ueullent"
                    HPOS="67"
                    VPOS="559"
                    WIDTH="621"
                    HEIGHT="60"></String>
          </TextLine>

          
          
          <TextLine ID="eSc_line_5ab9e80b"
                    TAGREFS="LT266"
                    BASELINE="72 658 668 651 689 652" 
                    HPOS="70"
                    VPOS="609"
                    WIDTH="618"
                    HEIGHT="62">
            <Shape><Polygon POINTS="663 609 650 609 636 609 623 609 609 609 596 609 582 609 569 609 560 609 549 612 547 612 545 612 535 609 529 609 515 609 502 609 499 609 492 612 483 609 475 609 461 609 448 609 437 609 418 613 416 613 380 609 367 611 353 611 340 611 326 611 313 611 299 611 286 611 272 611 259 611 245 611 234 611 159 616 151 611 151 611 137 611 124 611 110 611 97 611 83 611 80 611 70 616 71 657 71 663 114 671 116 671 183 662 191 662 199 662 283 670 284 670 327 661 329 661 361 661 380 661 388 667 388 669 390 669 391 669 392 669 394 669 410 661 470 667 472 667 473 667 475 667 487 659 515 667 516 667 518 669 549 669 549 667 550 667 551 667 551 666 553 666 557 661 569 666 570 666 572 667 659 667 659 666 661 666 688 655 688 651 686 611 665 609 663 609"/></Shape>
	    <String CONTENT="cõfermer la ꝑolle par faulx signes"
                    HPOS="70"
                    VPOS="609"
                    WIDTH="618"
                    HEIGHT="62"></String>
          </TextLine>

          
          
          <TextLine ID="eSc_line_d4393c84"
                    TAGREFS="LT266"
                    BASELINE="74 704 607 698 669 697 677 698 686 699" 
                    HPOS="71"
                    VPOS="652"
                    WIDTH="614"
                    HEIGHT="64">
            <Shape><Polygon POINTS="479 652 477 652 476 652 475 652 464 662 448 654 446 654 422 654 408 654 395 654 381 654 373 654 372 654 371 654 369 654 358 663 283 663 268 655 267 655 265 655 260 655 246 655 233 655 219 655 206 655 203 655 202 655 201 655 199 655 199 657 190 665 164 657 163 657 161 657 160 657 159 657 149 666 71 666 72 702 74 716 102 708 195 713 202 713 203 713 211 713 282 706 296 711 304 713 306 713 307 713 337 711 381 705 415 708 457 712 458 712 684 701 685 698 684 661 568 661 554 654 553 654 551 654 514 661 480 652 479 652"/></Shape>
	    <String CONTENT="⁊ miracles par lesquelz plusieurs"
                    HPOS="71"
                    VPOS="652"
                    WIDTH="614"
                    HEIGHT="64"></String>
          </TextLine>

          
          
          <TextLine ID="eSc_line_50749170"
                    TAGREFS="LT266"
                    BASELINE="76 751 643 743 664 745 691 746" 
                    HPOS="74"
                    VPOS="700"
                    WIDTH="616"
                    HEIGHT="63">
            <Shape><Polygon POINTS="423 700 422 700 407 706 384 700 383 700 381 700 380 700 360 708 337 701 336 701 334 701 298 708 282 701 280 701 279 701 277 701 276 701 261 711 190 711 172 702 171 702 170 702 90 704 89 704 74 711 75 750 75 763 121 754 271 759 290 759 291 759 292 759 294 759 294 758 302 751 344 751 353 756 356 759 357 759 358 759 360 759 375 756 403 751 434 755 457 758 458 758 511 754 581 747 600 751 611 754 612 754 614 754 689 748 690 744 689 704 425 700 423 700"/></Shape>
	    <String CONTENT="serõt deceutz/ cercheãtz ca bas celuy"
                    HPOS="74"
                    VPOS="700"
                    WIDTH="616"
                    HEIGHT="63"></String>
          </TextLine>

          
          
          <TextLine ID="eSc_line_c0ccfbe6"
                    TAGREFS="LT266"
                    BASELINE="76 794 694 790" 
                    HPOS="75"
                    VPOS="744"
                    WIDTH="619"
                    HEIGHT="60">
            <Shape><Polygon POINTS="547 746 534 746 520 746 507 746 493 746 485 751 484 752 470 751 430 747 426 747 412 747 399 747 391 747 371 752 369 752 368 752 350 748 345 748 331 748 325 748 319 754 271 754 269 754 264 748 264 750 251 750 237 750 224 750 210 750 197 750 183 750 170 751 156 751 143 751 129 751 125 755 75 755 76 794 76 804 303 797 323 804 325 804 326 804 327 804 346 797 433 804 442 804 443 804 448 804 488 796 692 802 694 790 692 750 554 744 547 746"/></Shape>
	    <String CONTENT="quil fault cercher la sus a la dextre"
                    HPOS="75"
                    VPOS="744"
                    WIDTH="619"
                    HEIGHT="60"></String>
          </TextLine>

          
          
          <TextLine ID="eSc_line_39861dc7"
                    TAGREFS="LT266"
                    BASELINE="78 840 611 835" 
                    HPOS="76"
                    VPOS="791"
                    WIDTH="535"
                    HEIGHT="53">
            <Shape><Polygon POINTS="549 791 535 791 522 791 508 791 495 791 481 793 468 793 454 793 452 793 449 796 448 797 443 796 434 793 427 793 414 793 406 793 388 796 384 796 383 796 380 793 373 793 360 793 358 793 352 796 340 798 326 794 319 793 319 793 306 793 292 793 286 794 269 798 253 794 252 794 238 794 225 794 221 794 206 800 76 794 78 840 78 844 611 841 611 835 608 797 555 791 549 791"/></Shape>
	    <String CONTENT="de Dieu/ non pas sur la terre."
                    HPOS="76"
                    VPOS="791"
                    WIDTH="535"
                    HEIGHT="53"></String>
          </TextLine>

          
          
          <TextLine ID="eSc_line_7d5fff24"
                    TAGREFS="LT266"
                    BASELINE="117 887 694 890" 
                    HPOS="114"
                    VPOS="833"
                    WIDTH="579"
                    HEIGHT="60">
            <Shape><Polygon POINTS="601 835 588 835 587 835 578 840 565 835 561 835 553 835 543 841 491 836 480 835 466 836 453 836 449 836 410 841 342 836 331 837 318 837 304 837 291 837 277 837 264 837 251 837 237 837 224 837 210 837 197 839 183 839 170 839 156 839 143 839 129 839 116 839 116 886 114 893 692 891 693 889 692 835 601 833 601 835"/></Shape>
	    <String CONTENT="Ceulx icy se nourrissẽt eulx mes-"
                    HPOS="114"
                    VPOS="833"
                    WIDTH="579"
                    HEIGHT="60"></String>
          </TextLine>

          
          
          <TextLine ID="eSc_line_6510e2fd"
                    TAGREFS="LT266"
                    BASELINE="78 934 692 933" 
                    HPOS="75"
                    VPOS="882"
                    WIDTH="615"
                    HEIGHT="58">
            <Shape><Polygon POINTS="534 889 520 889 507 889 493 889 480 889 466 889 453 889 433 891 426 889 426 889 412 889 399 887 391 891 384 887 372 887 358 887 345 887 331 887 318 887 306 887 298 893 187 893 182 887 170 887 156 887 143 887 129 887 116 887 114 882 75 882 76 933 76 937 688 940 690 932 686 889 551 891 541 889 534 889"/></Shape>
	    <String CONTENT="mes/ non pas les brebis: car tout"
                    HPOS="75"
                    VPOS="882"
                    WIDTH="615"
                    HEIGHT="58"></String>
          </TextLine>

          
          
          <TextLine ID="eSc_line_62a7d494"
                    TAGREFS="LT266"
                    BASELINE="76 979 699 975" 
                    HPOS="75"
                    VPOS="928"
                    WIDTH="624"
                    HEIGHT="55">
            <Shape><Polygon POINTS="493 929 480 929 466 929 453 929 439 929 426 929 412 930 404 930 395 932 365 934 331 930 318 932 304 932 291 932 277 932 267 932 246 936 222 933 210 933 197 933 183 933 170 933 156 934 151 934 148 936 133 934 129 934 116 934 102 934 89 934 87 929 75 929 76 979 76 983 697 980 699 975 696 934 500 928 493 929"/></Shape>
	    <String CONTENT="le laict (cest le trauail des paoures"
                    HPOS="75"
                    VPOS="928"
                    WIDTH="624"
                    HEIGHT="55"></String>
          </TextLine>

          
          
          <TextLine ID="eSc_line_85d11af0"
                    TAGREFS="LT266"
                    BASELINE="79 1026 697 1019" 
                    HPOS="78"
                    VPOS="976"
                    WIDTH="619"
                    HEIGHT="62">
            <Shape><Polygon POINTS="496 976 483 978 469 978 456 978 450 978 441 982 396 978 388 978 375 978 361 978 348 978 334 978 333 978 322 983 311 978 307 978 294 978 280 979 267 979 265 979 252 982 246 979 240 979 226 979 214 979 203 983 199 979 186 979 172 979 159 979 145 979 132 979 118 979 105 979 91 979 78 979 79 1026 80 1038 110 1032 184 1037 199 1037 201 1037 210 1036 245 1030 354 1033 421 1034 422 1034 439 1032 458 1028 483 1030 510 1033 511 1033 696 1025 697 1019 693 979 541 980 516 978 506 976 496 976"/></Shape>
	    <String CONTENT="gẽs) ilz le deuorẽt par tãt de moyẽs"
                    HPOS="78"
                    VPOS="976"
                    WIDTH="619"
                    HEIGHT="62"></String>
          </TextLine>

          
          
          <TextLine ID="eSc_line_c793f262"
                    TAGREFS="LT266"
                    BASELINE="80 1073 699 1067" 
                    HPOS="79"
                    VPOS="1021"
                    WIDTH="620"
                    HEIGHT="62">
            <Shape><Polygon POINTS="605 1021 592 1021 578 1021 565 1022 558 1022 543 1028 538 1022 530 1022 523 1028 452 1022 443 1024 434 1024 396 1029 360 1024 349 1024 336 1024 322 1025 309 1025 295 1025 282 1025 268 1025 265 1025 260 1030 233 1025 228 1025 219 1025 199 1032 125 1026 120 1026 106 1026 101 1026 79 1033 80 1073 80 1083 697 1073 699 1067 696 1028 608 1021 605 1021"/></Shape>
	    <String CONTENT="quil nest possible de les penser. Sil"
                    HPOS="79"
                    VPOS="1021"
                    WIDTH="620"
                    HEIGHT="62"></String>
          </TextLine>

          
          
          <TextLine ID="eSc_line_5a6d7c1e"
                    TAGREFS="LT266"
                    BASELINE="83 1117 699 1114" 
                    HPOS="82"
                    VPOS="1069"
                    WIDTH="617"
                    HEIGHT="58">
            <Shape><Polygon POINTS="523 1069 522 1069 489 1076 476 1077 461 1076 425 1071 419 1071 410 1071 395 1076 387 1079 82 1079 83 1117 83 1127 456 1121 502 1122 639 1126 641 1126 699 1118 699 1114 696 1075 574 1069 573 1069 572 1069 550 1075 541 1077 535 1075 524 1069 523 1069"/></Shape>
	    <String CONTENT="y a aucun gras/ par force de fonda-"
                    HPOS="82"
                    VPOS="1069"
                    WIDTH="617"
                    HEIGHT="58"></String>
          </TextLine>

          
          
          <TextLine ID="eSc_line_9421ef7a"
                    TAGREFS="LT266"
                    BASELINE="83 1164 697 1157" 
                    HPOS="82"
                    VPOS="1115"
                    WIDTH="615"
                    HEIGHT="56">
            <Shape><Polygon POINTS="554 1115 541 1115 527 1115 514 1115 511 1115 504 1122 503 1122 485 1115 473 1115 453 1122 452 1122 450 1122 396 1115 395 1115 394 1115 392 1115 379 1123 377 1125 291 1125 288 1125 252 1117 251 1117 249 1117 248 1117 236 1125 206 1117 205 1117 203 1117 82 1127 83 1164 83 1171 696 1171 697 1157 694 1119 561 1115 554 1115"/></Shape>
	    <String CONTENT="tions il est deuore. Mais de donner"
                    HPOS="82"
                    VPOS="1115"
                    WIDTH="615"
                    HEIGHT="56"></String>
          </TextLine>

          
          
          <TextLine ID="eSc_line_488e6b8d"
                    TAGREFS="LT266"
                    BASELINE="82 1208 697 1204" 
                    HPOS="80"
                    VPOS="1158"
                    WIDTH="617"
                    HEIGHT="61">
            <Shape><Polygon POINTS="566 1160 553 1160 539 1160 526 1160 512 1160 499 1160 495 1160 487 1165 383 1161 377 1161 364 1161 350 1161 337 1161 323 1162 310 1162 296 1162 294 1162 276 1167 210 1162 202 1164 188 1164 175 1164 161 1164 148 1164 134 1164 121 1164 120 1164 80 1168 82 1208 82 1219 337 1211 694 1215 697 1204 694 1165 566 1158 566 1160"/></Shape>
	    <String CONTENT="pasture de la parolle de Dieu/ il nẽ"
                    HPOS="80"
                    VPOS="1158"
                    WIDTH="617"
                    HEIGHT="61"></String>
          </TextLine>

          
          
          <TextLine ID="eSc_line_7976d41d"
                    TAGREFS="LT266"
                    BASELINE="83 1258 697 1250" 
                    HPOS="82"
                    VPOS="1206"
                    WIDTH="615"
                    HEIGHT="89">
            <Shape><Polygon POINTS="635 1206 622 1206 608 1206 595 1206 582 1206 578 1208 534 1206 527 1206 514 1206 500 1206 487 1207 480 1207 475 1211 472 1212 457 1211 430 1207 419 1207 406 1207 403 1207 394 1211 385 1215 354 1215 352 1211 346 1207 338 1207 336 1207 323 1211 319 1212 314 1211 295 1207 284 1208 279 1208 271 1212 264 1216 209 1216 206 1212 201 1208 190 1208 170 1212 151 1216 141 1212 130 1208 129 1208 128 1208 82 1212 83 1258 83 1295 211 1295 213 1295 214 1295 221 1289 236 1277 298 1274 299 1274 300 1274 313 1266 345 1266 379 1280 380 1280 381 1280 434 1269 448 1277 458 1284 460 1284 461 1284 497 1288 499 1288 500 1288 549 1272 574 1262 646 1262 654 1266 665 1274 666 1274 668 1274 669 1274 670 1274 697 1264 697 1250 694 1210 643 1206 635 1206"/></Shape>
	    <String CONTENT="est aucune q̃stion: ains la fault des-"
                    HPOS="82"
                    VPOS="1206"
                    WIDTH="615"
                    HEIGHT="89"></String>
          </TextLine>

          
        </TextBlock>
        
        <TextBlock HPOS="561"
                   VPOS="1259"
                   WIDTH="140"
                   HEIGHT="55"
                   ID="eSc_textblock_a47576f5"
                   TAGREFS="BT1359">
          <Shape><Polygon POINTS="561 1259 561 1314 701 1314 701 1259"/></Shape>
          
          
          <TextLine ID="eSc_line_2eb8e337"
                    TAGREFS="LT266"
                    BASELINE="573 1301 699 1299" 
                    HPOS="572"
                    VPOS="1252"
                    WIDTH="127"
                    HEIGHT="66">
            <Shape><Polygon POINTS="694 1260 641 1252 639 1252 638 1252 620 1261 589 1253 588 1253 587 1253 585 1253 584 1253 572 1260 573 1301 573 1318 699 1310 699 1299 696 1277 694 1260"/></Shape>
	    <String CONTENT="fendre"
                    HPOS="572"
                    VPOS="1252"
                    WIDTH="127"
                    HEIGHT="66"></String>
          </TextLine>

          
        </TextBlock>
        
        <TextBlock HPOS="677"
                   VPOS="141"
                   WIDTH="136"
                   HEIGHT="100"
                   ID="eSc_textblock_9b44533e"
                   TAGREFS="BT768">
          <Shape><Polygon POINTS="682 141 677 241 813 241 813 141"/></Shape>
          
          
          <TextLine ID="eSc_line_7299c8ae"
                    TAGREFS="LT266"
                    BASELINE="690 193 813 191" 
                    HPOS="686"
                    VPOS="141"
                    WIDTH="126"
                    HEIGHT="55">
            <Shape><Polygon POINTS="689 192 689 195 811 196 812 190 809 141 686 141 689 192"/></Shape>
	    <String CONTENT="Ezechi."
                    HPOS="686"
                    VPOS="141"
                    WIDTH="126"
                    HEIGHT="55"></String>
          </TextLine>

          
          
          <TextLine ID="eSc_line_9c6b7387"
                    TAGREFS="LT266"
                    BASELINE="689 235 759 236" 
                    HPOS="688"
                    VPOS="192"
                    WIDTH="70"
                    HEIGHT="50">
            <Shape><Polygon POINTS="728 192 715 192 701 192 688 192 688 234 688 242 758 242 758 234 758 192 742 192 728 192"/></Shape>
	    <String CONTENT="xiii."
                    HPOS="688"
                    VPOS="192"
                    WIDTH="70"
                    HEIGHT="50"></String>
          </TextLine>

          
        </TextBlock>
        
        <TextBlock HPOS="693"
                   VPOS="562"
                   WIDTH="130"
                   HEIGHT="85"
                   ID="eSc_textblock_d88c971b"
                   TAGREFS="BT768">
          <Shape><Polygon POINTS="693 562 693 647 823 647 823 562"/></Shape>
          
          
          <TextLine ID="eSc_line_4ab5c956"
                    TAGREFS="LT266"
                    BASELINE="699 605 822 602" 
                    HPOS="696"
                    VPOS="557"
                    WIDTH="125"
                    HEIGHT="58">
            <Shape><Polygon POINTS="697 604 697 615 820 608 821 601 819 557 696 557 697 604"/></Shape>
	    <String CONTENT="Ieremie"
                    HPOS="696"
                    VPOS="557"
                    WIDTH="125"
                    HEIGHT="58"></String>
          </TextLine>

          
          
          <TextLine ID="eSc_line_5c014cd5"
                    TAGREFS="LT266"
                    BASELINE="698 641 794 641" 
                    HPOS="697"
                    VPOS="603"
                    WIDTH="96"
                    HEIGHT="49">
            <Shape><Polygon POINTS="751 604 738 604 724 604 721 604 697 607 697 640 697 652 793 651 793 640 793 608 763 603 751 604"/></Shape>
	    <String CONTENT="xxiii."
                    HPOS="697"
                    VPOS="603"
                    WIDTH="96"
                    HEIGHT="49"></String>
          </TextLine>

          
        </TextBlock>
        
        <TextBlock HPOS="687"
                   VPOS="642"
                   WIDTH="151"
                   HEIGHT="100"
                   ID="eSc_textblock_ee0f933d"
                   TAGREFS="BT768">
          <Shape><Polygon POINTS="838 737 831 645 693 642 687 742"/></Shape>
          
          
          <TextLine ID="eSc_line_d8491001"
                    TAGREFS="LT266"
                    BASELINE="702 692 832 693" 
                    HPOS="700"
                    VPOS="640"
                    WIDTH="131"
                    HEIGHT="60">
            <Shape><Polygon POINTS="782 642 773 642 701 643 701 690 700 696 828 700 831 692 831 648 813 640 812 640 811 640 782 640 782 642"/></Shape>
	    <String CONTENT="Matth."
                    HPOS="700"
                    VPOS="640"
                    WIDTH="131"
                    HEIGHT="60"></String>
          </TextLine>

          
          
          <TextLine ID="eSc_line_462aed78"
                    TAGREFS="LT266"
                    BASELINE="698 732 808 732" 
                    HPOS="697"
                    VPOS="692"
                    WIDTH="110"
                    HEIGHT="58">
            <Shape><Polygon POINTS="765 692 751 692 738 692 726 692 697 696 697 731 697 750 807 743 807 731 807 697 774 692 765 692"/></Shape>
	    <String CONTENT="xxiiii."
                    HPOS="697"
                    VPOS="692"
                    WIDTH="110"
                    HEIGHT="58"></String>
          </TextLine>

          
        </TextBlock>
        
        <TextBlock HPOS="692"
                   VPOS="837"
                   WIDTH="143"
                   HEIGHT="102"
                   ID="eSc_textblock_54db2b38"
                   TAGREFS="BT768">
          <Shape><Polygon POINTS="697 837 692 939 835 934 835 839"/></Shape>
          
          
          <TextLine ID="eSc_line_c4ee697b"
                    TAGREFS="LT266"
                    BASELINE="701 885 822 885" 
                    HPOS="700"
                    VPOS="820"
                    WIDTH="121"
                    HEIGHT="74">
            <Shape><Polygon POINTS="700 883 700 889 820 894 821 883 821 828 788 820 786 820 713 820 712 820 711 820 709 820 700 825 700 883"/></Shape>
	    <String CONTENT="Ezechi."
                    HPOS="700"
                    VPOS="820"
                    WIDTH="121"
                    HEIGHT="74"></String>
          </TextLine>

          
          
          <TextLine ID="eSc_line_e773f391"
                    TAGREFS="LT266"
                    BASELINE="700 925 833 926" 
                    HPOS="697"
                    VPOS="885"
                    WIDTH="135"
                    HEIGHT="56">
            <Shape><Polygon POINTS="699 924 697 941 831 937 832 925 831 885 699 886 699 924"/></Shape>
	    <String CONTENT="xxxiiii."
                    HPOS="697"
                    VPOS="885"
                    WIDTH="135"
                    HEIGHT="56"></String>
          </TextLine>

          
        </TextBlock>
        

        
      </PrintSpace>
    </Page>
  </Layout>
</alto>
