1085 1619
391 151 614 58 fendre au feu ⁊ a lespee q̃lle ne uiẽ¬

392 202 182 47 ne auant.

411 236 594 62 Chrestiens/ le bon Iesus dit/ que

392 288 616 54 par leurs fruictz uous les cõgnoi¬

392 335 613 58 strez/ regardez leur orgueil/ enuie/

391 377 619 62 auarice/ ⁊ hardie paillardise. Et

390 424 619 54 si ne pouez autremẽt entendre/ con¬

391 468 619 63 gnoissez par ce que le sainct esperit

391 516 617 54 a predict/ quilz ont renõce la foy/ et

396 559 610 58 leur doctrine est diabolique/ poͬtãt

388 611 616 54 quilz deffendent le sainct mariage/

390 654 615 58 tellement quil nest loysible de soy

390 701 615 53 marier/ sinõ au tẽps qͥl leur plaict:

391 746 617 58 cõbien que Dieu nen ayt rien deffẽ

388 793 617 56 du. Et aussi en ce qͥlz deffendẽt les

390 839 614 58 uiandes/ cõme si la uiãde noꝰ fai¬

392 885 612 59 soit pires ẽuers Dieu en ung tẽps

388 929 616 62 plus q̃ en lautre: ⁊ q̃ ce qͥ entre par

387 980 618 50 la bouche souillast lhõme/ cõe si la

384 1021 615 58 creature que Dieu a dõnee pour en

387 1069 615 58 user ⁊ mãger ne fust bõne: ⁊ quon

384 1118 620 54 la deust reiecter: combien que la pa

387 1158 614 56 rolle de Dieu dict tout le contraire

388 1207 292 61 de leur doctrine.

875 1239 120 77 ¶ Du

259 225 132 81 Matth.

255 275 66 63 uii.

251 557 125 73 i.Timo.

253 616 65 49 iiii.

246 824 138 101 Matth.

257 910 52 64 xu.

249 1028 138 67 i.Timo.

248 1080 58 64 iii.
