1085 1619
51 130 614 77 Ne souffrãt quon mette en nouuel¬

48 194 615 58 le subiection par tradition ou ordõ

48 242 611 53 nãce humaine les brebis affrãchies

51 287 619 52 par nostre Seigñr Iesus. Car tou

51 333 618 54 chant les uestementz/ uiãdes ⁊ au

51 379 617 59 tres choses qui sont par dehors/ les

52 423 617 60 fideles en peuuent user a lhõneur ⁊

53 472 617 51 gloire de Dieu/ en tout biẽ/ sãs fai¬

53 516 615 60 re aucune differẽce/ sãs toutesfoys

53 559 615 62 donner scãdale aux debiles en foy.

55 607 617 59 Car tout est franc ⁊ libre au Chre¬

55 657 613 56 stien/ lequel estãt filz de Dieu/ ce qͥ

55 701 613 61 est a Dieu luy est dõne poͬ en user

59 747 235 61 sainctement.

103 781 570 64 Le bon pasteur monstrera et en¬

55 835 617 64 seignera la uraye iustice estre au

52 885 616 54 coeur/ leq̃l ayãt uraye ⁊ entiere foy/

53 932 619 54 ayme pleinement Dieu/ ⁊ son pro¬

55 978 618 54 chain pour lamour de Dieu. Ainsi

53 1024 623 53 le bon pasteur annonceãt puremẽt

56 1071 618 56 la parolle de Dieu sãs y riẽ mesler/

55 1115 614 56 est diligẽt apres la saincte escriptu¬

53 1162 621 56 re ou il se exerce pour exhorter/ re¬

59 1210 617 89 prẽdre ⁊ admõnester/ corriger ⁊ en¬

672 240 25 56 ii.

527 1257 150 66 seigner:

668 141 134 55 Act.xu.

669 196 113 52 Colos.

668 646 134 52 i.Corin¬

677 689 88 58 tes.x.

677 1117 128 70 i.Timo

678 1181 127 91 thee.iiii.
