1085 1619
380 133 250 61 peult resister.

427 179 568 55 Et pourtant le monde ne pouãt

379 226 615 54 resister a la saĩcte doctrine de dieu/

380 272 613 58 se retourne sur les corps de ceulx qͥ

377 318 613 58 portent la parolle: pourtãt q̃ raison

376 366 618 56 leͬ fault/ mettãtz a mort les urays

377 414 618 54 euãgelizateurs: ainsi quon a faict

375 456 627 55 les prophetes/ ⁊ nostre Seigñr Ie

376 501 625 61 sus auec ses apostres. Et ce affin q̃

375 547 623 62 plus a plein on cõgnoisse la uertu

376 600 629 52 de la uerite (q̃ les seruiteͬs de Dieu

376 640 619 57 annoncẽt) estre importable au mõ¬

377 690 617 52 de/ ⁊ du tout en tout cõtraire a luy.

423 732 567 54 Ne uoyõs nous pas les liures qͥ

375 786 616 53 traictent de nostre Seigneur auoir

375 824 619 62 este bruslez/ ⁊ deffẽdu sur grosse pei

373 871 617 59 ne de les lire ne de les auoir? En

373 914 620 61 quoy on uoit bien q̃ le fondemẽt de

375 961 615 60 ceulx qui les deffendẽt/ ⁊ fõt deffẽ¬

373 1009 616 58 dre/ est tresmal fonde ⁊ fort debile.

425 1052 565 65 Le uray Chrestien qui est fonde

375 1102 618 56 sur la uray pierre/ peult tout lire et

376 1145 613 58 ouyr. Ie liray assez de liures ame¬

375 1192 616 66 nantz tant de raisõs quon scauroit

828 1241 158 56 amener/
