1085 1619
384 134 622 58 pays? O terre peulx tu porter tel¬

384 179 615 55 les gẽs ⁊ dõner fruict a tel peuple/

385 223 621 64 qui ainsi contẽne ⁊ desprise tõ crea¬

385 268 620 57 teur? Et uous Seigneur Dieu/

385 315 623 60 estes uoꝰ si misericordieux/ ⁊ si tar

384 362 624 57 dif a ire ⁊ uengeance contre ung si

384 408 624 56 tres grãd oultrage faict cõtre uoꝰ?

384 453 626 56 Et aussi nauez uous pas ordonne

388 500 621 62 uostre filz roy sur toꝰ? fault il que

387 546 617 61 ses sainctes ordõnãces q̃ uous luy

385 593 624 61 auez cõmãde nous enseigner soyẽt

387 640 623 60 deffendues cõme iniques/ meschan

387 684 621 55 tes ⁊ dõmageuses a ceulx qͥ les li¬

387 729 622 60 sent? Le sainct euangile est il cõme

387 777 621 59 la loy de Mahumet/ laq̃lle persõne

387 825 621 54 nose lire/ ne parler delle sinon cer¬

387 871 621 51 tains? Est il cõme liure dẽchãteurs

390 917 618 53 ⁊ malefiques/ q̃ tous ne losent lire?

390 960 620 57 Les ceremonies de Moyse/ ⁊ ce qͥl a

390 1007 619 54 escrit est ce chose plus saincte/ meil¬

390 1053 622 53 leure ⁊ plus utile a tous que ce que

391 1100 618 56 claiement Iesus a enseigne/ ueu q̃

388 1145 622 59 iamais il na este deffendu a ꝑsonne

392 1189 616 96 cõe uostre sainct euãgile? Les pha¬

882 1239 119 60 risiẽs/
