1085 1619
78 151 626 83 risiens/ le peuple des Iuifz/ la Sa

79 213 621 62 maritaine/ uous sõt ilz plus chiers

78 259 621 60 que les paoures gẽs qui portent le

76 306 621 63 nom de uostre filz/ appellez Chre-

79 353 618 61 stiẽs/ qͥlz ont peu lire ⁊ ouyr uostre

78 399 618 61 saincte escripture: ⁊ non pas iceulx

71 443 625 64 qui ont le nom de Chrestiẽs? Sei-

75 493 618 57 gneur nauez uous pas cõmande q̃

70 534 616 66 tous eussẽt uostre loy escrite en leͬs

71 585 629 57 maisons/ ⁊ q̃ tous soir ⁊ matin y pẽ

74 630 623 63 sassent/ q̃ les peres la racõptassent

71 677 625 56 a leurs enfãs ⁊ domestiques/ ⁊ que

71 720 628 59 tous sceussent uoz ceremonies ⁊ sta

72 767 625 62 tuz. Uostre sainct euangile doibt

71 813 623 61 il estre en moindre reuerence quon

71 859 625 59 nen parle/ quõ ne le regarde ne lise?

74 905 618 59 Pourquoy auez uous cõmande qͥl

72 949 618 65 feust presche par tout le mode a tou

70 999 627 58 te creature: ⁊ ainsi toute creature le

78 1044 616 66 oye ⁊ sache/ sil nest loysible a ung

76 1091 324 58 chascun de le lyre.

128 1133 565 65 O Iuges de iniqͥte/ pourtant q̃

70 1176 624 62 lescripture uous est en condẽnatiõ

76 1226 618 85 (ainsi que Iesus uous est pierre de

387 1279 312 78 H .iii. scãdale/

696 473 140 68 Deuter.

699 526 54 59 ui.

701 899 104 72 Marc

700 957 77 67 xui.
