1085 1619
78 151 616 62 ou il les a detenu si lõg tẽps: Affin

80 202 617 55 q̃ de la uoye dhypocrisie (laq̃lle sem

79 245 618 62 ble aux paoures abusez belle ⁊ plai

74 298 625 50 sante pour les ceremonies/ signes ⁊

79 345 618 46 mines quon y faict) ilz retirẽt leͬs

78 384 618 54 opiniõs ⁊ se cõuertissent a la uraye

79 429 620 59 uoye qͥ est le sainct euãgile de Iesu

76 476 620 60 christ ꝯduisãt en uie eternelle. Du¬

75 523 619 57 quel le regne sera sans fin/ ⁊ domi¬

72 573 625 50 nera sur uous tous ses ennemys/ ⁊

75 615 619 60 serez q̃lque ioͬ humiliez ⁊ mis soubz

75 658 621 65 ses piedz. Il uoꝰ seroit trop mieulx

75 709 621 57 q̃ ne eussiez iamais este naiz/ quand

78 759 614 53 permettez bateleurs ⁊ tous liures/

74 802 620 52 exceptez les annõciateurs de leuan

76 843 614 62 gile ⁊ les liures qui le contiẽnẽt/ en

76 890 613 57 quoy les simples soyent instruictz.

121 936 565 56 Leuez uous Seigñr/ mõstrez q̃

74 979 623 59 cest uostre plaisir q̃ uostre filz soit

76 1029 614 59 hõnore/ que les ordonnãces de son

75 1077 621 52 royaume soyẽt publiees/ cõgneues

75 1119 622 56 ⁊ gardees de tous. Et q̃ tous uous

78 1165 619 57 cõgnoissent par uostre filz/ depuis

75 1211 621 73 le plus grãd iusq̃ au plꝰ petit. Fai¬

446 1264 248 55 H .iiii. ctes

700 1211 121 63 Ieremie

697 1273 101 57 xxxi.
