1085 1619
379 649 169 194 C

376 140 630 63 ctes que la trõpette du sainct euãgi

381 188 625 64 le soit ouye iusque a la fin ⁊ bout du

380 232 624 64 monde. Donnez uertu aux urays

383 284 621 60 euãgelizateurs/ destruisez tous se¬

376 326 626 66 meurs derreur: affin q̃ toute la ter¬

377 371 622 60 re uous serue/ uoꝰ inuocque/ uous

380 419 317 64 adore ⁊ honnore.

461 462 455 65 ¶ A quoy on est tenu aux

461 509 456 63 urays pasteurs/ et quelle

462 563 450 56 obedience et honneur on

458 600 456 69 leur doit. Cha.xxxui.

546 650 451 55 Eulx qui oyent les bons

542 694 456 62 pasteͬs/ doiuẽt tout prou

549 747 440 54 uer ⁊ iuger ce quilz disẽt/

373 833 624 66 quilz disent est de la ꝑolle de Dieu:

549 790 449 62 ⁊ regarder diligẽmẽt/ si ce

375 881 616 58 ⁊ lors fermement le tenir ⁊ croire:

371 926 622 62 non pas a cause diceluy qui la por¬

371 976 622 62 te: mais pourtant que cest la parol¬

369 1017 238 65 le de Dieu.

419 1064 574 58 Et se ilz trouuent q̃ on porte au¬

369 1114 622 59 tre que la parolle de Dieu se dõnẽt

371 1160 615 60 bien garde de y donner foy ne de y

365 1212 628 68 croire/ mesmement quand ce seroit

893 1254 89 77 ung

242 654 135 50 i.Corin.

241 697 88 55 xiiii.

241 733 131 58 i.Thes¬

237 783 120 56 salo.u.
