1085 1619
387 151 611 55 celuy qui leur sert en la parolle/ en

384 194 617 56 tous biens. Non pas faisantz ung

387 245 617 54 gras pourceau: cõe on a nourry les

388 287 616 61 caphardz en ordure iusque a p̃sent.

435 333 571 59 Ne aussi laissantz auoir indigen

385 380 617 61 ce: mais le nourrissant ⁊ uestãt en

385 430 616 51 sorte quil puisse deument faire son

387 472 619 55 office/ sans estre enfle par labõdãce

387 524 619 48 des richesses/ ne aussi contrainct de

387 569 619 58 faire autremẽt quil ne doit par ne-

390 611 615 55 cessite. Mais ayt une moyẽne suffi

388 658 617 53 sance pour uiure. Ce sont les deux

388 704 618 59 honneurs quon doit a lancien/ au

388 747 614 62 ministre de la parolle qui sert en le-

390 801 168 53 uangile.

434 839 525 58 ¶ Du glaiue ⁊ puissance de

430 887 528 57 iustice ⁊ superiorite corporelle.

547 933 281 62 Chap̃.xxxuii.

543 979 461 54 Ous sommes cõposez de

539 1025 462 59 deux choses fort ꝯtraires:

537 1071 467 54 de lame/ ⁊ du corps. La

542 1117 456 59 me ⁊ lesperit ayãt cõgnois

387 1165 610 61 sance de Dieu par foy/ est deliuree/

384 1207 614 73 ⁊ hors ð seruitude trãsferee de mort

242 702 139 67 i.Timo

244 760 120 52 thee.u.

387 1129 152 39 N

246 1103 111 57 Iehan

244 1146 82 49 uiii.

244 1187 136 48 Romaĩs

244 1229 136 58 ui. ⁊. uiii

870 1252 125 63 a uie/
