1085 1619
388 125 618 81 a autruy a institue la puissance du

388 190 616 62 glaiue/ les Roys/ Princes ⁊ seigͬs:

391 237 614 62 ⁊ tous ceulx qͥ ont ladministration

388 287 620 57 de iustice. Et affin quilz puissent

388 330 621 53 mieulx exercer leur office/ et auoir

387 376 621 59 la main forte ueillantz ⁊ gardantz

388 423 620 54 quon ne face tort a nully/ tenantz

385 466 617 64 tout en paix ou ilz ont la puissãce/

377 515 628 78 les tributz/ impostz/ ⁊ autres cho¬

392 562 389 58 ses leur sont ordõnez.

448 594 562 76 Il est uray si tout le mõde auoit

387 647 622 64 la uraye ⁊ parfaicte cõgnoissãce de

388 700 620 55 Dieu/ ⁊ que charite fust fermemẽt

387 746 619 59 plantee au coeͬ dung chascun: telle

388 793 618 52 mẽt quon gardast les comãdemẽs

387 840 617 54 de Dieu/ ne faisãt a autruy ce q̃ on

384 883 621 61 ne uouldroit estre faict a soymes¬

385 930 620 54 me/ ia ne seroit besoing de glaiue/

390 976 614 58 pour deffendre les bõs: car persõne

388 1026 614 57 ne leur feroit desplaisir. Ne poͬ pu¬

387 1067 617 59 nir les mauuais: car il nen seroit

388 1115 613 60 point. Mais ainsi q̃ Iesus a sõ re¬

381 1162 618 57 gne au millieu de ses ennemys/ les

387 1207 614 100 bõs on este ⁊ serõt parmy les mau¬

890 1257 109 63 uais.

251 125 136 113 i.Pierre

256 190 36 48 ii.

248 457 133 69 Romaĩs

252 519 108 69 xiii.

244 1096 137 84 Psalme

245 1167 72 72 cix.
