1085 1619
68 128 616 78 uais. Et ne se peult faire autremẽt

68 187 612 62 tant q̃ ce corps q̃ nous portõs dure.

117 232 569 64 Pourtãt il fault q̃ le glaiue ⁊ la

67 272 618 70 iustice soit/ ⁊ luy fault tous obeir/ ⁊

68 322 617 66 estre aussi tous subiectz a ceste puis-

72 371 618 63 sance es choses qui sõt soubz le glai

67 414 615 67 ue/ le corps ⁊ biẽs/ soit que la iustice

71 461 605 66 use bien ou mal/ quãd en luy obeis/

71 509 621 63 sant on ne uient point contre les cõ

71 554 621 65 mãdemẽs de Dieu. Car la il fault

68 600 618 65 obeir a Dieu/ non pas aux hõmes.

117 644 572 68 Quand dõc la iustice impose tri

67 685 621 67 but/ cõmãde de laisser le pays/ que

70 733 610 72 on face quelq̃ edifice/ ⁊ sẽblable cho

71 783 617 65 se/ il fault obeir. Mais si elle com

71 836 617 58 mãde de adorer autre que Dieu/ de

71 878 618 65 periurer/ faire mal/ battre pere ou

70 930 618 54 mere/ ou les maudire/ tuer/ battre/

71 971 621 63 paillarder ou desrober/ en ce fault

71 1015 617 62 obeir a Dieu seul/ ⁊ non aux hões.

74 1061 618 64 Mais en tout ce quõ peult faire sãs

76 1109 616 62 offenser Dieu/ fault obeir/ rendãtz

74 1160 618 58 tout ce qͥ luy appartient/ rẽtes/ cẽsi-

75 1200 593 84 ues/ tributz/ ⁊ ĩpostz auec hõneur.

564 1249 125 71 Ceulx

686 136 135 74 Matth.

685 188 78 57 xiii.

692 408 136 75 i.Pierre

685 465 45 69 ii.

696 608 129 61 Actes.u

693 652 128 65 Ieremie

696 702 105 35 xxiiii.

690 739 130 58 Exo.i.
