1085 1619
372 134 344 54 royaume auec luy.

426 176 573 62 En quoy est assez donne a enten

376 221 621 66 dre que les fideles peuuẽt auoir sei¬

379 267 616 64 gneurie tẽporelle/ ⁊ auoir des serfz/

379 313 620 63 ⁊ porter le glaiue administrãtz iu¬

379 358 626 66 stice deument. Et quand Dieu

377 406 625 58 leur a dõne la grace de pouuoir sou

377 451 625 65 lager le pays/ deffendantz les bõs

380 497 624 66 ⁊ punissantz les mauuais: ⁊ qͥlz sõt

379 545 625 67 a ce esleuz/ ilz le doiuẽt faire/ cõme

381 592 623 65 charite le requiert/ secourãtz a leur

384 639 620 57 prochain/ ⁊ usantz de la grace que

384 684 621 62 Dieu leur a dõnee/ deliurantz les

385 729 620 67 uefues ⁊ orphelins de la main des

384 775 618 62 oppresseurs a lhonneur de Dieu/

381 824 625 65 auanceantz sa gloire/ ostant tout ce

384 867 622 61 qui est cõtraire a icelle/ ⁊ empesche¬

384 914 622 65 ment aux simples: cõe ont faict les

387 959 615 66 bons Roys ⁊ Iuges. Car si le chre¬

388 1006 620 65 stien ne peult exercer loffice de iudi

385 1052 623 57 cature/ ne aussi porter le glaiue par

387 1099 621 59 lordonnãce de Dieu/ ⁊ puissãce dõ

388 1145 620 65 nee a luy denhault/ il ne peult aussi

391 1191 615 79 auoir ne serfz ne enfãs/ ayãt puis¬

889 1242 113 62 sance/

245 963 140 59 iiii.roys

248 1010 98 54 xuiii.

253 1061 100 43 Iuges

249 1091 54 63 ui.
