1085 1619
68 134 624 64 sãce/ ⁊ auctorite sus iceulx sus leur

67 179 622 59 corps ne les peult aussi corriger ne

68 226 618 65 punir de ce quilz faillent. Laquelle

66 272 553 58 chose est cõtre toute lescripture.

112 321 577 59 Pourtãt quand il est q̃stion des

64 364 626 65 choses de lame ⁊ de lesperit/ quõ les

64 410 624 63 face seruir a ce quelles doiuẽt seruir

66 457 619 62 cõe il est dict cy dessus. Et quãd

64 503 624 64 au corps a ce qͥ est dict du corps. Et

66 550 619 59 quon ne chãge ⁊ brouille poĩt lung

63 599 621 59 auec lautre meslãt ⁊ cõfũd ãt tout/

62 639 624 67 la liberte de lesperit auec la chair/ le

63 688 623 59 nourrissemẽt ⁊ regime de la pasture

62 731 623 67 de lame/ auec celuy du corps: mais

62 783 620 57 quon rende ⁊ distribue a ung chas-

60 827 620 62 cun ce quil luy appartiẽt: ⁊ ainsi on

58 875 626 62 euitera cõfusion. Ceulx qui tiennẽt

58 920 624 63 le glaiue/ cõgnoissent que la puissã

58 966 626 62 ce quilz ont/ est de Dieu/ ⁊ pourtãt

58 1011 623 62 sans craindre persõne/ sãs receuoir

56 1057 620 65 ne permettre aucune exemptiõ/ en

53 1103 628 68 usent sus tous ceulx qͥ sont au lieu

53 1149 625 62 ou Dieu leur a dõne puissance. Car

55 1195 623 75 personne nen peult estre exẽpte de

429 1256 241 64 I quelque
