1085 1619
395 132 610 60 de la saĩncte cõgregation des fide¬

391 176 614 62 les/ laquelle il a richement aornee

395 226 233 60 ⁊ accoustree.

434 259 572 72 Pourtãt se tu lieue tes yeulx re¬

387 314 621 66 gardant ceulx a qͥ le sainct maria¬

385 361 621 66 ge est deffendu/ il est biẽ a lhõneur

385 408 621 58 du mariage. Car ilz sont telz q̃ ie ne

385 451 620 69 scay si ie les doys appeller hõmes/

385 499 621 60 qͥ nont rien humain. Ou plus tost

385 546 624 62 diables: sinõ q̃ les diables ont plus

384 593 625 64 porte dhõneur a Iesus ⁊ a sa parol

384 640 622 62 le que ces paoures ⁊ malheureux

384 686 622 64 meurtriez de ames/ loups enragez/

384 732 625 65 hordz/ paillardz/ plus uilains que

385 779 621 65 Sodome ne Gomorre. Ceulx icy

385 824 624 62 ne deuoient point estre en si noble

388 874 618 63 estat comme est le sainct mariage:

385 921 621 58 mais cõme pourceaulx estre tous¬

385 964 623 61 iours en leur boue ⁊ fãge/ loing du

388 1010 618 63 sainct estat leq̃l est ordõne poͬ gar¬

385 1056 621 61 der de toute souillure les sainctz tẽ¬

390 1104 618 61 ples de Dieu/ lhabitatiõ du sainct

392 1199 616 106 Iesus: affin quilz ne fusset pollutz

388 1150 611 65 esperit/ les mẽbres de nostre Seigͬ

932 1246 73 62 par

240 134 143 61 Ephe.u.

248 1015 140 61 i.Corin¬

248 1071 124 71 tes.uii.
