1085 1619
82 140 619 62 sans estre iamais separe. Mais

80 187 620 58 les correcteurs de Dieu se mettãtz

85 233 616 66 plus hault que luy: ⁊ ordõnãtz sur

85 280 615 59 son ordõnance/ ont trouue qͥl ya cer

83 325 620 64 tain tẽps/ si sainct q̃ ce uilain ⁊ pol¬

82 371 619 63 lu estat de mariage ne doit estre cõ¬

86 416 615 64 sõme/ ne le mary estre cõioinct auec

85 465 612 62 sa fẽme. Cõme si le tẽps ou Adam

86 511 614 69 ⁊ Eue furẽt mariez ne feust sainct.

133 557 570 60 Et aussi quil ya des persõnages

85 600 622 61 de si grãde sainctete/ purete ⁊ digni

83 648 624 64 te/ q̃ iamais ne peuuẽt estre en ceste

83 693 626 66 hordure si uile de mariage. Et sil

82 739 627 66 aduenoit q̃ telz sans auoir regard a

82 786 619 65 leur grande dignite ⁊ noblesse (qͥlz

82 832 625 66 ont par leur besace ou rasure) se ma

82 879 619 66 riassent/ ilz doiuẽt estre separez. Ilz

82 932 621 51 ont trouue tout tout plein de de¬

82 971 626 66 grez/ cõditions ⁊ empeschemẽtz/ ou

82 1022 623 64 le mariage ne tiẽt pas/ ⁊ est empes¬

86 1064 623 63 che si lor ou largẽt ne le despeche et

89 1111 619 64 fortifie. Si ces saĩctes ⁊ dignes gẽs

86 1154 622 66 sont paillardz/ adulteres ou uilaĩs

87 1204 621 85 cõme moynes cõmettãtz cas enor¬

421 1256 278 62 I .iiii. mes/
