1085 1619
373 148 620 55 mes/ il y a q̃lque peu de peche/ prin¬

375 190 618 63 cipalemẽt si on en apperceoit q̃lque

372 234 621 65 chose dont lestat en ayt ou deshon¬

371 283 616 62 neur ou dõmage: mais ce nest rien

371 327 620 62 au pris de prendre cest hord estat de

368 375 625 63 mariage: car la il fault le feu ⁊ mou

368 420 625 65 rir. Mais que dirõt aucuns abu

368 466 619 64 sez par les cordeliers ⁊ prebstres qͥ

368 514 622 63 soubz lõbre de ie ne scay quelle facõ

369 563 624 60 de sainctete se abstiennent de leurs

368 609 623 61 fẽmes certain tẽps ⁊ iours: ⁊ elles

367 652 624 63 aussi de eulx poͬ cõmettre leͬ adul¬

365 705 597 53 tere auec ces sainctz instructeurs?

368 744 623 60 O sainct estat de mariage q̃ uous

365 791 626 64 estes souille ⁊ deshõnore. O mõde

365 840 626 61 brutal ⁊ destitue de tout sens ⁊ en¬

365 886 625 63 tendemẽt/ es tu sans yeulx/ es tu si

365 933 625 64 aueugle que tu chemine a taston en

368 982 622 51 plein midy/ cõme es profondes te¬

364 1022 625 64 nebres? Pensez uous q̃ en aucuns

367 1073 624 58 tẽps ce sainct estat soit deffendu? et

367 1117 622 58 q̃ accõplir le cõmandemẽt de Dieu

368 1161 623 59 soit peche? ⁊ q̃ uenir clairemẽt cõtre

364 1208 634 120 le pur ⁊ expres ꝯmãdemẽt de dieu/

913 1254 73 73 soit
