1085 1619
369 141 622 62 de corriger et punir ces abomina¬

371 180 616 70 bles crimes: desquelz auiourdhuy

373 228 589 63 tout le mõde est infecte ⁊ remply.

422 281 573 57 Et ne uous arrestez aux exem¬

375 319 620 69 ptions ⁊ priuileges alleguees par

373 366 625 68 ces uilaĩs pourceaulx: car ce ne sõt

375 412 622 71 q̃ friuolles/ cõme iay dit cy dessus

375 458 622 65 parlant du glaiue ⁊ puissance de iu

375 505 622 64 stice. Pour obuier a telz scanda¬

375 551 620 69 les ⁊ meschancetez il fault que lhõ¬

376 600 623 63 neur soit rẽdu au sainct mariage se

376 644 622 62 lon linstitution ⁊ ordõnãce de dieu.

379 692 618 66 Autremẽt (cõme cõsentantz) serez

368 737 633 67 trouuez coulpables deuãt Dieu de

377 789 622 56 leͬ puãte uie/ ⁊ ꝑditiõ/ poͬquoy hor

379 829 606 66 rible iugemẽt sera faict cõtre uoꝰ.

427 876 572 68 Marys aymez uoz fẽmes cõuer

380 922 619 66 santz sainctemẽt auec elles poͬ eui¬

381 968 621 62 ter fornication/ arrestez uoꝰ a la pa

380 1015 622 65 rolle de Dieu: ⁊ non pas aux ba¬

379 1064 623 61 bilz ⁊ sõges des moynes ⁊ des preb

381 1106 620 66 stres. Entẽdez la dignite de uostre

379 1153 620 69 estat auquel ont uescu tous sainctz

380 1198 617 85 patriarches/ prophetes/ ⁊ apostres/

843 1242 152 69 desquelz

236 663 141 100 Sapien

244 746 112 58 ce.ui.

244 937 135 66 Ephesi.

248 987 32 65 u.
