1085 1619
86 151 622 63 desquelz lescripture parle. De laq̃l¬

85 198 612 58 le fault tenir compte ⁊ estime/ non

90 246 440 58 point des uains songes.

140 292 567 57 Fẽmes obeissez a uoz marys et

83 338 618 53 leur soyez subiectes en tout cõme a

85 384 619 54 nostre Seigneur. Car le mary est le

86 426 619 66 chef/ ⁊ la femme est soubz la puissã

85 473 623 55 ce de lhõme. Gardez uous de

87 522 616 58 uous separer/ q̃ uous ne tombez en

83 566 626 57 incontinẽce. Gardez foy ⁊ loyau

85 616 624 57 te: car toute fẽme qͥ rõpt son maria

85 663 620 57 ge/ elle doit mourir de mort auec le

83 711 622 48 paillard. Nul larrecin ne doit estre

85 755 618 58 si griefuemẽt puny cõme adultere.

83 800 626 58 Car uioler ung estat si noble et si

86 849 623 57 sainct/ est ung cas quon ne scauroit

86 891 621 58 assez punir. Si uoꝰ euitez la main

85 939 620 58 des hões ⁊ la mort corporelle/ crai¬

86 982 621 59 gnez la main de dieu ⁊ la mort eter

83 1029 613 58 nelle. Laq̃lle on ne peult fuyr deso¬

83 1076 617 58 beissant a luy. Entendez que au

86 1125 617 59 sainct mariage uous estes assẽblez

86 1169 618 61 par la uertu de Dieu ⁊ non dhom¬

85 1214 620 94 me. Pourtãt craignez celuy qͥ uous

580 1266 121 79 a con¬

704 315 136 72 Ephe.u.

708 665 132 68 Leuiticq̃

708 715 63 55 xx.

704 1038 136 68 Matth.

704 1094 54 70 ix.
