1085 1619
346 145 622 65 a conioinctz/ qui a esleu uoz corps

349 192 606 72 pour son sainct tẽple ⁊ habitation.

400 238 564 65 Tous qui nauez singulier don

349 286 621 64 (qui est donne a bien peu) ⁊ qui ne

348 329 624 69 pouuez estre cõtinẽtz de coeur/ faict

345 379 629 63 ⁊ uolunte/ prenez ce saĩct estat ⁊ hõ

348 424 624 63 norable/ uenez y en toute crainte de

352 469 622 70 Dieu. Usez de sa saincte institutiõ

350 518 622 66 a son hõneur ⁊ gloire/ ⁊ a ledifica¬

352 562 618 68 tion de uostre ꝓchain/ ⁊ perseuerez

353 611 619 59 en iceluy/ fuyantz toutes ces sepa¬

350 659 622 60 rations que les hõmes ont trouue.

354 702 621 68 Car tant que la fẽme peult estre fẽ¬

353 750 624 59 me/ ⁊ aussi le mary/ mary: le maria

356 797 615 65 ge ne peult estre rompu ne separe/

357 843 618 63 fors que par le seul adultere/ quãd

352 890 623 66 la fẽme rõpt la foy ⁊ loyaulte pro¬

354 932 624 67 mise a son mary. Et tel est le

356 982 619 64 sainct mariage/ que si lune des par

357 1026 617 65 ties est fidele/ elle peult conuerser

345 1071 632 64 auec sa partie qͥ est infidele/ tãt que

354 1122 624 59 linfidele ueult demourer auec la fi¬

356 1165 623 64 dele. Et ce ne empesche le biẽ du ma

360 1214 619 87 riage quil ne soit selon Dieu/ ⁊ que

209 1083 117 62 tes.uii.

793 1258 178 72 les enfãs

207 334 135 68 Ebrieux

213 385 78 60 xiii.

214 783 124 61 Matth.

215 833 122 56 u. ⁊. xix.

211 1045 131 54 i.Corin¬
