1085 1619
86 577 162 154 L

83 125 626 71 les enfans ne soyent aussi sainctz ⁊

85 175 623 65 bõs/ cõme si les deux parẽs estoiẽt

86 222 619 62 fideles. Mais tout cecy a este mis

83 268 620 65 aux piedz pour diffamer ⁊ deshon¬

82 314 619 63 norer ce sainct mariage: leq̃l nostre

83 360 613 75 Seigneur remette en son estat ⁊ hõ

80 408 477 58 neur/ comme il la institue.

134 453 528 77 ¶ De linstruction des enfãs.

245 503 265 64 Chap̃.xxxix.

246 538 455 67 Es urays amateurs de

238 592 456 60 lhõneur ⁊ gloire de Dieu

240 642 456 52 ont grandemẽt desire da¬

246 686 443 62 uoir lignee ⁊ enfãs: affin

76 727 620 66 quilz hõnorassent ⁊ seruissẽt Dieu/

75 778 624 65 magnifiantz son nom ⁊ sa gloire

75 824 621 62 apres quilz seroiẽt partis de ce mõ¬

76 870 623 60 de. Pourtãt la premiere ⁊ princi

75 918 615 56 pale chose de linstructiõ des enfãs

71 960 626 68 cest de leur apprendre de craindre ⁊

75 1010 618 61 aymer Dieu/ leͬ ẽseignãt les saĩctz

74 1056 619 59 commandemẽs de Dieu puremẽt/

75 1102 617 59 leur mõstrãt les oeuures de Dieu/

74 1149 623 58 cõment il a puny les mauuais/ et

72 1194 622 97 abbatu les orgueilleux/ tous ceulx

711 573 129 69 Genese

708 639 100 49 xu.et

712 677 78 56 xxu.

701 914 116 77 Ephes.

701 970 53 56 ui.

549 1252 145 68 qui ont
