1085 1619
62 143 624 62 icelle. Car lescripture sert a tous et

63 192 623 53 proffite a tous. Elle nest pas cõme

62 238 623 61 les fables ⁊ mẽsonges/ ne aussi cõe

63 283 621 56 mauuais artz / ou cõme Lalcorã de

64 331 620 58 Mahumet/ quil la faille deffẽdre a

66 376 618 62 personne: mais tressaincte ⁊ tresdi-

64 423 621 53 gne que tous en tout tẽps/ en tout

64 469 620 54 eage ⁊ estat/ en ayẽt cõgnoissance.

64 516 621 54 Car rien ne sert plus a craindre ⁊

66 559 622 56 honnorer Dieu/ quelque chose quõ

68 608 622 61 puisse ueoir ou ouyr/ q̃ ce q̃ contient

67 657 366 49 la saincte escripture.

118 694 574 62 Aue icelle escripture pere ⁊ mere

71 743 622 57 de faict ⁊ de parolle doiuent dõner

70 794 618 50 exemple a leurs enfans de aymer/

67 836 623 54 craindre/ ⁊ honnorer Dieu/ se don-

67 886 625 55 nantz bien garde (cõbien petis que

67 929 625 62 les enfans soyent/ ⁊ quilz semblent

66 975 624 62 rien ne congnoistre ne entẽdre) qͥlz

70 1022 623 54 ne facẽt ne disent chose uilaine de-

71 1068 626 54 uant eulx/ qͥ leur donne aucun scan

71 1114 618 55 dale. Car mieulx uauldroit quon

68 1160 618 62 meist une meule de moulin au col

72 1207 624 69 de ceulx qͥ leur monstrẽt mauuais

515 1264 177 59 exemple/

705 1119 128 60 Matth.

705 1161 97 61 xuiii.
