1085 1619
385 129 624 67 exemple/ ⁊ qͥlz fussẽt iectez au plus

394 174 614 67 ꝓfond de la mer. Il fault aussi

390 221 622 70 apprẽdre les enfãs de nestre point

392 269 621 65 charge a personne/ de ne uiure oy-

394 314 620 66 seux: mais de proffiter ⁊ secourir a

392 358 622 68 son prochain/ tellemẽt que leur uie

392 407 624 66 soit a lhõneur ⁊ louẽge de Dieu/ et

390 453 624 67 au proffit du prochain/ nestãtz poĩt

392 497 622 64 sans rien faire. Linstruction dõc

392 549 624 60 sera de les apprendre a trauailler a

392 594 622 65 ce quilz serõt plus ydoines appre-

392 640 583 61 nantz mestier/ ou labeur de terre.

443 689 571 61 Et selon la puissance des parẽs/

394 731 622 65 ⁊ la capacite des enfans/ qͥlz apprẽ

394 778 622 63 nent les lãgues principales/ cõme

395 822 621 61 Latin/ Grec/ ⁊ Ebrieu: affin que si

394 872 620 62 Dieu leur dõne la grace de pouoir

392 916 620 64 ẽseigner ⁊ porter sa parolle/ ilz puis

395 963 622 65 sent boire en la fõtaine ⁊ lyre lescri

395 1010 622 59 ture en son propre lãgaige/ auquel

396 1053 625 66 elle a este escrite: comme en Ebrieu

395 1102 622 59 lancien testamẽt/ ⁊ en Grec le nou-

396 1148 622 63 ueau. Aussi pour ueoir comment

399 1194 618 75 dieu est merueilleux en ses oeuures

840 1242 178 77 ⁊ cõment
