1085 1619
70 140 623 67 ⁊ cõment les hõmes sont muables/

70 188 620 64 pourrõt ueoir ⁊ apprendre ce qui a

68 234 621 58 este escrit de la nature des bestes/ ar

67 280 622 62 bres/ ⁊ herbes: ⁊ autres choses que

70 325 585 59 Dieu a cree/ pour seruir a lhõme.

70 372 615 65 Des diuersitez des gẽs/ ⁊ pays/ li¬

67 418 609 63 santz les hystoires qͥ monstrent les

68 468 613 58 grãdes mutatiõs des uilles/ pays

64 511 618 65 ⁊ royaumes. Regardãt aussi ce qui

64 557 624 62 a este escrit poͬ le bon gouuernemẽt

66 605 620 64 des choses publicques: comme bon

64 650 622 59 nes loix ⁊ ordonnances/ pour te¬

64 694 624 65 nir le peuple en paix. Car de tout ce

63 740 625 64 cy le coeur fidele fera son proffit/ et

64 790 620 62 fera tout seruir a lhõneur de Dieu

66 832 444 57 ⁊ au proffit du prochain.

109 882 575 63 Et en q̃lque estat quil soit/ la sciẽ

60 926 621 65 ce ⁊ cõgnoissance de plusieurs cho¬

62 975 618 63 ses luy seruira/ sur tout la cõgnois¬

62 1019 611 63 sance de la saincte escripture: affin

59 1065 619 64 quõ ne soit plus mene cõe les aueu

59 1110 619 63 gles ꝯduictz par aueugles. Et ceste

58 1156 616 62 est la saincte uolunte de Dieu/ que

66 1203 606 78 son escriture soit leue ⁊ ouye de toꝰ.

406 1258 253 60 K Car de

688 404 132 54 Exẽple

693 451 128 61 de Moy

696 493 39 50 se.

689 531 128 68 Act.uii.
