1085 1619
373 145 624 64 Car de present elle est rẽdue en plus

375 191 620 63 de langaiges/ ⁊ multipliee en plus

376 237 619 62 de liures q̃ iamais ne fut/ tellement

376 283 619 66 que nostre Seigñr ueult q̃ tout soit

379 327 615 71 plein de lescripture saincte. Pa-

377 373 621 66 reillement en lisant les hystoires et

379 423 614 68 manieres de faire des payens on

381 466 620 70 pourra ueoir ou a este peschee la

383 520 619 61 maniere de faire que les eglises gar

384 559 617 71 dent de present/ dequoy tãt de gens

385 604 617 73 sont si esmerueillez comment telles

385 652 616 68 manieres de faire ont este ĩtrodui-

387 700 617 59 ctes/ ueu q̃ lescriture en est si loing.

437 746 568 64 Peres puis q̃ nostre Seigͬ uous

388 794 616 61 a cõmunicque son nom uoulant q̃

391 837 617 68 soyez appellez peres/ faictes q̃ uoz

391 885 615 60 enfans ayẽt bons ⁊ fideles instru-

392 929 616 61 cteurs/ ou uoꝰ mesme les enseignez

395 975 614 63 en la crainte et doctrine de nostre

396 1029 209 54 Seigneur.

448 1063 568 70 Et uous enfans obeissez a uoz

398 1113 616 68 peres ⁊ meres/ ⁊ en uraye charite/

399 1157 618 65 benignite ⁊ doulceur/ cõme nostre

403 1206 455 77 Seigneur nous monstre.

858 1245 164 66 ¶ De la
