1085 1619
381 136 620 67 deuoit par ses pechez/ ⁊ q̃ la ou Ie¬

388 183 616 61 sus est/ la sera le fidele. Il ne craĩt

381 228 621 68 point dy aller: mais en a ung tres¬

385 275 623 67 grãd desir/ ⁊ ueult ⁊ souhaitte estre

384 323 624 62 deslie de ce corps mortel ⁊ estre auec

387 368 619 69 Iesꝰ. Cestuy ne regarde pas ses bõ

383 416 625 57 nes oeuures/ ses merites ne aucuns

387 460 621 64 suffrages: mais par uraye foy du

385 509 623 65 tout en tout se fie a linfinie bonte

390 558 178 57 de Dieu.

435 592 574 71 Ung chascun se garde biẽ (sil est

390 648 619 60 sage) qͥl ne suyue aucuns paoures

388 696 621 62 folz pleins de toute resuerie qͥ con¬

390 740 619 65 seillent q̃ lhõme regarde ses bõnes

388 786 621 65 oeuures: ⁊ que en icelles il prẽne sõ

388 832 622 66 asseurãce. En Iesus seul soit tou

388 879 618 64 te nostre asseurãce/ en sa iustice qui

388 928 620 55 est diuine/ sa purete ⁊ innocẽce ⁊ saĩ

388 971 617 63 ctete: cõme uraye uertu ⁊ puissan¬

390 1019 522 58 ce du pere pour nous sauuer.

438 1064 571 62 Le uray fidele sentant son tẽps

387 1110 622 58 estre pres qͥl passe de ce monde/ dau

388 1154 617 60 tãt q̃ le corps sera plus trauaille/ ⁊

388 1204 618 93 q̃ les uertuz ⁊ puissances corporel¬

943 1253 63 75 les

248 140 108 56 Iehan

245 192 66 41 xii.

246 225 130 59 Philip.

249 277 30 48 i.

252 1153 132 62 ii.Corin

251 1207 122 43 tes.iiii.

253 1243 127 60 u. ⁊. xii.
