1085 1619
72 167 625 73 les defauldront/ remerciãt le bon ⁊

74 221 618 65 tresmisericordieux pere (qͥ dispose

72 264 620 66 tout selon sa bõne uolunte) se for-

72 313 620 64 tifiera ⁊ corroborera desperit/ se ap

72 361 620 55 prestãt aux nopces/ au beau soup-

71 407 618 57 per de nostre Seigñr. En la main

71 453 618 54 duquel il mettra tout/ cõme en la

71 497 619 65 main diceluy qui scaura tresbien de

71 546 615 57 tout disposer/ soit uie/ soit mort/

71 592 621 56 soit sãte/ soit maladie. Et sur tout

70 639 623 62 luy recõmandera son esperit/ lequel

70 682 622 58 il recoiue ap̃s le pelerinage de ceste

71 728 619 61 uie/ de ceste uallee de misere/ sans

68 777 620 54 auoir regard aux pechez/ faultes/

70 822 616 61 demerites/ negligẽces/ sans entrer

70 870 612 60 en iugemẽt auec le paoure seruiteͬ:

70 914 618 61 mais pour lamour de celuy qui ne

68 959 616 60 feit iamais mal (qui a garde par-

70 1007 615 54 faictemẽt la loy de Dieu/ ⁊ a accõ-

70 1055 614 60 ply sa saincte uolunte/ a porte noz

70 1099 618 62 pechez) le recoiue en sa misericorde/

68 1146 620 62 luy face grace ⁊ mercy/ en luy don-

70 1192 618 62 nãt pleine grace ⁊ entiere remissiõ:

72 1238 591 72 ainsi quil est plein de misericorde.

380 1285 310 73 K .iii. Et en

692 968 137 68 Esa.liii.
