1085 1619
87 145 618 72 semble. Et sil a quelque bon/ fi¬

86 192 615 69 dele/ ⁊ prudẽt amy qui puisse ayder

87 242 614 66 aux siẽs par bon conseil ou autre¬

86 290 617 66 ment/ il les luy recõmandera/ sans

89 333 615 65 cõmander a persõne de prẽdre au¬

86 379 621 66 tre estat que la seule reigle de nostre

89 429 618 63 Seigneur Iesus/ ne de courir ca ne

86 470 621 68 la/ fors que ung chascun a sõ oeu¬

87 516 622 65 ure en laq̃lle selon Dieu peuuẽt ui

89 562 622 70 ure/ ⁊ non autremẽt. Ne cõmandãt

89 608 622 70 aussi de dõner rien pour lamour de

93 652 618 69 soy: car il ne ueult oster a Dieu sõ

90 704 621 65 hõneur: pour lamour duquel seule¬

91 747 622 70 ment il fault dõner a ceulx qui ont

91 794 551 66 necessite/ comme il commande.

138 839 574 66 Ainsi recõmandãt tout a nostre

94 885 618 68 Seigñr/ arme de la iustice de Iesu¬

95 932 617 69 christ par uraye foy/ par laq̃lle Ie¬

94 982 621 63 sus est tout nostre/ en ioye desperit

95 1024 621 66 prẽt son repos/ louãt ⁊ remerciãt ce

98 1075 617 63 bon pere qui luy a pleu mettre fin a

99 1118 618 66 ses miseres/ le tirãt hors de ce corps

99 1164 620 67 de peche/ tellement quil ne pechera

102 1208 614 76 plus: mais reposera attendãt la re¬

442 1254 275 70 K .iiii. surre¬
