1085 1619
380 388 128 184 L

372 151 619 58 surrection de son corps/ ou pleine-

369 195 618 59 ment sa uie sera declairee/ laq̃lle est

367 238 596 66 cachee en nostre Seigneur Iesus.

484 288 387 54 ¶ De la resurrection.

570 335 193 56 Chap̃.xli.

530 381 456 54 E pere plein de toute mi-

527 426 459 62 sericorde/ qui a tout faict

529 476 454 56 poͬ lamour de soymesme/

529 518 457 62 portant ⁊ souffrãt en grã

365 565 621 55 de patience ⁊ tolerance les enfãs de

361 612 624 53 ire ordõnez a la mort/ pour mõstrer

364 663 621 53 ses tresgrãdes richesses de bõte/ mi

363 708 620 47 sericorde ⁊ doulceur/ sus les enfãs

364 748 617 57 de misericorde: lesq̃lz il a esleu ⁊ or-

361 797 622 54 donne a la uie auant le cõmẽcemẽt

358 843 623 58 du mõde/ a ordonne q̃ tous resusci-

360 893 621 55 tent en leurs propres corps/ poͬ la

360 939 621 56 grande cõfusion ⁊ horreur espouuẽ

360 980 621 61 table des reprouuez ⁊ infideles/ et

360 1026 617 60 pour la merueilleuse ioye/ gloire/

358 1075 624 55 triumphe ⁊ lyesse des fideles quil a

360 1117 619 63 esleu. Car ainsi q̃ les infideles sont

360 1169 619 56 tousiours contreuenuz a la loy de

363 1212 616 76 Dieu/ uoulãtz abbatre ⁊ destruire

228 237 118 69 Colos.

229 287 54 58 iii.

228 387 137 55 Prouer-

225 431 135 50 bes.xui.

225 476 133 48 Romaĩs

218 509 49 63 ix.

219 755 137 63 Ephes.i.

863 1268 112 54 ce que
