1085 1619
70 156 616 61 ce q̃ Dieu a faict ⁊ ordõne/ ilz doi-

67 206 618 58 uent receuoir leur loyer auec le prin

68 253 238 53 ce diniquite.

93 296 593 60 Et fault q̃ la mort (a laq̃lle ilz ont

68 345 613 61 seruy ⁊ fructifie) soit manifestee en

66 389 619 58 leurs corps: non point mort corpo-

68 435 616 57 relle: mais eternelle. Ainsi le pere

70 483 615 59 ueritable ⁊ fidele selon sa promesse

67 535 618 50 declairera la uie quil a donne aux

67 573 617 59 siens/ les faisant semblables a son

67 621 617 64 filz. Car aĩsi qͥl est resuscite de mort

67 669 618 55 a uie immortelle et incorruptible:

66 715 624 58 ainsi tous ses mẽbres qͥ par uraye

70 758 615 64 foy sont uniz a luy resusciteront en

67 808 621 51 incorruption ⁊ immortalite en grã

67 852 622 58 de gloire. Car cõme la mort na peu

68 899 622 62 surmõter Iesus quil ne soit resusci

67 947 621 54 te: aussi elle ne peult faire que tous

67 988 621 65 ses mẽbres urays fideles ne uien-

67 1038 621 58 nẽt ⁊ uiuẽt en leurs propres corps

70 1086 301 54 en immortalite.

117 1130 572 62 Pourtãt tous urays Chrestiens

68 1177 617 62 sachantz que de nous: ⁊ de tout ce qͥ

70 1222 620 71 sort ⁊ uient de nous mesmes nous

547 1266 139 69 serious

689 580 136 72 i.Corin.

689 640 65 81 xu.
