1085 1619
391 152 618 59 seriõs aussi malheureux que les re

394 201 612 58 prouuez: ⁊ q̃ par la grace de nostre

391 249 617 57 pere/ ⁊ non point de nous sommes

394 292 615 60 separez des perdus ⁊ miserables/ ⁊

388 338 621 54 nõbrez entre les filz/ nous ne crain

390 384 615 59 gnons point de mettre ce corps poͬ

387 434 622 47 lhonneur de nostre pere/ de mettre

387 473 622 55 ceste uie corruptible pour son sainct

390 520 616 61 euangile. Car pour uray il nous

387 570 621 60 rendra trop plus noble/ trop plus

388 613 618 66 excellent/ et telle uie quon ne scau-

388 658 228 59 roit estimer.

441 709 568 55 O urays chãpions ⁊ propugna

388 760 617 46 teurs/ de la parolle de Dieu/ ayez

385 800 620 55 bon courage/ la uictoire uous est

384 848 621 57 preste/ le triumphe ordonne auec le

384 895 620 54 grand capitaine Iesus. Ne tournez

381 939 621 58 le dos en ceste bataille tresuertueu-

385 982 617 63 se. Entrez hardimẽt dedãs poͬ lhõ

384 1029 617 62 neur de ce tãt bon pere/ ce grãd roy

385 1075 616 55 qui nous regarde/ uoire duquel est

381 1123 617 60 la bataille/ ⁊ qui bataille en nous/

381 1169 612 61 nous menant ⁊ cõduisant par son

385 1218 609 67 esperit tandis que nous allõs bien.

828 1264 166 64 Donnez
