1085 1619
361 156 622 57 a mort par mauuaise uolunte ⁊ de

364 205 618 58 faict/ en cõmenceant au p̃mier iuste

364 250 615 60 Abel en continuant es autres/ ⁊ en

364 299 619 55 la propre personne de Iesus/ et fi-

365 346 618 53 nissant au dernier iuste ⁊ esleu. Car

364 391 619 58 tout ce qui est faict aux esleuz/ est

361 434 622 62 faict au corps de Iesus: car ilz sont

367 485 619 56 son corps/ chair de sa chair/ et os de

365 528 622 58 ses os. Qui pourroit dire ceste an-

365 577 621 54 goisse? Mais laissons ce pensemẽt

364 621 621 60 aux meurtriers espãdantz le sang

364 667 619 60 des fideles: sinon quen ce aurõs oc-

363 712 619 54 casion de rendre graces a nostre bõ

364 758 619 62 pere/ quil nous a segregez/ ⁊ separez

363 812 619 52 du millieu diceulx pour estre des

363 854 620 59 siens/ non pas pour noz oeuures ne

363 902 620 53 merites: mais par sa grace et bonte

363 947 148 54 infinie.

410 982 571 69 Alors les esleuz escriptz ⁊ nom-

361 1033 620 59 brez au liure de uie auãt que le mõ-

361 1082 621 60 de feust/ les urays enfãs de Dieu

363 1131 616 58 par adoption ⁊ grace/ separez des

361 1176 616 58 mauuais/ et mis a la dextre en

365 1222 613 94 hault ⁊ dignite/ orrõt la uoix plei-

875 1270 103 73 ne de

225 423 125 96 Eph.u.
