1085 1619
334 207 167 186 D

396 167 512 61 ¶ De Dieu Chapitre.i.

507 214 441 58 Ieu/ est bonte/ puissance/

507 257 445 58 ⁊ sagesse infinie/ sans cõ

502 303 453 63 mencement ⁊ sans fin/ ue

502 349 452 65 rite immuable. Ce que

338 399 617 58 bien on entend par la creation du

340 439 614 65 monde: auquel rien nya inutile et

344 485 608 69 qui ne porte proffit. Et cõbien quil

336 534 616 60 soit faict de rien/ ⁊ y ait grande con

336 578 614 68 trariete/ neãtmoins par la puissan

336 626 615 62 ce de Dieu est conserue/ ainsi que

336 670 614 66 par sa grande sagesse tout a este si

336 715 616 66 bien ordõne. Cecy nous monstre la

336 760 615 67 saincte escripture/ ⁊ commẽt nostre

337 808 613 58 Dieu est si bon/ quil nous a forme

334 851 613 62 a sa semblance nous donnãt la sei¬

337 901 611 55 gneurie sus toutes creatures. La¬

334 944 614 65 quelle perdue par desobeissance et

334 998 614 51 presumption/ nous a este rẽdue par

334 1037 614 63 la grande bonte de Dieu/ lequel a

333 1086 606 60 tant ayme le mõde quil a dõne son

333 1131 615 63 seul filz/ qui par la uertu ⁊ puissan

333 1176 615 62 ce du pere estant en luy a destruict

331 1222 615 77 nostre mort/ par merueilleuse sa¬

847 1270 93 79 gesse

209 462 125 76 Gene.i.

198 847 123 58 Genese

190 893 56 60 iii.

194 1063 115 95 Jehan

194 1115 52 80 iii
