1085 1619
95 137 624 62 ne de doulceur grace ⁊ misericorde.

94 188 615 61 Uenez bienheureux beneitz de dieu

94 237 617 51 mon pere: ausq̃lz par moy ilz a don

94 277 619 62 ne sa benediction cõme il auoit pro¬

91 322 618 65 mis/ receuez pour heritage le royau

93 368 616 67 me qui uous est appreste des le cõ¬

94 416 401 60 mencemẽt du monde.

144 460 567 64 Icy uoys tu que ceulx uiẽnẽt a

97 507 622 65 Iesus/ ⁊ sõt faictz heritier de Dieu

94 555 625 60 auec luy/ qui ont la benediction du

94 601 625 60 pere. Lesquelz il auoit promis a

94 646 622 60 Abraham q̃ par sa semẽce (qͥ est Ie

94 692 623 62 sus) ilz seroient beneitz. Ausquelz le

91 739 629 62 royaume des cieulx est appreste des

91 782 625 63 le cõmẽcemẽt du mõde. En quoy

94 828 622 61 tu dois entendre iceulx estre seule¬

94 874 622 66 mẽt des filz de nostre Seigñr/ aus¬

94 921 622 62 quelz il dõne sa benediction par Ie

97 968 620 60 sus/ les unissant a iceluy. Car de la

97 1014 616 65 plenitude de grace qͥ est en Iesus/

97 1061 615 62 tous recoiuẽt par foy qui sõt ses mẽ

97 1107 619 62 bres ⁊ uniz a luy/ ordõnez a la uie

97 1153 619 55 des le cõmencemẽt du monde. Car

98 1200 621 83 auant q̃ le monde feust cree Dieu a

581 1249 135 58 preueu

719 183 129 74 Matth.

716 245 85 47 xxu.

720 329 120 60 Genese

716 379 86 52 xxii.

713 415 130 62 Gala¬

713 457 108 65 tes.iii.

723 1079 135 62 Iehan.i.
