1085 1619
70 141 622 61 rens/ ne des gens/ ou lieux/ ne de la

74 186 615 63 uie diceluy a qui il est dõne/ Dieu

68 233 178 54 le donne.

113 277 575 56 Et au contraire/ rien ne proffite

71 325 617 55 aux ĩfideles ⁊ reprouuez/ estre filz

68 372 621 57 de Abraham ou Isaac selõ la chair.

71 418 619 58 Baille leur toutes les sãctificatiõs

75 464 614 55 quon peult auoir corporellemẽ tãt

72 508 621 61 de baptesmes ⁊ purifications q̃ lhõ

74 554 615 55 me puisse administrer. Fais quilz

75 600 619 63 soyẽt enseignez des plus sainctz ꝓ-

74 647 620 62 phetes ⁊ apostres/ uoire de la bou-

74 694 625 58 che de Iesus/ ⁊ quilz retiẽnent ⁊ en-

76 739 621 59 seignẽt ce quilz ont apprĩs/ quilz fa

75 785 619 54 cent toutes uertuz ⁊ miracles/ ayẽt

75 836 615 53 toute apparẽce de sainctete/ tout ny

75 878 617 61 sert rien. Regarde Esau plourãt

78 926 604 56 sur sõ frere le receuãt amiablemẽt/

78 970 619 56 qͥ est nay dune mesme uẽtree. Regar

79 1018 622 55 de Iudas grand apostre preschant

80 1061 621 58 ce quil auoit apprins de Iesus/ fai

82 1107 621 62 sant tout plein de miracles: mais

80 1153 623 55 tout nest rien. Et pourtãt ceulx

82 1202 614 74 qui ont prophetize ⁊ faict miracles/

573 1252 117 64 qui ne

697 879 124 70 Genese

697 939 120 60 xxxiii.

704 1206 131 64 Matth.

700 1256 59 56 uii.
