<?xml version="1.0" encoding="UTF-8"?>
<alto xmlns:xsi="http://www.w3.org/2001/XMLSchema-instance"
      xmlns="http://www.loc.gov/standards/alto/ns-v4#"
      xsi:schemaLocation="http://www.loc.gov/standards/alto/ns-v4# http://www.loc.gov/standards/alto/v4/alto-4-2.xsd">
  <Description>
    <MeasurementUnit>pixel</MeasurementUnit>
    <sourceImageInformation>
      <fileName>163_c3f6f_default.jpg</fileName>
      <fileIdentifier>https://www.e-rara.ch/gep_g/i3f/v20/1954222/full/full/0/default.jpg</fileIdentifier>
    </sourceImageInformation>
  </Description>
  
  <Tags>
    <OtherTag ID="BT766" LABEL="DropCapitalZone" DESCRIPTION="block type DropCapitalZone"/><OtherTag ID="BT767" LABEL="MainZone" DESCRIPTION="block type MainZone"/><OtherTag ID="BT768" LABEL="MarginTextZone" DESCRIPTION="block type MarginTextZone"/><OtherTag ID="BT769" LABEL="NumberingZone" DESCRIPTION="block type NumberingZone"/><OtherTag ID="BT771" LABEL="RunningTitleZone" DESCRIPTION="block type RunningTitleZone"/><OtherTag ID="BT772" LABEL="StampZone" DESCRIPTION="block type StampZone"/><OtherTag ID="BT773" LABEL="TableZone" DESCRIPTION="block type TableZone"/><OtherTag ID="BT996" LABEL="TitlePageZone" DESCRIPTION="block type TitlePageZone"/><OtherTag ID="BT999" LABEL="GraphicZone" DESCRIPTION="block type GraphicZone"/><OtherTag ID="BT1359" LABEL="QuireMarksZone" DESCRIPTION="block type QuireMarksZone"/>
    <OtherTag ID="LT265" LABEL="HeadingLine" DESCRIPTION="line type HeadingLine"/><OtherTag ID="LT266" LABEL="DefaultLine" DESCRIPTION="line type DefaultLine"/><OtherTag ID="LT267" LABEL="DropCapitalLine" DESCRIPTION="line type DropCapitalLine"/>
  </Tags>
  
  <Layout>
    <Page WIDTH="1085"
          HEIGHT="1619"
          PHYSICAL_IMG_NR="163"
          ID="eSc_dummypage_">
      <PrintSpace HPOS="0"
                  VPOS="0"
                  WIDTH="1085"
                  HEIGHT="1619">
        
        <TextBlock HPOS="377"
                   VPOS="127"
                   WIDTH="637"
                   HEIGHT="1133"
                   ID="eSc_textblock_a8c5075e"
                   TAGREFS="BT767">
          <Shape><Polygon POINTS="377 127 381 1260 1014 1234 1014 127"/></Shape>
          
          
          <TextLine ID="eSc_line_26f5772e"
                    TAGREFS="LT266"
                    BASELINE="387 174 1008 169" 
                    HPOS="387"
                    VPOS="124"
                    WIDTH="621"
                    HEIGHT="56">
            <Shape><Polygon POINTS="993 138 979 137 966 136 952 136 939 134 925 133 912 133 909 133 908 132 898 132 885 130 871 130 858 129 844 128 838 128 833 130 769 124 763 124 750 124 727 133 669 124 669 125 655 125 642 125 636 130 584 125 574 126 561 126 560 126 546 133 527 126 520 126 507 126 502 126 480 130 476 128 466 128 461 128 457 132 435 128 426 128 412 128 411 128 396 132 387 165 387 174 387 180 1006 178 1008 169 1005 138 993 138"/></Shape>
	    <String CONTENT="qui ne sont pas des esleuz serõt reie"
                    HPOS="387"
                    VPOS="124"
                    WIDTH="621"
                    HEIGHT="56"></String>
          </TextLine>

          
          
          <TextLine ID="eSc_line_937cb820"
                    TAGREFS="LT266"
                    BASELINE="387 218 1008 214" 
                    HPOS="387"
                    VPOS="171"
                    WIDTH="621"
                    HEIGHT="63">
            <Shape><Polygon POINTS="979 171 977 171 960 178 890 171 885 171 871 171 866 171 821 178 802 171 790 172 789 172 780 179 684 172 682 172 669 172 659 172 646 179 624 172 615 172 612 172 589 180 588 180 580 180 485 174 480 174 466 174 454 174 395 180 388 198 387 218 387 226 425 226 435 234 437 234 438 234 439 234 441 234 442 234 456 226 592 234 593 234 657 233 658 233 677 225 905 232 906 232 947 223 960 232 962 232 963 232 964 232 1008 221 1008 214 1006 179 987 171 979 171"/></Shape>
	    <String CONTENT="ctez/ en quoy le mõde est grãdemẽt"
                    HPOS="387"
                    VPOS="171"
                    WIDTH="621"
                    HEIGHT="63"></String>
          </TextLine>

          
          
          <TextLine ID="eSc_line_b1066772"
                    TAGREFS="LT266"
                    BASELINE="387 265 1006 261" 
                    HPOS="385"
                    VPOS="217"
                    WIDTH="621"
                    HEIGHT="62">
            <Shape><Polygon POINTS="387 265 387 271 421 279 422 279 423 279 425 279 434 272 435 272 437 272 582 279 584 279 585 279 587 279 596 272 599 271 627 273 681 277 682 277 713 273 735 271 759 273 788 277 789 277 790 277 792 277 796 273 801 269 816 275 823 276 824 276 825 276 840 275 874 269 1005 275 1006 261 1005 223 995 217 994 217 993 217 991 217 840 223 811 225 808 223 801 217 800 217 798 217 797 217 758 223 738 226 707 222 665 218 663 218 662 218 661 218 655 222 649 226 632 222 626 221 624 221 623 221 615 222 589 228 385 221 387 265"/></Shape>
	    <String CONTENT="abuse/ nayant cõgnoissance de lor-"
                    HPOS="385"
                    VPOS="217"
                    WIDTH="621"
                    HEIGHT="62"></String>
          </TextLine>

          
          
          <TextLine ID="eSc_line_cdb5836c"
                    TAGREFS="LT266"
                    BASELINE="388 311 1005 307" 
                    HPOS="387"
                    VPOS="267"
                    WIDTH="618"
                    HEIGHT="52">
            <Shape><Polygon POINTS="388 311 388 319 1004 315 1005 307 1002 269 394 267 392 267 391 267 390 267 390 268 388 268 387 269 388 311"/></Shape>
	    <String CONTENT="donnance de Dieu inestimable/ iu-"
                    HPOS="387"
                    VPOS="267"
                    WIDTH="618"
                    HEIGHT="52"></String>
          </TextLine>

          
          
          <TextLine ID="eSc_line_67040014"
                    TAGREFS="LT266"
                    BASELINE="385 357 1005 353" 
                    HPOS="383"
                    VPOS="310"
                    WIDTH="621"
                    HEIGHT="61">
            <Shape><Polygon POINTS="384 356 384 371 1002 368 1004 352 999 313 721 317 715 311 713 310 712 310 711 310 623 310 622 310 620 310 619 310 618 311 608 318 477 318 443 311 442 311 441 311 439 311 414 318 383 311 384 356"/></Shape>
	    <String CONTENT="geãt aucun estre sainct a cause des"
                    HPOS="383"
                    VPOS="310"
                    WIDTH="621"
                    HEIGHT="61"></String>
          </TextLine>

          
          
          <TextLine ID="eSc_line_7a50a80b"
                    TAGREFS="LT266"
                    BASELINE="385 404 1006 400" 
                    HPOS="384"
                    VPOS="358"
                    WIDTH="622"
                    HEIGHT="53">
            <Shape><Polygon POINTS="385 404 385 411 1005 408 1006 400 1004 358 626 358 624 358 596 364 588 365 560 365 434 360 433 360 384 366 385 404"/></Shape>
	    <String CONTENT="miracles/ ⁊ autres choses/ auant le"
                    HPOS="384"
                    VPOS="358"
                    WIDTH="622"
                    HEIGHT="53"></String>
          </TextLine>

          
          
          <TextLine ID="eSc_line_a8c33dd1"
                    TAGREFS="LT266"
                    BASELINE="385 451 1006 445" 
                    HPOS="384"
                    VPOS="402"
                    WIDTH="622"
                    HEIGHT="59">
            <Shape><Polygon POINTS="993 402 979 407 958 402 951 402 937 402 936 402 924 407 854 403 833 402 829 402 816 402 807 402 797 404 780 408 770 404 766 403 762 403 750 403 747 406 740 410 708 406 678 403 668 403 658 403 654 407 653 410 649 408 638 403 627 403 622 403 568 410 564 410 561 410 514 406 512 406 511 406 510 406 510 407 508 407 506 411 504 412 495 412 416 404 415 404 414 404 384 414 385 451 385 461 1006 461 1006 445 1001 402 993 402"/></Shape>
	    <String CONTENT="tẽps que nostre Seigñr uiẽne. Car"
                    HPOS="384"
                    VPOS="402"
                    WIDTH="622"
                    HEIGHT="59"></String>
          </TextLine>

          
          
          <TextLine ID="eSc_line_e8aa74cd"
                    TAGREFS="LT266"
                    BASELINE="387 497 1002 492" 
                    HPOS="385"
                    VPOS="447"
                    WIDTH="617"
                    HEIGHT="65">
            <Shape><Polygon POINTS="541 450 539 450 538 450 512 460 418 451 416 451 415 451 385 461 387 497 387 512 425 505 480 511 481 511 483 511 484 511 541 504 1001 504 1002 492 999 457 916 457 898 447 897 447 896 447 894 447 893 447 883 456 847 449 846 449 844 449 843 449 843 450 842 450 836 457 817 450 816 450 815 450 813 450 798 457 761 449 759 449 673 458 592 451 591 451 589 451 574 458 542 450 541 450"/></Shape>
	    <String CONTENT="poͬ les miracles ne telles choses on"
                    HPOS="385"
                    VPOS="447"
                    WIDTH="617"
                    HEIGHT="65"></String>
          </TextLine>

          
          
          <TextLine ID="eSc_line_b9b3369a"
                    TAGREFS="LT266"
                    BASELINE="387 543 1008 539" 
                    HPOS="385"
                    VPOS="495"
                    WIDTH="623"
                    HEIGHT="60">
            <Shape><Polygon POINTS="804 495 802 495 788 501 786 501 701 496 700 496 699 496 678 503 677 503 618 496 616 496 615 496 600 503 595 497 595 496 593 496 592 496 591 496 492 504 442 497 441 497 439 497 418 504 410 497 408 497 407 497 406 497 404 497 385 505 387 543 387 550 798 555 800 555 1008 546 1008 539 1004 500 879 501 877 501 860 495 859 495 858 495 856 495 855 495 844 501 842 501 805 495 804 495"/></Shape>
	    <String CONTENT="nest point sainct. Ie laisse les mira"
                    HPOS="385"
                    VPOS="495"
                    WIDTH="623"
                    HEIGHT="60"></String>
          </TextLine>

          
          
          <TextLine ID="eSc_line_b79e7588"
                    TAGREFS="LT266"
                    BASELINE="390 589 1006 586" 
                    HPOS="388"
                    VPOS="542"
                    WIDTH="618"
                    HEIGHT="61">
            <Shape><Polygon POINTS="998 551 952 551 935 542 933 542 932 542 886 550 862 542 860 542 859 542 813 550 699 543 697 543 696 543 694 543 681 553 630 553 597 543 596 543 595 543 593 543 592 543 584 551 569 543 568 543 566 543 565 543 551 550 520 543 519 543 441 551 416 543 415 543 414 543 412 543 388 553 390 589 390 603 446 596 639 603 662 603 663 603 669 603 715 594 785 601 786 601 989 594 1001 601 1006 586 1005 576 998 551"/></Shape>
	    <String CONTENT="cles controuuez. Les miracles sont"
                    HPOS="388"
                    VPOS="542"
                    WIDTH="618"
                    HEIGHT="61"></String>
          </TextLine>

          
          
          <TextLine ID="eSc_line_53c36516"
                    TAGREFS="LT266"
                    BASELINE="388 636 1002 632" 
                    HPOS="387"
                    VPOS="588"
                    WIDTH="615"
                    HEIGHT="56">
            <Shape><Polygon POINTS="388 636 388 644 1001 643 1002 632 998 588 387 593 388 636"/></Shape>
	    <String CONTENT="aussi faictz par les reprouuez. Et"
                    HPOS="387"
                    VPOS="588"
                    WIDTH="615"
                    HEIGHT="56"></String>
          </TextLine>

          
          
          <TextLine ID="eSc_line_61e8216e"
                    TAGREFS="LT266"
                    BASELINE="388 682 1008 679" 
                    HPOS="387"
                    VPOS="635"
                    WIDTH="621"
                    HEIGHT="59">
            <Shape><Polygon POINTS="624 635 623 635 622 635 614 642 612 643 605 642 578 636 576 636 566 636 560 643 558 644 529 644 526 643 512 636 508 636 503 636 485 643 468 636 468 636 454 636 452 636 387 644 388 682 388 690 1005 694 1008 679 1004 636 689 643 669 640 626 635 624 635"/></Shape>
	    <String CONTENT="ceulx que Dieu a ayme grãdemẽt"
                    HPOS="387"
                    VPOS="635"
                    WIDTH="621"
                    HEIGHT="59"></String>
          </TextLine>

          
          
          <TextLine ID="eSc_line_805066d7"
                    TAGREFS="LT266"
                    BASELINE="388 727 1001 729" 
                    HPOS="387"
                    VPOS="686"
                    WIDTH="614"
                    HEIGHT="57">
            <Shape><Polygon POINTS="388 727 387 733 407 742 408 742 410 742 411 742 435 735 437 735 503 735 504 736 510 740 510 742 511 742 512 742 514 742 597 737 649 735 669 739 694 743 696 743 734 739 770 736 998 743 1001 729 999 689 388 686 388 727"/></Shape>
	    <String CONTENT="(cõme plusieurs ꝓphetes/ ⁊ Iehan"
                    HPOS="387"
                    VPOS="686"
                    WIDTH="614"
                    HEIGHT="57"></String>
          </TextLine>

          
          
          <TextLine ID="eSc_line_90e4f00d"
                    TAGREFS="LT266"
                    BASELINE="388 775 1005 773" 
                    HPOS="387"
                    VPOS="728"
                    WIDTH="618"
                    HEIGHT="61">
            <Shape><Polygon POINTS="954 729 940 729 939 729 931 735 885 729 873 729 862 729 819 735 797 729 792 729 778 729 771 729 750 735 595 728 593 728 592 728 591 728 580 736 576 736 537 728 535 728 534 728 533 728 522 736 514 728 512 728 511 728 508 728 495 728 481 728 468 728 461 728 460 728 458 728 457 728 448 736 445 736 416 728 415 728 414 728 412 728 387 735 388 775 388 782 651 789 653 789 654 789 663 785 672 782 724 786 759 787 761 787 762 787 767 786 781 781 794 786 798 787 800 787 801 787 802 787 808 786 825 781 854 786 860 787 862 787 870 786 905 781 914 787 916 787 917 787 919 787 927 787 983 781 1001 787 1005 773 1002 736 962 729 954 729"/></Shape>
	    <String CONTENT="baptiste) nõt faict aucũs miracles."
                    HPOS="387"
                    VPOS="728"
                    WIDTH="618"
                    HEIGHT="61"></String>
          </TextLine>

          
          
          <TextLine ID="eSc_line_388c2ffb"
                    TAGREFS="LT266"
                    BASELINE="437 821 1008 818" 
                    HPOS="435"
                    VPOS="775"
                    WIDTH="573"
                    HEIGHT="60">
            <Shape><Polygon POINTS="448 775 446 775 445 775 435 781 437 821 437 835 487 828 1005 828 1008 818 1005 781 449 775 448 775"/></Shape>
	    <String CONTENT="Dõnons donc toute la gloire a"
                    HPOS="435"
                    VPOS="775"
                    WIDTH="573"
                    HEIGHT="60"></String>
          </TextLine>

          
          
          <TextLine ID="eSc_line_f73ebcc6"
                    TAGREFS="LT266"
                    BASELINE="393 869 453 866 1008 864" 
                    HPOS="391"
                    VPOS="821"
                    WIDTH="615"
                    HEIGHT="58">
            <Shape><Polygon POINTS="392 868 392 879 1006 871 1006 863 1002 825 815 829 808 824 805 821 804 821 802 821 751 821 750 821 748 821 747 821 747 822 746 824 740 829 603 829 592 822 591 821 589 821 588 821 587 821 570 822 526 828 496 822 487 821 485 821 484 821 483 821 481 822 472 829 462 822 462 821 461 821 460 821 458 821 457 821 454 822 443 828 391 822 392 868"/></Shape>
	    <String CONTENT="Dieu/ ⁊ nõ aux creatures/ ceremo-"
                    HPOS="391"
                    VPOS="821"
                    WIDTH="615"
                    HEIGHT="58"></String>
          </TextLine>

          
          
          <TextLine ID="eSc_line_976aebe8"
                    TAGREFS="LT266"
                    BASELINE="384 914 1005 909" 
                    HPOS="383"
                    VPOS="866"
                    WIDTH="622"
                    HEIGHT="59">
            <Shape><Polygon POINTS="900 866 898 866 890 867 870 872 865 868 862 866 860 866 859 866 858 866 856 866 855 866 852 868 844 874 703 871 566 868 565 868 564 868 562 868 562 870 557 874 555 875 529 874 421 870 419 870 383 876 384 914 384 925 848 925 848 924 931 917 958 922 959 922 1005 914 1005 909 999 866 971 872 917 867 901 866 900 866"/></Shape>
	    <String CONTENT="nies/ sacremẽtz: ou autre chose que"
                    HPOS="383"
                    VPOS="866"
                    WIDTH="622"
                    HEIGHT="59"></String>
          </TextLine>

          
          
          <TextLine ID="eSc_line_55d5b64a"
                    TAGREFS="LT266"
                    BASELINE="384 960 1004 957" 
                    HPOS="383"
                    VPOS="910"
                    WIDTH="621"
                    HEIGHT="61">
            <Shape><Polygon POINTS="871 910 870 910 869 910 867 910 865 913 858 918 835 913 827 912 815 912 813 912 811 914 805 920 746 920 734 916 719 912 707 912 697 916 689 920 677 917 663 913 653 913 651 913 646 917 641 920 634 917 622 913 612 913 608 913 581 918 574 920 573 918 566 913 558 913 545 913 531 914 518 914 504 914 500 914 462 920 454 914 450 914 437 914 423 914 410 914 396 914 383 921 384 960 384 971 1002 968 1004 957 998 910 981 920 890 920 878 913 873 910 871 910"/></Shape>
	    <String CONTENT="lhõe puisse administrer. Dieu seul"
                    HPOS="383"
                    VPOS="910"
                    WIDTH="621"
                    HEIGHT="61"></String>
          </TextLine>

          
          
          <TextLine ID="eSc_line_09de646e"
                    TAGREFS="LT266"
                    BASELINE="387 1006 1002 1002" 
                    HPOS="385"
                    VPOS="959"
                    WIDTH="617"
                    HEIGHT="59">
            <Shape><Polygon POINTS="898 959 885 959 882 959 846 964 813 959 804 959 790 959 782 959 748 966 657 960 655 960 642 960 628 960 615 960 601 960 597 960 581 964 568 960 561 960 558 960 550 967 550 968 514 968 477 968 464 960 453 960 450 960 415 967 406 960 399 960 395 960 385 966 387 1006 387 1018 1001 1009 1002 1002 999 966 916 966 908 959 898 959"/></Shape>
	    <String CONTENT="sauue ⁊ dõne uie ainsi qͥl a dispose/"
                    HPOS="385"
                    VPOS="959"
                    WIDTH="617"
                    HEIGHT="59"></String>
          </TextLine>

          
          
          <TextLine ID="eSc_line_15447037"
                    TAGREFS="LT266"
                    BASELINE="387 1052 1004 1048" 
                    HPOS="385"
                    VPOS="1003"
                    WIDTH="619"
                    HEIGHT="57">
            <Shape><Polygon POINTS="871 1003 858 1003 844 1003 843 1003 796 1010 793 1010 788 1010 690 1005 682 1005 669 1005 658 1005 627 1010 612 1005 603 1005 589 1011 588 1011 582 1011 535 1006 534 1006 520 1006 516 1006 500 1011 493 1006 493 1006 480 1006 470 1006 385 1011 387 1052 387 1059 1002 1060 1004 1048 1001 1010 879 1003 871 1003"/></Shape>
	    <String CONTENT="demandõs que sa saincte uolunte"
                    HPOS="385"
                    VPOS="1003"
                    WIDTH="619"
                    HEIGHT="57"></String>
          </TextLine>

          
          
          <TextLine ID="eSc_line_ce398fc3"
                    TAGREFS="LT266"
                    BASELINE="390 1102 1001 1096" 
                    HPOS="388"
                    VPOS="1051"
                    WIDTH="613"
                    HEIGHT="62">
            <Shape><Polygon POINTS="726 1051 720 1051 705 1056 690 1060 638 1055 597 1051 591 1052 577 1052 574 1052 543 1055 484 1059 388 1053 390 1102 390 1113 1001 1103 1001 1096 999 1059 982 1052 981 1052 979 1052 835 1057 770 1059 757 1056 732 1051 726 1051"/></Shape>
	    <String CONTENT="soit accõplie ou en uie/ ou en mort."
                    HPOS="388"
                    VPOS="1051"
                    WIDTH="613"
                    HEIGHT="62"></String>
          </TextLine>

          
          
          <TextLine ID="eSc_line_e01a56c6"
                    TAGREFS="LT266"
                    BASELINE="437 1146 1001 1142" 
                    HPOS="435"
                    VPOS="1098"
                    WIDTH="566"
                    HEIGHT="59">
            <Shape><Polygon POINTS="638 1100 634 1100 623 1104 619 1106 596 1106 507 1102 503 1102 489 1102 476 1102 462 1102 449 1102 441 1102 435 1104 437 1146 437 1154 593 1150 611 1154 618 1157 619 1157 620 1157 622 1157 623 1157 623 1156 624 1156 624 1154 628 1149 684 1149 692 1154 692 1156 693 1156 694 1156 696 1157 751 1157 751 1156 753 1156 754 1156 754 1154 761 1148 817 1148 998 1154 1001 1142 997 1098 661 1104 659 1104 651 1100 638 1100"/></Shape>
	    <String CONTENT="Mais cecy ne peuuẽt uouloir q̃"
                    HPOS="435"
                    VPOS="1098"
                    WIDTH="566"
                    HEIGHT="59"></String>
          </TextLine>

          
          
          <TextLine ID="eSc_line_75bddcd6"
                    TAGREFS="LT266"
                    BASELINE="388 1191 1004 1188" 
                    HPOS="387"
                    VPOS="1144"
                    WIDTH="617"
                    HEIGHT="62">
            <Shape><Polygon POINTS="997 1149 931 1144 927 1144 913 1144 909 1144 882 1149 879 1149 873 1144 873 1144 859 1144 846 1144 832 1144 819 1144 805 1145 800 1145 796 1149 794 1150 771 1150 770 1148 766 1145 765 1145 751 1145 747 1145 740 1148 736 1149 724 1148 701 1145 697 1145 684 1145 670 1145 657 1145 643 1145 634 1145 631 1148 627 1150 387 1146 387 1149 388 1191 388 1203 570 1206 572 1206 585 1204 620 1199 634 1204 638 1206 639 1206 641 1206 655 1204 705 1198 771 1204 775 1204 777 1204 778 1204 796 1198 823 1204 824 1204 825 1204 827 1204 842 1198 862 1204 863 1204 865 1204 866 1204 917 1198 1001 1204 1004 1188 1001 1157 997 1149"/></Shape>
	    <String CONTENT="les filz qui desirent la uolunte de"
                    HPOS="387"
                    VPOS="1144"
                    WIDTH="617"
                    HEIGHT="62"></String>
          </TextLine>

          
          
          <TextLine ID="eSc_line_51fcb209"
                    TAGREFS="LT266"
                    BASELINE="387 1235 753 1238" 
                    HPOS="385"
                    VPOS="1191"
                    WIDTH="368"
                    HEIGHT="86">
            <Shape><Polygon POINTS="387 1191 387 1235 385 1257 504 1258 518 1265 538 1272 539 1272 541 1272 573 1268 597 1264 604 1269 612 1276 614 1276 615 1276 616 1277 751 1277 753 1238 753 1200 719 1191 717 1191 716 1191 577 1194 425 1198 398 1191 387 1191"/></Shape>
	    <String CONTENT="leur pere estre faicte."
                    HPOS="385"
                    VPOS="1191"
                    WIDTH="368"
                    HEIGHT="86"></String>
          </TextLine>

          
        </TextBlock>
        
        <TextBlock HPOS="230"
                   VPOS="312"
                   WIDTH="156"
                   HEIGHT="98"
                   ID="eSc_textblock_a859fbf6"
                   TAGREFS="BT768">
          <Shape><Polygon POINTS="230 312 230 410 380 410 386 312"/></Shape>
          
          
          <TextLine ID="eSc_line_e54d0132"
                    TAGREFS="LT266"
                    BASELINE="249 360 383 353" 
                    HPOS="245"
                    VPOS="308"
                    WIDTH="136"
                    HEIGHT="69">
            <Shape><Polygon POINTS="248 358 248 361 309 361 323 371 334 377 336 377 337 377 338 377 381 375 381 352 379 313 245 308 248 358"/></Shape>
	    <String CONTENT="i.Corin."
                    HPOS="245"
                    VPOS="308"
                    WIDTH="136"
                    HEIGHT="69"></String>
          </TextLine>

          
          
          <TextLine ID="eSc_line_435e4478"
                    TAGREFS="LT266"
                    BASELINE="249 399 315 396" 
                    HPOS="246"
                    VPOS="356"
                    WIDTH="69"
                    HEIGHT="47">
            <Shape><Polygon POINTS="287 356 277 356 246 362 249 399 249 403 315 402 315 396 313 360 299 356 287 356"/></Shape>
	    <String CONTENT="iiii."
                    HPOS="246"
                    VPOS="356"
                    WIDTH="69"
                    HEIGHT="47"></String>
          </TextLine>

          
        </TextBlock>
        
        <TextBlock HPOS="227"
                   VPOS="806"
                   WIDTH="159"
                   HEIGHT="66"
                   ID="eSc_textblock_4c369c61"
                   TAGREFS="BT768">
          <Shape><Polygon POINTS="227 806 227 872 386 872 386 806"/></Shape>
          
          
          <TextLine ID="eSc_line_d96a7a5f"
                    TAGREFS="LT266"
                    BASELINE="245 858 384 854" 
                    HPOS="241"
                    VPOS="790"
                    WIDTH="142"
                    HEIGHT="84">
            <Shape><Polygon POINTS="244 856 244 866 286 874 287 874 288 874 330 863 363 871 364 871 365 871 367 871 368 871 383 860 383 852 380 800 327 790 326 790 325 790 302 801 276 791 275 791 273 791 272 791 271 791 271 793 259 802 259 804 241 804 244 856"/></Shape>
	    <String CONTENT="Iehã.x."
                    HPOS="241"
                    VPOS="790"
                    WIDTH="142"
                    HEIGHT="84"></String>
          </TextLine>

          
        </TextBlock>
        
        <TextBlock HPOS="793"
                   VPOS="1234"
                   WIDTH="211"
                   HEIGHT="64"
                   ID="eSc_textblock_21d4823c"
                   TAGREFS="BT1359">
          <Shape><Polygon POINTS="793 1234 793 1298 1004 1298 1004 1234"/></Shape>
          
          
          <TextLine ID="eSc_line_5d9028f0"
                    TAGREFS="LT266"
                    BASELINE="811 1285 999 1281" 
                    HPOS="808"
                    VPOS="1226"
                    WIDTH="191"
                    HEIGHT="79">
            <Shape><Polygon POINTS="811 1285 811 1300 870 1305 871 1305 873 1305 900 1299 909 1296 998 1296 999 1281 995 1226 808 1231 811 1285"/></Shape>
	    <String CONTENT="Considere"
                    HPOS="808"
                    VPOS="1226"
                    WIDTH="191"
                    HEIGHT="79"></String>
          </TextLine>

          
        </TextBlock>
        

        
      </PrintSpace>
    </Page>
  </Layout>
</alto>
