1085 1619
133 140 576 61 Cõsidere cõmẽt les esleuz (quãd

79 190 621 58 loccasion uient/ ⁊ que nostre Seigͬ

80 240 623 58 oeuure en eulx) se mõstrẽt estre des

79 283 624 62 enfans de Dieu. Est ce en hypocri¬

82 333 622 56 sie/ papelardise/ barbotterie/ distin¬

79 379 625 55 ctiõs de iours/ de uiandes/ dhabil¬

79 420 622 63 lementz/ ou de lieux? En cecy ne se

80 470 623 58 declaire lesperit de Dieu/ leq̃l tire

79 512 622 60 le coeur de lesleu/ ⁊ faict quil ayme

80 558 620 58 ⁊ hõnore Dieu/ mettãt sa fiance en

79 607 622 54 luy: mais il se declaire ꝑ uraye cha¬

79 658 624 51 rite enuers le prochain: auq̃l il sert

80 698 619 58 ⁊ ayde pour lhonneur de Dieu/ en

80 744 623 65 telle affection/ cõme sil le faisoit a

79 794 615 51 Dieu. Lequel en soymesme na nul

76 836 616 62 mestier de nous/ ne de noz biens/ ne

78 881 614 58 de boire/ ne de mãger/ ne de maisõ/

78 928 614 66 ne de robbe: mais en nostre ꝓchain

80 975 620 59 ueult estre seruy/ tellement q̃ ce que

78 1025 623 52 nous luy faisons/ nous le faisõs a

79 1068 617 57 Dieu. Et pourtãt dira il a ce ioꝰ

76 1114 617 63 du iugement: I ay eu faim/ ⁊ uous

78 1206 621 75 dõne a boire. Iay este sans logis/ ⁊

75 1156 618 71 mauez dõne a mãger: soif/ ⁊ mauez

469 1260 220 67 L mauez

704 778 131 86 Psalme

701 848 88 58 xlix.

700 1107 138 73 Matth.

701 1177 81 53 xxu.
