1085 1619
354 140 620 59 mauez receu auec uous: nud/ ⁊ ma

354 184 618 61 uez uestu: malade/ ⁊ mauez uisite:

357 230 618 70 en prison/ ⁊ estes uenu a moy. Par

358 279 617 63 cecy donnãt a entendre q̃ toutes les

356 321 619 68 necessitez ⁊ indigẽces que uoyõs en

356 366 625 68 nostre frere/ luy deuõs secourir. Car

358 415 620 62 ceulx qͥ ont indigẽce/ lesq̃lz il nous

360 462 614 60 enuoye pour leur ayder (cest ausq̃lz

360 505 614 68 nous pouuõs biẽ faire) pour uray

361 553 598 60 nous leur deuõs ayder ⁊ secourir.

410 597 572 70 Congnoys ⁊ apprẽdz par cecy q̃l

363 643 620 59 est lesperit derreur/ cõment il tiẽt et

364 690 618 68 possede du tout ceulx qͥ ont des en-

364 735 621 67 fans en necessite ⁊ paourete/ quand

365 782 620 67 cela qui leur doiuẽt dõner/ le dõnẽt

363 831 619 66 aux pardõs/ questeurs/ prebstres/

364 875 622 66 messes/ reliques. Et qui aussi uoyẽt

367 922 618 58 les paoures qͥ ne peuuẽt trauailler/

371 968 615 64 mourantz de faim/ de soif/ ⁊ froidu

371 1013 618 64 re/ ⁊ les laissẽt/ ou biẽ peu leur don

372 1059 615 60 nẽt/ ⁊ fõt grosses fondatiõs/ obitz/

373 1107 617 61 eglises/ chappelles/ autelz/ ima-

373 1150 614 66 ges/ conuẽtz/ cloistres/ nourrissãtz

375 1202 611 72 oyseux/ sains/ ⁊ en bon point ceulx

919 1252 70 66 qui
