1085 1619
78 151 619 64 qui peuuent bien gaigner leur uie/

76 198 618 62 cõe sont ces besaciers/ ⁊ autres poͬ¬

76 242 620 66 ceaulx. Plusieurs sont aussi qui

76 290 620 63 ont a leur porte leur uoysin mala¬

76 334 618 66 de/ ⁊ tant de gẽs desolez (ausquelz

80 381 605 61 peuuẽt donner consolation ⁊ ayde)

75 429 625 63 ⁊ les laissantz courẽt ca ⁊ la/ de lieu

75 477 617 61 en lieu a leurs uoyages qͥlz ont ꝓ¬

75 519 617 65 mis a leurs fantasies/ laissãtz ce q̃

76 565 621 63 Dieu cõmande. Entẽdez/ Dieu

74 619 622 56 ne demande rien de tout cela: mais

74 659 623 64 ce quil a cõmande. Uous rẽdrez cõ¬

76 705 620 62 pte des biens que y despendez/ et de

72 751 621 62 tout. Car riẽ nest a uous/ Dieu les

72 794 620 64 a mis en uoz mains pour accõplir

68 839 622 66 sa uolunte/ non pas la uostre. Car

70 887 616 68 nostre Seigͬ ne dit pas/ iestoye en

71 933 619 66 la mõtaigne ou en Ierusalẽ/ a Rõ¬

72 980 618 64 me ou a saĩct Iacques/ ⁊ uoꝰ estes

74 1032 618 58 uenuz a moy: mais malade ⁊ en pri

72 1072 620 63 son. Despẽdez ce q̃ Dieu uous a

71 1122 619 62 dõne/ pour secourir a uoz paoures

71 1164 621 67 enfans/ a cõsoler ⁊ ayder les mala

70 1212 624 88 des/ prisonniers/ ⁊ indigẽs: la ferez

439 1262 247 65 L i
