1085 1619
357 145 621 68 uous les oeuures que Dieu demã

354 190 624 70 de. Cest la uolũte diceluy qͥ seul dõ¬

356 241 625 69 ne pleniere remission de peine et de

357 286 624 63 coulpe/ ⁊ pardõne tout poͬ lamour

358 330 621 74 de soymesme par nostre Seigneur

360 383 140 60 Iesus.

394 410 583 81 Ie laisse la sentence des iniques/

357 465 624 74 laq̃lle ilz lirõt silz ueulẽt/ se faisãtz

361 518 620 62 plus de grace q̃ aux autres/ ausq̃lz

360 561 625 66 ilz deffendent la saincte escripture.

363 607 623 68 Sachẽt toutesfoys (silz ne font pe

361 657 626 63 nitẽce) que le doulx Iesus qͥ main¬

364 698 622 68 tenãt les attend a misericorde/ fera

364 744 621 73 horrible uengeãce de liniure qͥlz luy

365 790 618 73 font en contẽnant sa saincte parol¬

365 841 618 61 le/ ⁊ mettant a mort ses seruiteurs

368 883 615 76 qͥ la portent ⁊ annoncẽt. Et plꝰtost

369 928 620 70 quilz ne pẽsent descẽdront auec les

371 976 614 61 diables en peine ⁊ tormẽt eternel/ ⁊

373 1021 618 73 les iustes/ quilz traictent ainsi mal

358 1069 629 71 iront en despit de eulx auec leur roy

375 1113 616 72 Iesus/ apres ces brefues miseres ⁊

372 1161 617 81 tribulations/ posseder la gloire/ et

375 1219 311 113 royaumne eternel.

856 1215 134 111 Ceqͥ

221 688 135 58 Romaĩs

225 740 42 53 ii.

229 855 132 63 Leuiticq̃

229 907 113 48 xxxii.

225 944 140 63 Iob.xxi

229 1036 140 64 Matth.

233 1084 103 65 xxu.
