1085 1619
156 156 572 76 ¶ Cecy auons escrit affin q̃ tout

107 206 621 66 hõneur ⁊ gloire soit donne au seul

107 254 617 63 dieu/ ⁊ a nul autre. Priãt toꝰ ceulx

107 298 621 63 qͥ le liront qͥlz ne soiẽt temeraires a

106 346 617 68 soubdain iuger: mais demandantz

102 392 622 68 la grace du pere plein de misericor¬

103 438 620 66 de ⁊ son sainct esperit/ prẽnent leur

102 485 619 61 cõseil sur lescripture en lexaminãt

103 530 617 59 songneusemẽt. Et autant qui le

99 578 622 64 trouuerõt estre approuue par icel¬

97 621 624 68 le/ autant le tiennẽt ⁊ approuuent

98 669 623 63 selon la reigle de foy/ sans auoir re

98 716 622 65 gard au tẽps soit long ou bref/ a la

94 762 626 63 multitude ou grãd nõbre/ ne au pe

94 808 625 63 tit nõbre/ ne a lespece de sainctete/ a

93 851 622 67 lopinion de la science: mais de pur

93 898 616 65 oeil ⁊ simple coeur prouuẽt ce quon

94 945 618 65 ꝓpose/ ⁊ ce selõ la parolle de Dieu.

89 995 624 54 Car mieulx uault auec le seul Elie

91 1040 621 59 tenir la uerite ⁊ adorer ung seul

91 1086 620 62 Dieu/ que auec innumerables ido¬

89 1130 622 65 latres uenir cõtre son sainct cõmã¬

90 1177 618 65 demẽt: cõbien q̃ plusieurs de grosse

90 1222 618 86 estimation si longtẽps ayent ainst

427 1273 274 74 L .iii. uescu.
