1085 1619
138 299 167 192 P

191 172 486 76 ¶ Traicte de Purgatoire.

318 245 420 81 Ar la parolle de Dieu

319 310 420 58 on ne trouue poĩt qͥ soit

321 357 418 53 faict mẽtion dautre pur

321 406 422 56 gatoire q̃ le sang de Ie¬

330 449 412 59 suchrist: par leq̃l les pe¬

130 492 612 66 chez ⁊ iniqͥtez du mõde sõt purgez.

175 542 568 59 Ueu dõc quil nen est aucunemẽt

126 586 614 62 parle en lescripture saincte (selõ la¬

125 632 605 61 quelle on doit esprouuer les espe¬

125 677 615 58 ritz silz sont de Dieu) ie mesbahis

126 724 621 51 cõment aucuns qͥ se disent Theolo

130 771 617 57 giẽs/ ont este tant audacieux/ teme

128 817 622 55 raires ⁊ hardis/ de enseigner autre

132 863 615 57 purgation/ que par le sang de Iesu

128 910 619 54 christ: ⁊ q̃ le monde a este si despour

129 959 618 55 ueu dentendemẽt de croire a telz do

128 997 623 63 cteurs mẽsongiers. Certes cest le

128 1048 625 58 iugemẽt de Dieu/ qͥ delaisse les sa¬

133 1091 613 65 ges du mõde en sẽs reprouue/ affin

136 1138 538 62 que les siens soyent congneuz.

183 1184 574 58 P mõstrer dõc q̃ le purgatoire

138 1231 617 70 papisticq̃ nest rien q̃ fantosme/ illu¬

743 611 128 74 i.Iehan

746 661 62 56 iiii.

499 1276 251 78 L .iiii. sion/
