1085 1619
90 145 619 68 hõme qͥ croyt en luy ne perisse poĩt:

91 198 621 61 mais quil ayt la uie eternelle. Car

94 237 617 71 Dieu na poĩt enuoye sõ filz au mõ

93 287 610 65 de/ pour iuger le mõde: mais affin

94 335 617 64 q̃ le monde soit sauue par luy. Qui

94 379 618 67 croit en luy/ il ne sera poĩt iuge. Et

94 430 618 62 qͥ ne croit point/ il est desia iuge: car

93 472 618 62 il ne croit point au nom du seul filz

95 516 624 68 de Dieu. Uous uoyez que le pere

95 566 624 65 nous a dõne son seul filz: affin q̃ ce¬

95 612 622 67 luy qui croyt en luy ayt la uie eter¬

95 655 622 62 nelle. En apres que la uie eternelle

97 701 624 69 ensuyt le croyant. Or ne seroit elle

99 751 621 63 poĩt eternelle/ si celuy qͥ croyt estoit

97 797 622 61 iuge destre mis au feu de purgatoi¬

97 840 622 63 re: car la uie eternelle ⁊ paradis est

98 889 623 60 tout ung. Dauãtage uous con

99 934 621 64 gnoissez le monde estre sauue par

98 979 625 66 Christ. Il sentend dõc que  icelle uie

103 1028 614 66 soit sans peine: ⁊ celuy qui croit en

101 1071 620 70 luy nestre point iuge. Or sil alloit

103 1118 616 69 en purgatoire il seroit iuge y aller/

103 1168 621 59 ce que ne peult estre le croyant. Car

101 1210 612 78 cõme dit S. Paul/ il ny a nulle cõ¬

545 1261 170 63 dẽnation

726 1187 133 83 Romaĩs

726 1264 67 52 uiii.
