1085 1619
388 137 620 65 demnation a ceulx qui sont en Ie¬

390 184 620 57 suchrist. Aĩsi q̃ luy mesme noꝰ asseu

391 230 619 65 re par S. Iehan ou il a dict: En ue

388 279 622 63 rite/ en uerite ie uous dis/ qͥ oyt ma

388 330 622 57 parolle ⁊ croyt a celuy qͥ ma ẽuoye/

387 371 626 60 il a la uie eternelle/ ⁊ ne uiẽt point

387 423 627 50 en cõdẽnation: mais il passera de la

387 462 626 66 mort a la uie. Et silz uouloiẽt

388 508 624 65 dire q̃ aller en purgatoire/ nest poĩt

388 554 624 63 estre iuge: ce seroit ꝯtreuenu mesme

388 601 625 56 a leurs traditiõs humaines/ qͥ disẽt

391 650 621 61 une ame pour ung seul peche mor

388 696 622 62 tel/ estre adiugee sept ans au feu de

391 740 619 60 purgatoire. Qui est ung grand er¬

387 785 625 62 reur/ ⁊ une grãde arrogãce de ainsi

387 832 623 65 affermer telles choses sans q̃lq̃ fon

385 881 625 53 demẽt de lescripture/ en laq̃lle on ne

385 929 627 59 trouue point qͥ soit faict mẽtion de

390 971 620 62 sept ans/ ou de dix/ ou de douze: ne

390 1014 619 65 aussi q̃ de deux lieux: ascauoir du

387 1060 622 61 repos/ ⁊ de torment. Cõme assez est

388 1107 621 58 figure en S. Luc/ par la similitude

392 1154 562 64 du mauuais riche/ ⁊ du Lazare.

445 1200 564 89 Itẽ le brigãt qͥ fut crucifie pres

825 1250 179 84 de Christ/

249 238 139 88 Iehã.u.

246 1063 80 51 Luc

251 1109 75 80 xui.
