1085 1619
375 138 620 65 mens/ ⁊ expiatiõs/ pour les pechez

376 180 617 69 des uiuans: mais il na escrit ung

376 225 619 70 seul mot du purgatoire/ ny ð la ma

373 272 618 69 niere de subuenir aux trespassez:

372 321 621 64 ains il deffend aux sacrificateurs

373 365 621 69 de nestre poĩt souillez sur les corps

371 416 623 64 mortz/ ne de eulx contrister sur la

372 457 621 67 mort de leͬs citoyẽs. Ce q̃ S. Paul

372 503 614 67 a bien entẽdu en lepistre aux Thes

376 551 614 62 saloniẽs. Parquoy cest chose incer-

369 601 618 66 taine de determiner quil y ayt ung

372 650 618 56 purgatoire: pour ce q̃ on nen trouue

367 693 622 63 riẽ en la saincte escriture: ains icelle

369 733 617 72 totallemẽt y cõtrarie. Ainsi qͥl ap-

364 782 621 69 pert en ce passage de Lapocalipse:

364 828 618 65 Biẽheureux sont les mortz/ qͥ sont

360 881 483 52 mortz en nostre Seigneur.

410 924 561 67 Maintenãt ie demãde si celuy qͥ

358 970 624 59 meurt/ meurt en nostre Seigñr ou

356 1014 625 66 non. Si meurt en nostre Seigñr/ il

356 1061 623 68 est biẽheureux/ cõme il appert par

354 1106 624 69 le texte. Et sil ne meurt poĩt en nr̃e

356 1149 621 70 Seigñr/ il est malheureux uerita-

354 1198 624 81 blemẽt: car il nya q̃ ses deux uoyes.

851 1258 117 64 Mais

229 508 136 62 i.Thes-

232 563 112 56 sa.iiii.

226 783 134 52 Apocali

221 827 139 59 pse.xiiii
