1085 1619
361 129 621 59 nellemẽt ceulx qui sont sanctifiez.

363 175 616 58 En apres dit le Psalmiste: Mais

361 221 618 55 apres q̃ ie tay dõne a cõgnoistre mõ

361 267 621 56 peche/ ⁊ q̃ ie ne tay point cele mõ cri

360 313 625 55 me: lors que iay dit (en me accusant

358 357 623 61 moymesme) ie cõfesse ma trãsgres¬

358 406 620 54 sion au Seigͬ/ incõtinent tu as re¬

356 451 623 60 mis le crime de mon peche. Si donc

354 496 625 62 nostre Seigͬ nous pardõne toꝰ noz

357 545 624 62 pechez quãd affectueusemẽt de ce le

356 588 622 62 requerõs/ il nest plus besoĩg destre

354 635 625 65 moleste poͬ iceulx/ ueu qͥlz noꝰ sõt

356 681 621 65 effacez par la foy/ q̃ nous auons en

354 731 624 56 la mort ⁊ passion de Iesuchrist/ la¬

356 771 618 61 quelle est parfaicte/ ou ĩparfaicte.

354 821 618 62 Si elle est parfaicte/ il ne fault plꝰ

357 871 617 58 riẽ poͬ la parfaire: car se seroit blas¬

354 916 616 59 phemer la passion de Christ: ainsi q̃

356 963 618 56 fõt les refondeurs des ames: lors

357 1009 615 55 qͥlz ueulẽt par leurs oeuures satis¬

357 1049 615 65 faire de leͬs pechez au fourneau de

356 1096 618 65 purgatoire. Silz ueullẽt dire: Da¬

354 1142 620 64 uid a peche: puis sõ peche luy a este

356 1196 615 69 pardonne/ quãt a la coulpe/ et non

860 1249 118 65 point

225 171 133 63 Psalme

219 229 108 57 xxxi.

217 814 137 64 Argumẽ

215 874 135 47 t

215 912 142 55 ficiẽti di

213 953 137 77 uisione.
