<?xml version="1.0" encoding="UTF-8"?>
<alto xmlns:xsi="http://www.w3.org/2001/XMLSchema-instance"
      xmlns="http://www.loc.gov/standards/alto/ns-v4#"
      xsi:schemaLocation="http://www.loc.gov/standards/alto/ns-v4# http://www.loc.gov/standards/alto/v4/alto-4-2.xsd">
  <Description>
    <MeasurementUnit>pixel</MeasurementUnit>
    <sourceImageInformation>
      <fileName>178_56f55_default.jpg</fileName>
      <fileIdentifier>https://www.e-rara.ch/gep_g/i3f/v20/1954237/full/full/0/default.jpg</fileIdentifier>
    </sourceImageInformation>
  </Description>
  
  <Tags>
    <OtherTag ID="BT766" LABEL="DropCapitalZone" DESCRIPTION="block type DropCapitalZone"/><OtherTag ID="BT767" LABEL="MainZone" DESCRIPTION="block type MainZone"/><OtherTag ID="BT768" LABEL="MarginTextZone" DESCRIPTION="block type MarginTextZone"/><OtherTag ID="BT769" LABEL="NumberingZone" DESCRIPTION="block type NumberingZone"/><OtherTag ID="BT771" LABEL="RunningTitleZone" DESCRIPTION="block type RunningTitleZone"/><OtherTag ID="BT772" LABEL="StampZone" DESCRIPTION="block type StampZone"/><OtherTag ID="BT773" LABEL="TableZone" DESCRIPTION="block type TableZone"/><OtherTag ID="BT996" LABEL="TitlePageZone" DESCRIPTION="block type TitlePageZone"/><OtherTag ID="BT999" LABEL="GraphicZone" DESCRIPTION="block type GraphicZone"/><OtherTag ID="BT1359" LABEL="QuireMarksZone" DESCRIPTION="block type QuireMarksZone"/>
    <OtherTag ID="LT265" LABEL="HeadingLine" DESCRIPTION="line type HeadingLine"/><OtherTag ID="LT266" LABEL="DefaultLine" DESCRIPTION="line type DefaultLine"/><OtherTag ID="LT267" LABEL="DropCapitalLine" DESCRIPTION="line type DropCapitalLine"/>
  </Tags>
  
  <Layout>
    <Page WIDTH="1085"
          HEIGHT="1619"
          PHYSICAL_IMG_NR="178"
          ID="eSc_dummypage_">
      <PrintSpace HPOS="0"
                  VPOS="0"
                  WIDTH="1085"
                  HEIGHT="1619">
        
        <TextBlock HPOS="47"
                   VPOS="131"
                   WIDTH="654"
                   HEIGHT="1137"
                   ID="eSc_textblock_d4353f2e"
                   TAGREFS="BT767">
          <Shape><Polygon POINTS="47 143 73 1268 701 1246 688 131"/></Shape>
          
          
          <TextLine ID="eSc_line_59aa4b34"
                    TAGREFS="LT266"
                    BASELINE="64 190 689 179" 
                    HPOS="63"
                    VPOS="134"
                    WIDTH="626"
                    HEIGHT="67">
            <Shape><Polygon POINTS="684 137 670 134 470 137 468 138 454 138 450 138 438 138 427 140 414 140 400 140 387 140 373 141 360 141 346 141 333 143 319 143 306 143 292 143 279 144 265 144 252 144 238 145 225 145 211 145 198 145 184 147 171 147 157 147 144 148 130 148 117 148 103 149 90 149 76 149 63 149 64 190 64 201 689 188 689 179 685 138 684 137"/></Shape>
	    <String CONTENT="point quant a la peine: pource quil"
                    HPOS="63"
                    VPOS="134"
                    WIDTH="626"
                    HEIGHT="67"></String>
          </TextLine>

          
          
          <TextLine ID="eSc_line_3d427844"
                    TAGREFS="LT266"
                    BASELINE="66 233 685 225" 
                    HPOS="64"
                    VPOS="182"
                    WIDTH="621"
                    HEIGHT="59">
            <Shape><Polygon POINTS="523 183 510 183 496 183 495 183 461 190 457 190 453 190 410 184 402 184 392 184 375 190 371 191 357 191 298 186 294 187 280 187 267 187 253 187 240 187 226 187 213 188 199 188 186 188 180 188 64 192 66 233 66 241 581 241 581 240 684 232 685 225 682 188 527 182 523 183"/></Shape>
	    <String CONTENT="demoura oblige a lune des troys"
                    HPOS="64"
                    VPOS="182"
                    WIDTH="621"
                    HEIGHT="59"></String>
          </TextLine>

          
          
          <TextLine ID="eSc_line_4d37fc48"
                    TAGREFS="LT266"
                    BASELINE="66 279 682 273" 
                    HPOS="64"
                    VPOS="226"
                    WIDTH="618"
                    HEIGHT="64">
            <Shape><Polygon POINTS="591 226 581 226 533 233 516 234 491 233 426 229 415 229 402 229 392 229 349 234 329 236 314 234 287 230 280 230 267 232 253 232 240 232 226 232 213 232 210 232 206 234 199 237 64 236 66 279 66 290 682 284 682 273 678 233 608 233 607 233 592 226 591 226"/></Shape>
	    <String CONTENT="peines qui luy furẽt presentees. Ie"
                    HPOS="64"
                    VPOS="226"
                    WIDTH="618"
                    HEIGHT="64"></String>
          </TextLine>

          
          
          <TextLine ID="eSc_line_a8cd11db"
                    TAGREFS="LT266"
                    BASELINE="66 325 681 318" 
                    HPOS="63"
                    VPOS="273"
                    WIDTH="617"
                    HEIGHT="60">
            <Shape><Polygon POINTS="670 273 657 273 643 273 630 273 616 273 603 273 589 273 576 273 562 273 549 273 535 273 522 275 508 275 495 275 481 275 468 275 454 275 443 275 437 277 429 281 376 279 298 276 296 276 295 276 294 276 286 281 283 283 282 281 271 276 269 276 268 276 226 283 222 283 214 283 90 277 89 277 87 277 63 286 64 323 64 333 678 329 680 317 677 273 670 273"/></Shape>
	    <String CONTENT="respõdz/ q̃ (cõme dit est) Dieu par-"
                    HPOS="63"
                    VPOS="273"
                    WIDTH="617"
                    HEIGHT="60"></String>
          </TextLine>

          
          
          <TextLine ID="eSc_line_3fa1f3c3"
                    TAGREFS="LT266"
                    BASELINE="64 371 681 362" 
                    HPOS="63"
                    VPOS="319"
                    WIDTH="618"
                    HEIGHT="60">
            <Shape><Polygon POINTS="670 319 662 319 603 325 587 319 576 319 573 319 560 326 503 321 495 321 481 321 476 321 464 327 395 322 387 322 373 322 365 322 354 330 265 330 184 323 184 325 171 325 161 325 160 325 155 331 63 325 64 371 64 379 680 375 681 362 677 319 670 319"/></Shape>
	    <String CONTENT="dõne tout ou rien. Car qͥ dõne le plꝰ"
                    HPOS="63"
                    VPOS="319"
                    WIDTH="618"
                    HEIGHT="60"></String>
          </TextLine>

          
          
          <TextLine ID="eSc_line_5b4d1635"
                    TAGREFS="LT266"
                    BASELINE="66 416 685 410" 
                    HPOS="64"
                    VPOS="368"
                    WIDTH="621"
                    HEIGHT="61">
            <Shape><Polygon POINTS="267 369 253 369 240 369 226 369 213 369 199 369 186 369 184 369 178 375 105 371 91 371 78 371 75 371 64 375 66 416 66 422 311 429 313 429 402 420 416 427 418 427 419 427 421 427 438 419 672 424 673 424 674 424 676 424 685 416 685 410 682 371 275 368 267 369"/></Shape>
	    <String CONTENT="iamais ne refuse le moins: or est ce"
                    HPOS="64"
                    VPOS="368"
                    WIDTH="621"
                    HEIGHT="61"></String>
          </TextLine>

          
          
          <TextLine ID="eSc_line_0ac123ef"
                    TAGREFS="LT266"
                    BASELINE="67 465 681 457" 
                    HPOS="66"
                    VPOS="415"
                    WIDTH="615"
                    HEIGHT="61">
            <Shape><Polygon POINTS="295 415 282 415 268 415 255 415 241 415 228 415 215 415 214 415 155 423 101 416 99 416 98 416 85 423 75 416 74 416 72 416 71 416 70 416 68 416 68 418 67 418 66 419 67 465 67 476 681 461 681 457 678 415 309 415 295 415"/></Shape>
	    <String CONTENT="plus de dõner la coulpe q̃ la peine."
                    HPOS="66"
                    VPOS="415"
                    WIDTH="615"
                    HEIGHT="61"></String>
          </TextLine>

          
          
          <TextLine ID="eSc_line_c190b9b3"
                    TAGREFS="LT266"
                    BASELINE="68 515 242 507 686 501" 
                    HPOS="67"
                    VPOS="454"
                    WIDTH="619"
                    HEIGHT="70">
            <Shape><Polygon POINTS="674 458 661 458 647 458 634 458 620 458 607 458 593 458 580 458 566 460 553 460 539 460 526 460 512 460 499 460 485 460 472 461 458 461 445 461 431 461 418 461 404 461 391 461 377 461 364 462 350 462 337 462 323 462 311 462 273 462 269 464 256 464 251 464 67 466 68 515 68 524 161 516 207 522 218 522 219 522 221 522 222 522 224 520 232 515 282 519 303 520 304 520 686 507 686 501 682 454 674 454 674 458"/></Shape>
	    <String CONTENT="Il sensuit dõc sil dõne la coulpe qͥl"
                    HPOS="67"
                    VPOS="454"
                    WIDTH="619"
                    HEIGHT="70"></String>
          </TextLine>

          
          
          <TextLine ID="eSc_line_9d284142"
                    TAGREFS="LT266"
                    BASELINE="67 555 689 547" 
                    HPOS="66"
                    VPOS="503"
                    WIDTH="623"
                    HEIGHT="64">
            <Shape><Polygon POINTS="582 503 576 503 565 504 551 504 538 504 535 504 66 516 67 555 67 561 168 567 170 567 171 567 192 561 194 561 198 561 265 566 267 566 689 557 689 547 686 509 584 503 582 503"/></Shape>
	    <String CONTENT="ne reserue point la peine: mais en ce"
                    HPOS="66"
                    VPOS="503"
                    WIDTH="623"
                    HEIGHT="64"></String>
          </TextLine>

          
          
          <TextLine ID="eSc_line_58746fe2"
                    TAGREFS="LT266"
                    BASELINE="70 600 690 593" 
                    HPOS="70"
                    VPOS="550"
                    WIDTH="620"
                    HEIGHT="57">
            <Shape><Polygon POINTS="473 551 460 551 446 551 433 551 430 551 381 559 373 559 365 559 307 553 306 553 304 553 303 553 294 559 222 555 221 555 168 562 163 562 161 562 155 555 149 555 136 555 122 555 109 555 106 555 79 561 71 582 70 600 70 607 690 605 690 593 688 555 477 550 473 551"/></Shape>
	    <String CONTENT="mõde/ pour nous humilier/ exercer"
                    HPOS="70"
                    VPOS="550"
                    WIDTH="620"
                    HEIGHT="57"></String>
          </TextLine>

          
          
          <TextLine ID="eSc_line_2e61d444"
                    TAGREFS="LT266"
                    BASELINE="68 648 689 640" 
                    HPOS="67"
                    VPOS="597"
                    WIDTH="622"
                    HEIGHT="58">
            <Shape><Polygon POINTS="310 599 296 599 283 599 269 599 256 599 245 599 147 605 67 600 68 648 68 655 688 647 689 640 686 599 321 597 310 599"/></Shape>
	    <String CONTENT="a patiẽce/ ⁊ noꝰ dõner a cõgnoistre"
                    HPOS="67"
                    VPOS="597"
                    WIDTH="622"
                    HEIGHT="58"></String>
          </TextLine>

          
          
          <TextLine ID="eSc_line_d0ee795b"
                    TAGREFS="LT266"
                    BASELINE="71 696 690 685" 
                    HPOS="70"
                    VPOS="646"
                    WIDTH="620"
                    HEIGHT="62">
            <Shape><Polygon POINTS="71 696 71 708 306 698 415 698 596 700 597 700 690 690 690 685 686 646 70 651 71 696"/></Shape>
	    <String CONTENT="sa puissance/ il nous laisse souuent"
                    HPOS="70"
                    VPOS="646"
                    WIDTH="620"
                    HEIGHT="62"></String>
          </TextLine>

          
          
          <TextLine ID="eSc_line_4a028aed"
                    TAGREFS="LT266"
                    BASELINE="71 739 690 731" 
                    HPOS="70"
                    VPOS="686"
                    WIDTH="620"
                    HEIGHT="58">
            <Shape><Polygon POINTS="71 739 71 744 689 743 690 731 686 686 70 700 71 739"/></Shape>
	    <String CONTENT="en tribulation/ mesme ceulx qͥ nont"
                    HPOS="70"
                    VPOS="686"
                    WIDTH="620"
                    HEIGHT="58"></String>
          </TextLine>

          
          
          <TextLine ID="eSc_line_0e7aabfc"
                    TAGREFS="LT266"
                    BASELINE="74 786 690 778" 
                    HPOS="72"
                    VPOS="732"
                    WIDTH="618"
                    HEIGHT="61">
            <Shape><Polygon POINTS="612 732 604 732 565 736 535 739 515 736 496 733 491 733 480 733 479 736 473 742 434 742 422 736 416 735 410 735 404 735 403 736 398 740 368 737 356 736 356 736 342 736 337 736 331 737 313 742 303 737 300 736 288 736 275 737 237 743 207 737 194 737 190 737 172 744 72 739 74 786 74 793 690 787 690 778 686 736 635 737 631 736 623 732 612 732"/></Shape>
	    <String CONTENT="poĩt peche: cõe il appert de Iob/ de"
                    HPOS="72"
                    VPOS="732"
                    WIDTH="618"
                    HEIGHT="61"></String>
          </TextLine>

          
          
          <TextLine ID="eSc_line_b95d15ea"
                    TAGREFS="LT266"
                    BASELINE="75 835 690 821" 
                    HPOS="74"
                    VPOS="779"
                    WIDTH="616"
                    HEIGHT="61">
            <Shape><Polygon POINTS="668 779 654 779 641 779 627 779 620 779 618 782 614 785 600 782 588 779 587 781 573 781 561 781 507 785 484 786 481 786 473 782 465 782 453 782 439 786 431 789 426 787 415 782 411 782 404 782 394 787 392 789 391 787 383 782 371 783 368 783 326 789 286 783 276 785 273 785 226 791 206 785 205 785 203 785 202 785 201 785 191 793 190 793 141 787 140 787 74 796 75 835 75 840 690 828 690 821 688 781 673 779 668 779"/></Shape>
	    <String CONTENT="Ieremie/ ⁊ de plusieͬs autres. Car"
                    HPOS="74"
                    VPOS="779"
                    WIDTH="616"
                    HEIGHT="61"></String>
          </TextLine>

          
          
          <TextLine ID="eSc_line_09e07ee8"
                    TAGREFS="LT266"
                    BASELINE="74 878 653 870 664 873 688 874" 
                    HPOS="71"
                    VPOS="821"
                    WIDTH="615"
                    HEIGHT="69">
            <Shape><Polygon POINTS="634 821 588 829 584 829 582 829 565 822 557 824 551 824 545 829 543 831 538 829 511 824 503 825 493 825 483 831 469 825 462 825 449 825 435 827 422 827 408 827 395 827 392 827 256 835 248 835 246 835 233 831 219 831 206 831 192 832 179 832 165 832 152 832 151 832 71 837 72 876 72 883 265 890 267 890 268 890 290 882 291 882 295 882 350 889 352 889 353 889 369 882 443 887 445 887 446 887 461 881 466 881 542 886 543 886 686 878 686 872 685 828 638 821 634 821"/></Shape>
	    <String CONTENT="cõe dit S. Paul: Afflictiõ engẽdre"
                    HPOS="71"
                    VPOS="821"
                    WIDTH="615"
                    HEIGHT="69"></String>
          </TextLine>

          
          
          <TextLine ID="eSc_line_3ed64293"
                    TAGREFS="LT266"
                    BASELINE="78 925 651 918 689 912" 
                    HPOS="76"
                    VPOS="875"
                    WIDTH="613"
                    HEIGHT="64">
            <Shape><Polygon POINTS="322 875 321 875 295 882 290 883 265 883 126 878 125 878 76 886 78 925 79 939 101 932 295 933 399 934 400 934 688 924 689 912 685 875 379 875 377 875 376 875 364 881 361 882 356 881 323 875 322 875"/></Shape>
	    <String CONTENT="patiẽce/ ⁊ patiẽce ꝓbation/ ⁊ proba"
                    HPOS="76"
                    VPOS="875"
                    WIDTH="613"
                    HEIGHT="64"></String>
          </TextLine>

          
          
          <TextLine ID="eSc_line_06734453"
                    TAGREFS="LT266"
                    BASELINE="75 970 682 960" 
                    HPOS="74"
                    VPOS="917"
                    WIDTH="608"
                    HEIGHT="59">
            <Shape><Polygon POINTS="264 924 263 924 244 930 74 926 75 970 75 976 682 972 682 960 678 917 591 925 265 924 264 924"/></Shape>
	    <String CONTENT="tion esperance: mais esperãce ne cõ"
                    HPOS="74"
                    VPOS="917"
                    WIDTH="608"
                    HEIGHT="59"></String>
          </TextLine>

          
          
          <TextLine ID="eSc_line_957406e5"
                    TAGREFS="LT266"
                    BASELINE="80 1017 680 1009" 
                    HPOS="79"
                    VPOS="964"
                    WIDTH="601"
                    HEIGHT="65">
            <Shape><Polygon POINTS="80 1017 80 1029 260 1029 260 1028 261 1028 265 1026 284 1021 360 1026 376 1026 377 1026 384 1025 415 1019 441 1025 443 1025 445 1025 448 1025 483 1018 572 1024 577 1024 578 1024 581 1024 612 1017 677 1022 680 1009 676 964 79 972 80 1017"/></Shape>
	    <String CONTENT="fond point. Et par ainsi iacoit q̃"
                    HPOS="79"
                    VPOS="964"
                    WIDTH="601"
                    HEIGHT="65"></String>
          </TextLine>

          
          
          <TextLine ID="eSc_line_3d1ce1a6"
                    TAGREFS="LT266"
                    BASELINE="80 1064 693 1056" 
                    HPOS="79"
                    VPOS="1010"
                    WIDTH="614"
                    HEIGHT="61">
            <Shape><Polygon POINTS="578 1010 526 1018 422 1013 421 1013 379 1021 321 1014 319 1014 283 1022 268 1015 267 1015 265 1015 179 1024 101 1017 99 1017 98 1017 79 1025 80 1064 80 1071 692 1063 693 1056 690 1018 591 1010 578 1010"/></Shape>
	    <String CONTENT="Dieu ayt tout pardõne a Dauid:"
                    HPOS="79"
                    VPOS="1010"
                    WIDTH="614"
                    HEIGHT="61"></String>
          </TextLine>

          
          
          <TextLine ID="eSc_line_94b6f0d2"
                    TAGREFS="LT266"
                    BASELINE="82 1110 696 1100" 
                    HPOS="80"
                    VPOS="1060"
                    WIDTH="616"
                    HEIGHT="62">
            <Shape><Polygon POINTS="80 1073 82 1110 82 1122 696 1113 696 1100 692 1060 83 1069 80 1073"/></Shape>
	    <String CONTENT="⁊ quãt a la peine/ ⁊ quãt a la coul-"
                    HPOS="80"
                    VPOS="1060"
                    WIDTH="616"
                    HEIGHT="62"></String>
          </TextLine>

          
          
          <TextLine ID="eSc_line_5b572636"
                    TAGREFS="LT266"
                    BASELINE="83 1158 697 1148" 
                    HPOS="83"
                    VPOS="1102"
                    WIDTH="614"
                    HEIGHT="65">
            <Shape><Polygon POINTS="595 1103 581 1103 580 1103 516 1110 510 1110 506 1110 479 1104 473 1104 460 1104 454 1104 435 1111 433 1111 430 1111 403 1106 392 1106 380 1106 368 1111 340 1106 338 1107 325 1107 311 1107 298 1107 294 1107 209 1115 201 1115 198 1115 168 1109 163 1110 149 1110 134 1117 133 1118 90 1118 85 1129 83 1158 83 1162 311 1167 313 1167 314 1167 338 1160 341 1160 344 1160 385 1165 387 1165 388 1165 402 1158 404 1157 697 1154 697 1148 693 1107 608 1109 605 1109 597 1102 595 1103"/></Shape>
	    <String CONTENT="pe. Toutesfoys il la uoulu humi-"
                    HPOS="83"
                    VPOS="1102"
                    WIDTH="614"
                    HEIGHT="65"></String>
          </TextLine>

          
          
          <TextLine ID="eSc_line_4df66dd8"
                    TAGREFS="LT266"
                    BASELINE="80 1200 697 1194" 
                    HPOS="79"
                    VPOS="1149"
                    WIDTH="618"
                    HEIGHT="61">
            <Shape><Polygon POINTS="619 1150 607 1150 584 1156 577 1150 565 1150 562 1150 533 1157 480 1152 470 1152 457 1153 453 1153 443 1158 433 1153 430 1153 416 1153 408 1153 323 1160 256 1156 255 1156 241 1156 228 1157 214 1157 207 1157 199 1161 79 1158 80 1200 80 1210 696 1206 697 1194 692 1149 665 1156 626 1149 619 1150"/></Shape>
	    <String CONTENT="lier ⁊ esprouuer: affin de dõner a cõ"
                    HPOS="79"
                    VPOS="1149"
                    WIDTH="618"
                    HEIGHT="61"></String>
          </TextLine>

          
          
          <TextLine ID="eSc_line_b6e730a7"
                    TAGREFS="LT266"
                    BASELINE="83 1247 703 1239" 
                    HPOS="82"
                    VPOS="1196"
                    WIDTH="621"
                    HEIGHT="73">
            <Shape><Polygon POINTS="511 1196 469 1202 445 1204 441 1202 435 1198 434 1198 433 1198 431 1198 430 1198 412 1203 406 1204 403 1203 395 1198 394 1198 392 1198 391 1198 390 1198 388 1198 380 1203 376 1206 349 1204 288 1199 287 1199 286 1199 284 1199 277 1206 275 1207 253 1206 184 1200 183 1200 82 1208 83 1247 83 1265 151 1260 167 1265 179 1269 180 1269 182 1269 183 1269 184 1269 191 1264 198 1260 252 1260 264 1262 286 1268 287 1268 288 1268 290 1268 303 1261 313 1257 341 1260 391 1266 392 1266 394 1266 408 1258 414 1256 419 1258 433 1265 434 1265 435 1265 551 1264 553 1264 554 1264 554 1262 561 1257 597 1264 599 1264 600 1264 601 1264 618 1253 619 1252 703 1250 703 1239 700 1198 512 1196 511 1196"/></Shape>
	    <String CONTENT="gnoistre au monde de quelle foy il"
                    HPOS="82"
                    VPOS="1196"
                    WIDTH="621"
                    HEIGHT="73"></String>
          </TextLine>

          
        </TextBlock>
        
        <TextBlock HPOS="570"
                   VPOS="1246"
                   WIDTH="143"
                   HEIGHT="57"
                   ID="eSc_textblock_bbe37582"
                   TAGREFS="BT1359">
          <Shape><Polygon POINTS="581 1250 570 1303 713 1303 707 1246"/></Shape>
          
          
          <TextLine ID="eSc_line_dda821da"
                    TAGREFS="LT266"
                    BASELINE="593 1291 710 1288" 
                    HPOS="591"
                    VPOS="1246"
                    WIDTH="118"
                    HEIGHT="66">
            <Shape><Polygon POINTS="700 1250 682 1246 672 1246 661 1246 658 1250 635 1247 631 1247 618 1249 604 1249 600 1249 591 1253 592 1289 592 1312 627 1312 627 1311 628 1311 635 1308 651 1300 672 1305 685 1308 686 1308 688 1308 689 1308 709 1301 709 1287 707 1261 700 1250"/></Shape>
	    <String CONTENT="estoit"
                    HPOS="591"
                    VPOS="1246"
                    WIDTH="118"
                    HEIGHT="66"></String>
          </TextLine>

          
        </TextBlock>
        
        <TextBlock HPOS="690"
                   VPOS="807"
                   WIDTH="158"
                   HEIGHT="198"
                   ID="eSc_textblock_b596ba06"
                   TAGREFS="BT768">
          <Shape><Polygon POINTS="690 807 694 1003 842 1005 848 809"/></Shape>
          
          
          <TextLine ID="eSc_line_6d02258b"
                    TAGREFS="LT266"
                    BASELINE="692 860 833 862" 
                    HPOS="689"
                    VPOS="818"
                    WIDTH="143"
                    HEIGHT="64">
            <Shape><Polygon POINTS="689 872 724 872 727 874 739 882 740 882 742 882 743 882 831 878 832 860 832 818 690 818 690 859"/></Shape>
	    <String CONTENT="Romaĩs"
                    HPOS="689"
                    VPOS="818"
                    WIDTH="143"
                    HEIGHT="64"></String>
          </TextLine>

          
          
          <TextLine ID="eSc_line_912a9f18"
                    TAGREFS="LT266"
                    BASELINE="695 905 726 901" 
                    HPOS="688"
                    VPOS="860"
                    WIDTH="36"
                    HEIGHT="53">
            <Shape><Polygon POINTS="694 913 724 909 724 899 716 860 688 866 694 903"/></Shape>
	    <String CONTENT="u."
                    HPOS="688"
                    VPOS="860"
                    WIDTH="36"
                    HEIGHT="53"></String>
          </TextLine>

          
          
          <TextLine ID="eSc_line_120b69b2"
                    TAGREFS="LT266"
                    BASELINE="702 943 835 941" 
                    HPOS="700"
                    VPOS="899"
                    WIDTH="133"
                    HEIGHT="60">
            <Shape><Polygon POINTS="701 951 732 959 734 959 735 959 736 959 742 953 746 951 797 951 829 959 833 940 831 907 750 899 748 899 700 905 701 941"/></Shape>
	    <String CONTENT="i.Pierre"
                    HPOS="700"
                    VPOS="899"
                    WIDTH="133"
                    HEIGHT="60"></String>
          </TextLine>

          
          
          <TextLine ID="eSc_line_56172c64"
                    TAGREFS="LT266"
                    BASELINE="703 986 812 983" 
                    HPOS="696"
                    VPOS="945"
                    WIDTH="116"
                    HEIGHT="69">
            <Shape><Polygon POINTS="697 1014 812 1013 812 983 809 947 696 945 697 986"/></Shape>
	    <String CONTENT="i. et .iiii."
                    HPOS="696"
                    VPOS="945"
                    WIDTH="116"
                    HEIGHT="69"></String>
          </TextLine>

          
        </TextBlock>
        

        
      </PrintSpace>
    </Page>
  </Layout>
</alto>
