<?xml version="1.0" encoding="UTF-8"?>
<alto xmlns:xsi="http://www.w3.org/2001/XMLSchema-instance"
      xmlns="http://www.loc.gov/standards/alto/ns-v4#"
      xsi:schemaLocation="http://www.loc.gov/standards/alto/ns-v4# http://www.loc.gov/standards/alto/v4/alto-4-2.xsd">
  <Description>
    <MeasurementUnit>pixel</MeasurementUnit>
    <sourceImageInformation>
      <fileName>179_c7a28_default.jpg</fileName>
      <fileIdentifier>https://www.e-rara.ch/gep_g/i3f/v20/1954238/full/full/0/default.jpg</fileIdentifier>
    </sourceImageInformation>
  </Description>
  
  <Tags>
    <OtherTag ID="BT766" LABEL="DropCapitalZone" DESCRIPTION="block type DropCapitalZone"/><OtherTag ID="BT767" LABEL="MainZone" DESCRIPTION="block type MainZone"/><OtherTag ID="BT768" LABEL="MarginTextZone" DESCRIPTION="block type MarginTextZone"/><OtherTag ID="BT769" LABEL="NumberingZone" DESCRIPTION="block type NumberingZone"/><OtherTag ID="BT771" LABEL="RunningTitleZone" DESCRIPTION="block type RunningTitleZone"/><OtherTag ID="BT772" LABEL="StampZone" DESCRIPTION="block type StampZone"/><OtherTag ID="BT773" LABEL="TableZone" DESCRIPTION="block type TableZone"/><OtherTag ID="BT996" LABEL="TitlePageZone" DESCRIPTION="block type TitlePageZone"/><OtherTag ID="BT999" LABEL="GraphicZone" DESCRIPTION="block type GraphicZone"/><OtherTag ID="BT1359" LABEL="QuireMarksZone" DESCRIPTION="block type QuireMarksZone"/>
    <OtherTag ID="LT265" LABEL="HeadingLine" DESCRIPTION="line type HeadingLine"/><OtherTag ID="LT266" LABEL="DefaultLine" DESCRIPTION="line type DefaultLine"/><OtherTag ID="LT267" LABEL="DropCapitalLine" DESCRIPTION="line type DropCapitalLine"/>
  </Tags>
  
  <Layout>
    <Page WIDTH="1085"
          HEIGHT="1619"
          PHYSICAL_IMG_NR="179"
          ID="eSc_dummypage_">
      <PrintSpace HPOS="0"
                  VPOS="0"
                  WIDTH="1085"
                  HEIGHT="1619">
        
        <TextBlock HPOS="359"
                   VPOS="145"
                   WIDTH="635"
                   HEIGHT="1116"
                   ID="eSc_textblock_e741ffa0"
                   TAGREFS="BT767">
          <Shape><Polygon POINTS="359 145 359 1261 994 1258 994 145"/></Shape>
          
          
          <TextLine ID="eSc_line_0a5c829d"
                    TAGREFS="LT266"
                    BASELINE="375 188 596 186" 
                    HPOS="373"
                    VPOS="140"
                    WIDTH="223"
                    HEIGHT="55">
            <Shape><Polygon POINTS="589 151 576 144 574 144 562 144 549 144 535 144 522 143 508 143 495 143 481 141 479 141 468 141 454 141 443 141 438 144 434 140 427 140 414 140 400 140 387 140 373 165 375 188 375 195 596 194 596 186 595 157 589 151"/></Shape>
	    <String CONTENT="estoit plein."
                    HPOS="373"
                    VPOS="140"
                    WIDTH="223"
                    HEIGHT="55"></String>
          </TextLine>

          
          
          <TextLine ID="eSc_line_5d2d7855"
                    TAGREFS="LT266"
                    BASELINE="422 234 994 232" 
                    HPOS="421"
                    VPOS="188"
                    WIDTH="573"
                    HEIGHT="54">
            <Shape><Polygon POINTS="987 192 974 192 960 192 947 192 933 192 920 192 906 191 893 191 879 191 866 191 856 191 852 191 839 190 825 190 812 190 798 190 785 190 771 190 758 188 748 188 744 192 421 192 422 234 422 240 991 242 994 232 993 213 987 192"/></Shape>
	    <String CONTENT="Ce nest point donc la peine qͥ pur"
                    HPOS="421"
                    VPOS="188"
                    WIDTH="573"
                    HEIGHT="54"></String>
          </TextLine>

          
          
          <TextLine ID="eSc_line_3bcb38bb"
                    TAGREFS="LT266"
                    BASELINE="376 280 994 277" 
                    HPOS="375"
                    VPOS="233"
                    WIDTH="619"
                    HEIGHT="59">
            <Shape><Polygon POINTS="766 233 753 233 739 233 726 233 712 233 699 234 685 234 672 234 658 234 645 234 631 234 618 234 615 234 375 240 376 280 376 292 993 284 994 277 991 238 769 233 766 233"/></Shape>
	    <String CONTENT="ge le peche: mais cest la foy q̃ nous"
                    HPOS="375"
                    VPOS="233"
                    WIDTH="619"
                    HEIGHT="59"></String>
          </TextLine>

          
          
          <TextLine ID="eSc_line_db3af8df"
                    TAGREFS="LT266"
                    BASELINE="375 327 993 323" 
                    HPOS="373"
                    VPOS="279"
                    WIDTH="620"
                    HEIGHT="55">
            <Shape><Polygon POINTS="778 279 765 279 751 279 738 279 724 279 711 279 697 279 684 280 670 280 657 280 643 280 630 280 616 280 603 280 589 280 576 280 562 280 549 280 535 280 522 280 519 280 373 286 375 327 375 334 991 331 993 323 990 280 785 279 778 279"/></Shape>
	    <String CONTENT="auons a Dieu par Iesuchrist: leq̃l"
                    HPOS="373"
                    VPOS="279"
                    WIDTH="620"
                    HEIGHT="55"></String>
          </TextLine>

          
          
          <TextLine ID="eSc_line_f14c210f"
                    TAGREFS="LT266"
                    BASELINE="376 373 989 369" 
                    HPOS="375"
                    VPOS="326"
                    WIDTH="614"
                    HEIGHT="55">
            <Shape><Polygon POINTS="753 326 748 326 727 331 720 333 713 331 686 326 685 326 673 326 655 331 649 333 638 331 605 326 604 326 591 326 574 331 569 333 566 331 561 327 550 327 549 327 529 331 519 333 515 331 507 327 496 327 483 327 469 327 375 330 376 373 376 381 987 380 989 369 986 333 780 333 778 331 762 326 753 326"/></Shape>
	    <String CONTENT="(cõe dit S. Paul) est la purgation"
                    HPOS="375"
                    VPOS="326"
                    WIDTH="614"
                    HEIGHT="55"></String>
          </TextLine>

          
          
          <TextLine ID="eSc_line_afd970f3"
                    TAGREFS="LT266"
                    BASELINE="375 419 994 419" 
                    HPOS="375"
                    VPOS="373"
                    WIDTH="619"
                    HEIGHT="60">
            <Shape><Polygon POINTS="550 373 549 373 526 375 438 381 375 373 375 419 375 433 994 433 994 419 994 381 893 373 892 373 827 379 790 381 784 377 774 373 773 373 771 373 747 377 726 381 703 377 684 373 682 373 681 373 674 376 663 383 577 383 557 375 551 373 550 373"/></Shape>
	    <String CONTENT="de noz pechez. Et par ainsi uou¬"
                    HPOS="375"
                    VPOS="373"
                    WIDTH="619"
                    HEIGHT="60"></String>
          </TextLine>

          
          
          <TextLine ID="eSc_line_bad79cd3"
                    TAGREFS="LT266"
                    BASELINE="372 466 994 462" 
                    HPOS="371"
                    VPOS="420"
                    WIDTH="623"
                    HEIGHT="54">
            <Shape><Polygon POINTS="829 420 821 420 817 424 816 424 808 424 761 420 748 420 742 420 736 424 735 427 692 427 678 426 597 420 587 420 573 420 570 420 561 427 558 429 473 429 473 427 458 420 457 420 456 420 454 420 453 420 453 422 446 427 383 420 381 420 380 420 379 420 371 424 372 466 372 474 994 469 994 462 990 423 843 424 842 424 833 420 829 420"/></Shape>
	    <String CONTENT="loir trouuer autre purgatoire/ q̃ le"
                    HPOS="371"
                    VPOS="420"
                    WIDTH="623"
                    HEIGHT="54"></String>
          </TextLine>

          
          
          <TextLine ID="eSc_line_ad9e605a"
                    TAGREFS="LT266"
                    BASELINE="375 512 991 509" 
                    HPOS="373"
                    VPOS="465"
                    WIDTH="618"
                    HEIGHT="58">
            <Shape><Polygon POINTS="765 465 751 465 738 465 724 465 711 465 697 465 684 465 670 465 657 465 643 465 630 465 616 465 603 465 589 465 576 466 562 466 549 466 535 466 522 466 508 466 495 466 481 466 468 466 454 466 441 466 427 466 414 466 400 466 387 466 373 466 375 512 375 523 990 516 991 509 989 465 778 465 765 465"/></Shape>
	    <String CONTENT="sang de Christ/ nest autre chose que"
                    HPOS="373"
                    VPOS="465"
                    WIDTH="618"
                    HEIGHT="58"></String>
          </TextLine>

          
          
          <TextLine ID="eSc_line_038328b3"
                    TAGREFS="LT266"
                    BASELINE="372 555 993 558" 
                    HPOS="371"
                    VPOS="512"
                    WIDTH="622"
                    HEIGHT="55">
            <Shape><Polygon POINTS="655 512 649 512 612 516 587 519 573 516 549 512 547 512 535 512 522 518 516 519 485 518 395 512 394 512 392 512 372 518 372 555 371 567 991 567 993 558 990 514 964 520 877 514 844 512 843 512 842 512 840 512 840 514 839 515 832 522 770 522 759 515 755 512 754 512 753 512 751 512 723 515 684 520 674 516 666 512 655 512"/></Shape>
	    <String CONTENT="euacuer sa passion/ ⁊ dire ses oeu¬"
                    HPOS="371"
                    VPOS="512"
                    WIDTH="622"
                    HEIGHT="55"></String>
          </TextLine>

          
          
          <TextLine ID="eSc_line_3b5df0bb"
                    TAGREFS="LT266"
                    BASELINE="373 604 801 601" 
                    HPOS="372"
                    VPOS="557"
                    WIDTH="429"
                    HEIGHT="52">
            <Shape><Polygon POINTS="584 557 582 557 568 563 446 558 445 558 372 565 373 604 373 609 800 608 801 601 798 563 585 557 584 557"/></Shape>
	    <String CONTENT="ures estre imparfaictes."
                    HPOS="372"
                    VPOS="557"
                    WIDTH="429"
                    HEIGHT="52"></String>
          </TextLine>

          
          
          <TextLine ID="eSc_line_eaa6c3ba"
                    TAGREFS="LT266"
                    BASELINE="423 646 990 650" 
                    HPOS="422"
                    VPOS="601"
                    WIDTH="568"
                    HEIGHT="62">
            <Shape><Polygon POINTS="797 601 792 604 777 608 767 604 765 603 761 603 747 603 734 603 720 603 709 603 707 604 704 607 700 604 699 603 693 603 688 603 685 604 677 608 607 605 582 604 572 604 558 604 545 604 531 604 518 604 504 604 491 604 477 604 464 604 457 604 423 605 423 646 422 659 542 661 543 661 545 661 572 654 688 662 700 662 701 662 703 662 704 662 704 661 711 655 769 655 844 663 855 663 856 663 870 663 963 657 986 663 990 650 987 603 870 609 820 603 801 601 797 601"/></Shape>
	    <String CONTENT="Et que ainsi soit/ il est notoire q̃"
                    HPOS="422"
                    VPOS="601"
                    WIDTH="568"
                    HEIGHT="62"></String>
          </TextLine>

          
          
          <TextLine ID="eSc_line_0f9e70a4"
                    TAGREFS="LT266"
                    BASELINE="373 694 993 697" 
                    HPOS="372"
                    VPOS="648"
                    WIDTH="621"
                    HEIGHT="53">
            <Shape><Polygon POINTS="970 650 968 650 931 657 917 650 916 650 913 650 900 650 886 650 873 650 870 650 869 650 867 650 866 650 866 651 860 657 859 658 762 658 758 655 747 650 746 650 744 650 709 655 696 657 677 655 635 650 634 650 632 650 624 654 623 655 623 654 618 650 618 648 616 648 615 648 614 648 581 654 569 655 555 654 519 648 518 648 516 648 497 652 487 655 373 652 373 694 372 698 990 701 993 697 993 657 971 650 970 650"/></Shape>
	    <String CONTENT="tous esleuz sont mẽbres de Christ."
                    HPOS="372"
                    VPOS="648"
                    WIDTH="621"
                    HEIGHT="53"></String>
          </TextLine>

          
          
          <TextLine ID="eSc_line_200b6260"
                    TAGREFS="LT266"
                    BASELINE="375 742 991 742" 
                    HPOS="375"
                    VPOS="696"
                    WIDTH="616"
                    HEIGHT="56">
            <Shape><Polygon POINTS="941 697 928 697 914 697 913 697 901 701 900 701 847 697 833 697 820 697 807 697 793 697 780 697 766 697 753 697 739 697 726 697 712 697 699 697 685 697 678 696 375 700 375 742 375 752 991 752 991 742 991 702 946 697 941 697"/></Shape>
	    <String CONTENT="Et silz sont mẽbres diceluy: il sen¬"
                    HPOS="375"
                    VPOS="696"
                    WIDTH="616"
                    HEIGHT="56"></String>
          </TextLine>

          
          
          <TextLine ID="eSc_line_dec2abc8"
                    TAGREFS="LT266"
                    BASELINE="372 786 993 789" 
                    HPOS="371"
                    VPOS="740"
                    WIDTH="622"
                    HEIGHT="56">
            <Shape><Polygon POINTS="804 743 790 743 777 743 763 743 750 743 736 743 723 743 709 743 693 747 688 747 680 747 649 743 642 743 628 743 615 743 601 743 592 743 577 746 573 743 561 743 554 743 547 746 542 743 534 743 523 743 518 746 515 746 496 743 493 743 480 743 466 743 457 743 452 746 450 746 445 746 425 743 412 743 399 743 385 743 384 740 372 744 372 786 371 796 991 793 993 789 993 748 812 743 804 743"/></Shape>
	    <String CONTENT="suit dõc q̃ sa uertu/ ⁊ les merites de"
                    HPOS="371"
                    VPOS="740"
                    WIDTH="622"
                    HEIGHT="56"></String>
          </TextLine>

          
          
          <TextLine ID="eSc_line_b9116ed7"
                    TAGREFS="LT266"
                    BASELINE="372 836 991 832" 
                    HPOS="371"
                    VPOS="789"
                    WIDTH="620"
                    HEIGHT="62">
            <Shape><Polygon POINTS="982 791 388 789 387 789 385 789 371 794 372 836 373 851 398 843 419 849 421 849 422 851 542 851 542 849 543 849 564 843 573 849 574 849 576 849 577 849 578 849 580 849 580 848 588 841 755 848 757 848 758 848 785 840 807 847 808 847 809 848 990 848 991 832 989 798 982 791"/></Shape>
	    <String CONTENT="sa passion qui sont infiniz/ leur sõt"
                    HPOS="371"
                    VPOS="789"
                    WIDTH="620"
                    HEIGHT="62"></String>
          </TextLine>

          
          
          <TextLine ID="eSc_line_5cb40a83"
                    TAGREFS="LT266"
                    BASELINE="371 881 990 881" 
                    HPOS="371"
                    VPOS="833"
                    WIDTH="619"
                    HEIGHT="60">
            <Shape><Polygon POINTS="968 833 967 833 966 833 964 833 952 841 847 833 846 833 844 833 820 841 784 835 782 835 781 835 755 841 732 835 721 835 711 835 638 841 618 835 614 835 604 835 577 841 560 836 560 836 546 836 543 836 537 843 423 843 406 836 398 836 388 836 371 841 371 881 371 889 989 893 990 881 990 841 970 833 968 833"/></Shape>
	    <String CONTENT="cõmuns. Et par ainsi ilz sõt faictz"
                    HPOS="371"
                    VPOS="833"
                    WIDTH="619"
                    HEIGHT="60"></String>
          </TextLine>

          
          
          <TextLine ID="eSc_line_1a388b65"
                    TAGREFS="LT266"
                    BASELINE="372 928 993 925" 
                    HPOS="371"
                    VPOS="882"
                    WIDTH="622"
                    HEIGHT="57">
            <Shape><Polygon POINTS="402 882 371 889 372 928 372 939 991 933 993 925 990 887 403 882 402 882"/></Shape>
	    <String CONTENT="participãs de ce merite/ par leq̃l ilz"
                    HPOS="371"
                    VPOS="882"
                    WIDTH="622"
                    HEIGHT="57"></String>
          </TextLine>

          
          
          <TextLine ID="eSc_line_7c053632"
                    TAGREFS="LT266"
                    BASELINE="372 971 987 974" 
                    HPOS="371"
                    VPOS="928"
                    WIDTH="616"
                    HEIGHT="60">
            <Shape><Polygon POINTS="615 928 601 928 588 928 574 928 565 928 372 932 372 971 371 984 558 980 569 984 576 987 577 987 578 987 580 987 587 984 599 980 609 984 619 987 620 987 622 987 647 984 674 980 680 983 685 988 686 988 688 988 689 988 712 983 721 982 770 983 939 988 940 988 986 980 987 974 985 934 839 934 836 933 824 928 823 928 821 928 785 933 775 934 770 933 753 928 751 928 750 928 697 933 681 934 666 933 624 928 615 928"/></Shape>
	    <String CONTENT="sont absoulz de toute peine/ ⁊ par"
                    HPOS="371"
                    VPOS="928"
                    WIDTH="616"
                    HEIGHT="60"></String>
          </TextLine>

          
          
          <TextLine ID="eSc_line_80a8a734"
                    TAGREFS="LT266"
                    BASELINE="373 1019 839 1019" 
                    HPOS="373"
                    VPOS="974"
                    WIDTH="466"
                    HEIGHT="54">
            <Shape><Polygon POINTS="373 1019 373 1025 838 1028 839 1019 839 982 400 974 399 974 398 974 373 980 373 1019"/></Shape>
	    <String CONTENT="consequent de purgatoire."
                    HPOS="373"
                    VPOS="974"
                    WIDTH="466"
                    HEIGHT="54"></String>
          </TextLine>

          
          
          <TextLine ID="eSc_line_6dbb5c05"
                    TAGREFS="LT266"
                    BASELINE="416 1064 993 1067" 
                    HPOS="415"
                    VPOS="1021"
                    WIDTH="578"
                    HEIGHT="59">
            <Shape><Polygon POINTS="416 1064 415 1072 875 1072 894 1079 896 1079 897 1079 898 1079 900 1079 901 1079 919 1072 925 1077 925 1079 927 1079 928 1079 929 1080 991 1080 993 1067 990 1021 416 1022 416 1064"/></Shape>
	    <String CONTENT="Item S. Iehan dict: Ceulx qui"
                    HPOS="415"
                    VPOS="1021"
                    WIDTH="578"
                    HEIGHT="59"></String>
          </TextLine>

          
          
          <TextLine ID="eSc_line_58f5edaa"
                    TAGREFS="LT266"
                    BASELINE="371 1107 989 1111" 
                    HPOS="369"
                    VPOS="1068"
                    WIDTH="620"
                    HEIGHT="58">
            <Shape><Polygon POINTS="371 1107 369 1114 421 1123 422 1123 497 1117 502 1117 503 1117 510 1123 511 1123 512 1123 514 1123 541 1117 545 1117 549 1118 574 1125 576 1125 577 1125 578 1125 599 1118 607 1125 608 1125 609 1125 611 1125 669 1119 685 1118 697 1119 728 1125 730 1125 753 1121 766 1118 790 1121 828 1126 829 1126 869 1122 901 1119 986 1123 989 1111 989 1072 371 1068 371 1107"/></Shape>
	    <String CONTENT="croyẽt en Christ/ sõt ẽfãs de Dieu/"
                    HPOS="369"
                    VPOS="1068"
                    WIDTH="620"
                    HEIGHT="58"></String>
          </TextLine>

          
          
          <TextLine ID="eSc_line_234b4c8f"
                    TAGREFS="LT266"
                    BASELINE="372 1154 990 1158" 
                    HPOS="371"
                    VPOS="1113"
                    WIDTH="619"
                    HEIGHT="59">
            <Shape><Polygon POINTS="372 1154 371 1168 454 1169 456 1169 457 1169 461 1168 473 1161 492 1168 499 1169 500 1169 502 1169 503 1169 508 1168 523 1161 604 1167 670 1171 672 1171 673 1171 674 1171 674 1169 678 1165 682 1162 750 1162 759 1165 782 1172 784 1172 785 1172 840 1164 847 1164 856 1164 962 1172 963 1172 964 1172 989 1162 990 1158 990 1118 372 1113 372 1154"/></Shape>
	    <String CONTENT="silz sont donc enfans/ ilz serõt heri¬"
                    HPOS="371"
                    VPOS="1113"
                    WIDTH="619"
                    HEIGHT="59"></String>
          </TextLine>

          
          
          <TextLine ID="eSc_line_320d615f"
                    TAGREFS="LT266"
                    BASELINE="369 1203 993 1203" 
                    HPOS="369"
                    VPOS="1162"
                    WIDTH="624"
                    HEIGHT="50">
            <Shape><Polygon POINTS="369 1203 369 1212 993 1212 993 1203 993 1164 369 1162 369 1203"/></Shape>
	    <String CONTENT="tiers de lheritage"
                    HPOS="369"
                    VPOS="1162"
                    WIDTH="624"
                    HEIGHT="50"></String>
          </TextLine>

          
          
          <TextLine ID="eSc_line_397a35f7"
                    TAGREFS="LT266"
                    BASELINE="375 1254 991 1250" 
                    HPOS="373"
                    VPOS="1204"
                    WIDTH="618"
                    HEIGHT="72">
            <Shape><Polygon POINTS="900 1204 886 1204 873 1204 870 1204 807 1210 790 1204 778 1204 777 1204 750 1211 747 1211 742 1211 649 1204 647 1204 609 1211 581 1204 580 1204 578 1204 495 1212 488 1207 488 1206 487 1206 485 1206 414 1206 412 1206 373 1214 375 1254 375 1269 429 1264 441 1269 449 1273 450 1273 452 1273 476 1269 506 1264 519 1269 538 1276 539 1276 541 1276 542 1276 558 1269 566 1265 585 1268 607 1272 608 1272 630 1268 653 1264 658 1268 666 1274 668 1274 669 1274 670 1276 763 1276 763 1274 765 1274 780 1268 792 1261 805 1266 813 1270 815 1270 816 1270 817 1270 829 1266 848 1261 883 1261 894 1266 902 1270 904 1270 905 1270 991 1265 991 1250 989 1210 908 1204 900 1204"/></Shape>
	    <String CONTENT="par ꝓmesse: ⁊ non point par leurs"
                    HPOS="373"
                    VPOS="1204"
                    WIDTH="618"
                    HEIGHT="72"></String>
          </TextLine>

          
        </TextBlock>
        
        <TextBlock HPOS="801"
                   VPOS="1256"
                   WIDTH="188"
                   HEIGHT="63"
                   ID="eSc_textblock_4a63d605"
                   TAGREFS="BT1359">
          <Shape><Polygon POINTS="801 1256 801 1319 989 1319 989 1256"/></Shape>
          
          
          <TextLine ID="eSc_line_883d9cb8"
                    TAGREFS="LT266"
                    BASELINE="820 1299 987 1296" 
                    HPOS="819"
                    VPOS="1260"
                    WIDTH="168"
                    HEIGHT="78">
            <Shape><Polygon POINTS="820 1299 820 1320 866 1318 871 1320 898 1338 900 1338 901 1338 902 1338 944 1337 946 1337 987 1316 987 1296 985 1261 819 1260 820 1299"/></Shape>
	    <String CONTENT="oeuures."
                    HPOS="819"
                    VPOS="1260"
                    WIDTH="168"
                    HEIGHT="78"></String>
          </TextLine>

          
        </TextBlock>
        
        <TextBlock HPOS="209"
                   VPOS="352"
                   WIDTH="166"
                   HEIGHT="87"
                   ID="eSc_textblock_db8d47db"
                   TAGREFS="BT768">
          <Shape><Polygon POINTS="209 354 209 439 369 439 375 352"/></Shape>
          
          
          <TextLine ID="eSc_line_f82fe603"
                    TAGREFS="LT266"
                    BASELINE="233 398 356 393" 
                    HPOS="232"
                    VPOS="352"
                    WIDTH="124"
                    HEIGHT="59">
            <Shape><Polygon POINTS="236 352 236 353 233 354 232 358 233 398 233 411 356 407 356 393 353 353 240 352 238 352 237 352 236 352 236 352"/></Shape>
	    <String CONTENT="Romaĩs"
                    HPOS="232"
                    VPOS="352"
                    WIDTH="124"
                    HEIGHT="59"></String>
          </TextLine>

          
          
          <TextLine ID="eSc_line_5d89170f"
                    TAGREFS="LT266"
                    BASELINE="232 438 290 434" 
                    HPOS="228"
                    VPOS="399"
                    WIDTH="62"
                    HEIGHT="47">
            <Shape><Polygon POINTS="232 438 232 446 288 441 290 434 284 399 228 400 232 438"/></Shape>
	    <String CONTENT="iii."
                    HPOS="228"
                    VPOS="399"
                    WIDTH="62"
                    HEIGHT="47"></String>
          </TextLine>

          
        </TextBlock>
        
        <TextBlock HPOS="206"
                   VPOS="438"
                   WIDTH="156"
                   HEIGHT="54"
                   ID="eSc_textblock_a3256407"
                   TAGREFS="BT768">
          <Shape><Polygon POINTS="220 438 206 492 362 492 362 438"/></Shape>
          
          
          <TextLine ID="eSc_line_4f597928"
                    TAGREFS="LT266"
                    BASELINE="232 480 353 477" 
                    HPOS="230"
                    VPOS="435"
                    WIDTH="123"
                    HEIGHT="58">
            <Shape><Polygon POINTS="257 437 244 438 241 438 230 442 232 480 232 493 353 491 353 477 350 441 264 435 257 437"/></Shape>
	    <String CONTENT="Ebri.i."
                    HPOS="230"
                    VPOS="435"
                    WIDTH="123"
                    HEIGHT="58"></String>
          </TextLine>

          
        </TextBlock>
        
        <TextBlock HPOS="216"
                   VPOS="1023"
                   WIDTH="136"
                   HEIGHT="87"
                   ID="eSc_textblock_b17d1676"
                   TAGREFS="BT768">
          <Shape><Polygon POINTS="216 1023 216 1110 352 1110 352 1023"/></Shape>
          
          
          <TextLine ID="eSc_line_704f4824"
                    TAGREFS="LT266"
                    BASELINE="230 1064 340 1061" 
                    HPOS="229"
                    VPOS="1019"
                    WIDTH="111"
                    HEIGHT="53">
            <Shape><Polygon POINTS="323 1021 310 1022 296 1024 283 1025 269 1026 256 1026 242 1028 229 1029 230 1064 230 1069 337 1072 340 1061 336 1019 323 1021"/></Shape>
	    <String CONTENT="Iehan"
                    HPOS="229"
                    VPOS="1019"
                    WIDTH="111"
                    HEIGHT="53"></String>
          </TextLine>

          
          
          <TextLine ID="eSc_line_a2c2e928"
                    TAGREFS="LT266"
                    BASELINE="226 1102 295 1102" 
                    HPOS="226"
                    VPOS="1064"
                    WIDTH="69"
                    HEIGHT="47">
            <Shape><Polygon POINTS="253 1064 251 1064 236 1072 226 1102 226 1111 295 1111 295 1102 295 1076 265 1064 253 1064"/></Shape>
	    <String CONTENT="iiii."
                    HPOS="226"
                    VPOS="1064"
                    WIDTH="69"
                    HEIGHT="47"></String>
          </TextLine>

          
        </TextBlock>
        
        <TextBlock HPOS="208"
                   VPOS="1112"
                   WIDTH="153"
                   HEIGHT="83"
                   ID="eSc_textblock_b4a617e9"
                   TAGREFS="BT768">
          <Shape><Polygon POINTS="208 1112 208 1195 361 1195 361 1115"/></Shape>
          
          
          <TextLine ID="eSc_line_25f3abe6"
                    TAGREFS="LT266"
                    BASELINE="228 1141 344 1144" 
                    HPOS="226"
                    VPOS="1102"
                    WIDTH="118"
                    HEIGHT="48">
            <Shape><Polygon POINTS="282 1103 268 1103 255 1103 241 1103 228 1103 228 1141 226 1150 342 1148 344 1144 344 1106 282 1102 282 1103"/></Shape>
	    <String CONTENT="Gala¬"
                    HPOS="226"
                    VPOS="1102"
                    WIDTH="118"
                    HEIGHT="48"></String>
          </TextLine>

          
          
          <TextLine ID="eSc_line_8eb9483a"
                    TAGREFS="LT266"
                    BASELINE="228 1183 341 1185" 
                    HPOS="226"
                    VPOS="1146"
                    WIDTH="115"
                    HEIGHT="61">
            <Shape><Polygon POINTS="228 1183 226 1206 257 1207 259 1207 260 1207 261 1207 264 1204 275 1198 338 1202 341 1185 341 1149 228 1146 228 1183"/></Shape>
	    <String CONTENT="tes.iiii."
                    HPOS="226"
                    VPOS="1146"
                    WIDTH="115"
                    HEIGHT="61"></String>
          </TextLine>

          
        </TextBlock>
        

        
      </PrintSpace>
    </Page>
  </Layout>
</alto>
