1085 1619
85 134 628 61 oeuures. Et par ainsi il est bien eui

86 186 625 55 dent q̃ telles friuolles inuẽtions de

87 237 622 46 purgatoire q̃ on crie ⁊ blasonne tãt

86 277 625 53 parmy le mõde/ sont uaines ⁊ con-

85 323 626 53 trouuees par sathan/ mettãt lambi

85 369 624 60 tion aux coeurs des ministres de le

86 419 625 50 glise/ qͥ ont plus cerche leur particu

82 461 630 55 lier proffit/ q̃ le salut des ames: cõe

83 507 629 60 bien il appert par ce feu qͥ leur a este

86 555 623 60 plus ꝓffitable/ q̃ les forneaulx des

86 601 625 58 faiseurs darquemye. Car par iceluy

85 647 627 61 ilz ont cõuerty la plus part des biẽs

86 692 623 56 du mõde/ en or ⁊ argẽt/ qui reuient

86 737 617 60 au proffit de leur table. O Seigͬ

87 783 622 60 Dieu que tu es plein de patience de

85 828 623 62 ainsi endurer ꝓphaner/ ⁊ blasmer

85 876 623 61 ta saincte parolle/ par les inuẽtiõs/

87 928 616 56 songes ⁊ mẽsonges des hões. Iusq̃

86 972 621 60 a quand Seigͬ laisseras tu regner

86 1018 623 57 ces paoures aueugles/ qui ayment

86 1063 626 62 mieulx fõder obitz/ trẽteniers/ qua

86 1107 623 57 rãteniers/ ⁊ autres incertains serui

87 1156 621 55 ces/ q̃ de subuenir a toy/ en tes pao-

86 1202 623 70 ures membres/ en edifiãt collieges

465 1253 248 65 M pour
