1085 1619
356 129 627 66 pour instruire les ignorãs/ mariãt

358 175 617 65 paoures filles/ entretenãt paoures

358 219 620 65 orphelins a mestier/ nourrissãt gẽs

361 265 621 66 uieilz/ impotẽtz/ souffreteux/ ⁊ ma

358 311 617 62 lades/ qͥ sont oeuures de foy/ qͥ besõ

363 364 619 62 gne par charite/ de toy cõmandees.

361 403 622 66 Estendz (Seigͬ) le bras de ta puis¬

363 453 622 59 sance/ ⁊ par la rigueur de ta iustice

363 496 616 69 desrõpz/ brise/ ⁊ aneantiz ces faulx

367 546 615 61 ꝓphetes/ seducteͬs/ caphardz/ ypo¬

364 594 618 63 crites/ ⁊ abuseurs/ qͥ iournellement

364 638 617 66 decoiuẽt ton peuple par leͬs friuol

363 689 556 59 les inuentiõs pleines dauarice.

415 728 568 68 Or pour plus clairemẽt uoꝰ dõ

363 778 622 66 ner a cõgnoistre q̃ cest inuẽtion dia

363 822 615 68 bolicq̃ (iacoit q̃ ce qui est allegue cy

364 868 614 62 dessus seroit tresuffisãt) ie noteray

361 917 618 63 encore aucunes sentẽces/ par lesq̃l¬

364 964 617 60 les on uoit a loeil lincertitude de

368 1009 453 59 ceste nouuelle purgation.

412 1046 571 71 Premieremẽt Solomon dit: Si

364 1098 619 67 se boys chet uers Midy/ ou uers

365 1144 620 70 Aqͥlon/ en q̃lconque lieu qͥl tõbera il

367 1198 614 68 demourera. Cheoir uers Midy/ est

838 1245 143 56 mourir

222 1162 128 65 Ecclesi.

222 1215 54 55 xi.
