1085 1619
80 152 624 55 mourir en la foy: ⁊ cheoir uers Aqͥ¬

82 201 619 56 lon/ en ĩfidelite. Qui meurt dõc en

82 244 622 62 la foy/ il a la uie eternelle: et qui

85 292 619 53 meurt en infidelite/ il ua a damna

85 341 618 54 tion: car il nya point de millieu ou

82 380 625 62 lhõme puisse tõber/ qͥ deuroit estre

83 431 621 60 purgatoire. Parquoy linuẽtion di¬

83 476 622 55 celuy nest point fõdee sur la parol¬

82 522 623 59 le de Dieu: mais plus tost sur les

85 565 626 58 resueries de Hildebrant magicien/

86 613 621 64 depuis pape Gregoire .uiie. de ce

82 665 626 58 nom: ont prins et glose sur le huy¬

85 708 622 52 tiesme des Eneides de Uirgile/ Cẽ

85 752 622 54 tum errant annis ⁊c. Ou sur le timee

85 801 620 54 de Platon/ ou sur Macrobe au son

86 845 617 62 ge de Scipion/ ou sur les faulx mi

85 893 619 56 racles/ uisiõs/ ⁊ illusiõs/ q̃ faict sa¬

83 937 613 64 than/ soy transfigurant en ange de

83 984 617 62 lumiere. Mais iacoit q̃ noꝰ ou ung

83 1033 618 57 ange du ciel uous euãgelize autre¬

85 1076 620 62 mẽt q̃ nous nauõs receu par la pa¬

83 1122 618 61 rolle de Dieu/ ce uous soit en moc¬

86 1169 622 62 querie: ⁊ le faulx ꝓphete en maledi

86 1215 626 88 ction. Combien les apostres

387 1262 314 77 M .ii. seroiẽt

705 925 145 78 ii.Corin

701 988 116 53 tes.xi.

709 1029 138 53 Gala.i.

704 1073 124 52 Deute.

705 1118 76 51 xiii.
