1085 1619
373 141 618 61 seroient a redarguer de negligence/

373 179 622 65 sil estoit uray quil fust ung purga

372 226 619 68 toire/ de ce quilz nen ont rien escrit/

372 269 626 73 p̃sche/ ne recõmãde/ S. Pierre escrit

373 317 622 67 bien amplement a linstruction des

373 365 625 65 eglises: ⁊ iamais ne faict mẽtiõ des

375 408 623 69 trespassez/ S. Iacques en sõ epistre

376 457 623 61 ou il recõmande tãt excellentemẽt

375 501 623 65 les bõnes oeuures/ du tout se taist

376 550 622 70 des messes/ des uigilles/ ⁊ des recõ

377 593 624 70 mandasses/ q̃ on a par auarice accõ

379 642 615 66 paignee de hypocrisie/ inuẽtees poͬ

376 686 625 69 les trespassez. O q̃ grandement

381 735 620 70 charite est louee par S. Iehã en ses

381 781 618 68 epistres: ⁊ toutesfoys il se taist de la

380 827 618 67 charite que on deuoit auoir aux

380 872 619 65 mortz: si ainsi estoit q̃ cela leͬ proffi

381 920 620 59 tast. Que dirõs noꝰ de la diligẽce

385 967 619 65 que S. Paul a faicte/ dẽseigner la

384 1014 618 63 foy ⁊ les bonnes oeuures aux Rõ-

384 1059 621 63 mains: ⁊ neantmoins il nenseigne

387 1103 614 64 nulle purgation des pechez q̃ le sãg

387 1154 617 64 de Christ. Pour Dieu lisez les epi-

390 1198 615 109 stres aux Corinthiẽs/ ⁊ uoꝰ trouue

870 1243 135 72 rez qui

241 1091 140 81 Ebrieux

242 1162 58 64 ix.
