1085 1619
101 156 612 58 de S. Matthieu/ ou il est aĩsi escrit:

99 199 610 64 Soys bien tost consentant auec ton

98 245 617 63 aduersaire/ quand tu es auec luy en

99 291 618 58 la uoye: affin quil naduiẽgne qͥ te

99 341 624 58 liure au iuge: ⁊ q̃ le iuge te baille au

93 381 628 64 ministre: ⁊ q̃ tu soys enuoye en pri¬

103 430 623 63 son/ ie te dis en uerite q̃ tu ne parti

99 481 627 58 ras du lieu iusque a ce que tu au¬

106 520 620 64 ras paye la derniere maille ⁊c. Ses

105 566 623 66 beaulx sophistes pẽsant ce lieu leur

107 612 623 62 estre bien propre pour prouuer leur

112 661 616 59 nouuelle inuention/ ont ainsi faict

110 706 621 60 leur expositiõ ⁊ glose/ Nostre ad¬

112 754 622 60 uersaire est peche qui nous meine a

109 801 623 61 Dieu qͥ est le iuge: leq̃l nous met en

106 845 626 60 purgatoire qͥ est la prison. De laq̃l¬

106 893 621 58 le nous ne sortirõs iusque a entie¬

113 939 623 64 re satisfaction/ qͥ se faict en souffrãt

110 980 625 65 la peine du feu. Or pẽsẽt noz mai¬

116 1029 623 66 stres enchapperõnez/ par ce passa¬

116 1077 623 61 ge auoir gaigne leͬ pain/ ⁊ biẽ prou

113 1123 629 61 ue leur cas. Mais ꝑ ce mesme texte

120 1167 622 60 qͥ se doit regarder par meure delibe

120 1211 626 76 ration/ ilz en sont bien arriere. Car

483 1262 256 65 M .iiii. par
