1085 1619
80 134 624 67 dent q̃ leur glose ⁊ exposition quilz

83 175 622 71 fõt sur ce passage/ nest point de lin¬

83 222 622 68 telligẽce de lescriture. Ains cest ung

85 267 620 71 sens misticque faict a plaisir: lequel

86 313 619 74 cõme dit S. Ierosme/ nest suffisãt

86 368 619 65 pour approuuer les enseignemens

86 415 252 58 de nostre foy.

136 454 572 69 Secondemẽt/ ilz ueullẽt prou¬

86 503 615 69 uer leur susdicte inuẽtion de purga

87 550 609 62 toire en ung autre passage de S.

87 599 617 66 Matthieu/ ou il est dict: Le royau¬

87 640 620 65 me des cieulx estre faict sẽblable a

90 686 619 69 ung hõme qui est Roy: leq̃l a uou¬

86 733 622 69 lu cõpter auec ses seruiteͬs ⁊c. En¬

87 779 626 65 tre lesq̃lz ung diceulx luy fut presẽ

90 829 623 68 te qͥ deuoit dix mille talentz ⁊c. Et

91 872 620 71 son Seigͬ courrouce/ le bailla aux

91 918 621 72 gardes des prisons iusq̃ a ce qͥl eust

93 963 623 70 paye tout ce qͥ luy estoit deu ⁊c. Sur

93 1013 622 71 quoy ont faict une telle glose ⁊ ex¬

95 1056 622 73 position/ il a este baille aux bour¬

94 1110 625 62 reaulx iusq̃ a ce qͥl ayt rẽdu ⁊ paye

94 1150 625 70 toute sa debte. Et icelle payee (selõ

94 1196 623 84 les loix ciuiles) il sortira. Ergo

604 1243 108 73 ceulx

712 527 135 49 Matth.

716 572 99 48 xuiii.

717 617 116 52 Uoyez

717 659 135 53 toute la

717 698 126 61 similitu

713 742 54 54 de.
