1085 1619
97 151 622 59 sieurs deliure par ceste medecine: ⁊

97 192 620 64 en ceste maniere trouue facon de uẽ

97 238 618 64 dre ses coqͥlles. Ainsi fõt ses beaulx

98 283 621 67 sacrificateurs qui ont inuẽte tel tor

97 330 620 62 mẽt/ tel feu ardãt. Et quãd ⁊ quãd

97 373 624 65 remede poͬ lestaindre: ascauoir/ par

97 420 623 63 messes/ aulmosnes/ oraisõs/ ⁊ uoya

99 470 618 65 ges: comme il appert par le Decret

99 516 618 61 que eulx mesmes ont faict: ⁊ tout

99 561 621 67 pour le proffit de cuysine. Est il riẽ

101 612 620 62 meilleur que la messe quon paye ar

103 652 621 69 gent content? Et que les aulmos¬

103 700 624 60 nes que ces Cauquemares qui obli

105 746 625 66 gent leurs conuentz a prier Dieu

106 791 622 69 pour les trespassez? Et des oraisõs

106 840 622 67 comme Uigiles/ Recõmãdasses/ le

109 885 621 67 grand Libera/ sept Psalmes/ et le

109 930 623 71 de Profũdis sur la fosse? Il fault

112 975 624 66 que tout passe par leurs mains. Et

112 1025 623 67 ainsi font prieres pour les paoures

112 1069 626 71 trespassez: ientendz pour ceulx qui

113 1118 625 66 les acheptẽt bien cheremẽt: car au¬

114 1162 622 68 trement il nen est memoire: comme

116 1208 623 95 lon peult congnoistre par aucuns

576 1261 159 57 paoures

723 434 133 58 De ꝯse.

721 487 139 44 distĩ.iiii.

721 524 139 48 c.quan¬

723 566 144 55 tuor mo

727 605 69 64 dis.
