1085 1619
357 130 624 60 paoures heritiers/ q̃ iacoit qͥlz neus-

357 180 622 56 sent riẽ de quoy payer/ si en fault il

357 223 621 53 necessairement trouuer: car cest ad

357 269 621 58 pias causas. Et sil ya q̃lq̃ pelerina-

357 315 621 58 ge/ il le fault faire/ a cause q̃ lame

356 360 623 63 du mort ne pourroit sortir du feu

356 406 619 58 de purgatoire/ qͥ ne fust accõply. Et

354 451 618 65 par ainsi de ses tormens leur soup-

358 499 382 60 pe est bien engraissee.

406 543 573 60 Tiercement/ ilz ueullent renfor

352 592 625 60 cer leur fondement par ce passage

354 639 625 54 escrit en S. Matthieu: Quiconque

354 685 625 61 dira aucun mot contre le filz de lhõ

353 729 625 64 me/ il luy sera pardonne: mais qͥ le

353 779 624 60 dira alẽcontre du S. Esperit/ il ne

350 822 624 65 luy sera point pardõne/ ne en ce sie-

350 875 622 55 cle/ ne au siecle aduenir. Et sur ces

350 916 621 62 parolles arguent ainsi: Christ dit q̃

350 966 622 52 le peche contre le S. Esperit ne sera

354 1013 614 56 poĩt pardõne en ce siecle/ ne au sie-

353 1053 615 64 cle aduenir. Il sensuit donc quil y

352 1106 620 56 ayt autre lieu ou aucuns pechez sõt

353 1154 618 54 pardonnez/ non en paradis: car les

353 1202 617 87 pechez ny entrẽt pone semblable

860 1245 108 60 ment
