1085 1619
380 124 622 63 tentur filiis hominsĩ peccata/ ⁊ blasphe

379 167 622 63 mie/ quibus blasphemauerint. Qui au¬

381 210 620 63 tem blasphemauerit in spiritũ sanctum/

383 253 619 72 non habet remissionem in eternum: sed

381 302 621 62 reus erit eterni delicti. Il dit nomme¬

383 348 621 64 mẽt/ in eternum: cest adire qui ne se¬

381 393 624 63 ra iamais pardonne/ S. Luc dit sẽ¬

384 439 618 69 blablement qui ne sera point pardõ

384 483 622 67 ne. Il ne sensuit donc pas (ainsi

385 534 614 60 q̃ disẽt ces paoures sophisticqueͬs)

387 578 621 70 quil y ayt ung lieu de purgatoire

385 626 625 68 pour estre pardonne: mais il fault

384 671 626 69 necessairemẽt que malice ⁊ follie se

390 721 363 68 destruise soymesme.

437 764 572 67 Quartement/ ilz se fondent en

385 810 624 69 lepistre aux Corinthiens/ ou il est

387 855 619 67 dit: Si aucũ edifie sur ce fõdemẽt/

388 902 620 69 or/ argẽt/ pierres precieuses/ boys/

390 949 616 66 foin/ esteulle/ loeuure dũg chascun

391 998 621 67 sera manifestee par feu: ⁊ le feu ap¬

390 1042 619 69 prouuera quelle sera loeuure dung

392 1090 621 68 chascun. Si loeuure de celuy qͥ a edi

392 1135 621 68 fie dessus demeure/ il receura loyer:

395 1181 618 91 ⁊ si loeuure daucun brusle/ il souf¬

917 1229 99 81 frira

245 435 135 72 Luc.xii.

245 881 140 59 i.Corin¬

248 929 109 57 tes.iii.
