1085 1619
67 140 621 61 frira detrimẽt: mais iceluy sera sau

67 188 618 61 ue/ toutesfoys cõme par feu ⁊c. Les

70 232 612 64 forgerons cõpaignons de Uulcan

67 279 615 58 ont tellemẽt encharbonne et noircy

68 325 613 58 en leurs fournaises de purgatoire/

67 369 614 55 ce beau ⁊ clair passage de S. Paul/

70 416 612 60 q̃ nul deulx ny uoit goutte. Car ilz

70 464 612 58 pensent q̃ feu en ce passage signifie

67 512 618 58 le feu de purgatoire: ⁊ tout aĩsi glo

70 555 616 61 sẽt/ sans entẽdre que feu aux sain¬

70 604 616 55 ctes escriptures souuẽtesfoys signi

71 647 614 62 fie tribulation/ affliction/ tẽtation/

70 697 611 50 peril de mort. Ainsi quil appert en

74 737 614 56 ung psalme ð Dauid/ ou il est dit:

71 785 617 56 Tu mas examine par le feu/ cesta¬

68 831 618 60 dire par afflictiõ. Car nous ne lisõs

71 875 619 64 point que Dauid eust iamais este

70 925 618 51 mis au feu materiel. Et en ung au

70 972 618 58 tre Psalme/ ou il est dit: Noꝰ auõs

72 1014 613 61 passe par le feu ⁊ leaue/ puis tu noꝰ

71 1060 621 62 as retirez en refrigeratiõ/ S. Paul

72 1106 618 63 prent sẽblablement le feu pour ap¬

72 1154 608 58 probation. Aussi faict S. Pierre/

75 1202 603 75 Isaie/ ⁊ plusieurs autres ꝓphetes.

430 1252 248 60 N Donc

696 766 125 70 Psalme

693 825 70 58 xui.

692 917 131 65 Psalme

690 966 83 62 lxu.

686 1150 138 61 i.Pier.i.

690 1203 87 49 Isaie

690 1242 85 59 xliii.
