1085 1619
373 134 621 62 Donc pour esclarcir ⁊ mettre en lu¬

372 178 623 58 miere ceste auctorite a ceulx qͥ nont

373 222 622 65 peu entendre. Ie dis q̃ edifier en ce

372 269 623 57 lieu est prescher la parolle de Dieu/

372 314 625 65 le fondemẽt est Christ/ loeuure qͥ est

373 361 622 57 edifiee dessus/ sont ceulx qͥ ont re¬

376 407 625 57 ceu icelle parolle. Le feu est la tenta

377 454 620 61 tion ou la persecution/ qͥ est ẽuoyee

377 503 620 58 iustemẽt de Dieu. Lor/ largent/ les

379 551 623 57 pierres precieuses/ sont ceulx qͥ ont

379 590 622 62 tellemẽt receu la foy de Christ/ qui

379 639 620 59 mourroiẽt plus tost q̃ de le renier.

383 685 615 63 Le boys/ le foin/ lesteulle/ sõt ceulx

383 732 619 62 qͥ croyent pour ung tẽps/ a tout le

381 777 620 60 moins ilz font semblant de croyre.

383 824 621 57 Mais au tẽps de persecution/ tenta

381 868 620 60 tion/ ⁊ daffliction/ ilz delaissent Ie

385 916 616 63 suchrist/ ⁊ ne font point de fruict/ a

383 960 616 62 cause quilz nauoiẽt point de racine:

390 1006 612 57 uoyla le uray ⁊ naif sens de Lapo

390 1055 612 56 stre/ ⁊ de S. Ierosme sur Ezechiel.

425 1102 580 56 Donc si le predicateur de uerite a

385 1142 616 65 ainsi fõde aucuns sur Christ/ telle¬

387 1191 610 73 mẽt que la persecution ne faict non

898 1239 97 71 plus

244 1048 140 55 Ierosme

249 1098 134 47 sus Eze

246 1134 130 72 chiel.iii.
