1085 1619
364 134 617 57 argent sur Christ: mais silz ne per-

364 176 621 66 seuerẽt il a edifie boys/ foin/ ⁊ esteu

363 225 622 61 le. Toutesfoys si ledict ministre du

365 271 620 58 rant le feu de persecution perseuere

365 319 613 54 constamment/ certes il sera sauue:

364 364 619 59 mais par telle condition qͥl passera

363 412 619 61 par le feu: cestadire/ que patiẽment

363 456 619 62 il portera la persecution. Lapostre

364 501 614 57 dõc en ce lieu parle de la probation

365 550 621 57 de foy ⁊ de doctrine qui se faict au

364 597 623 55 tẽps de persecution: non poĩt de pur

367 639 618 62 gatoire. En quoy appert lasnerie

367 686 616 57 de noz maistres qͥ nont sceu ou uou

365 729 618 60 lu entendre lintention de S. Paul:

368 778 614 58 uoire mesmes apres la declaration

357 827 628 63 de sainct Ierosme. Mais uoyla il

365 871 618 58 fault q̃ satan fortifie son regne par

367 920 619 56 les hypocrites remplis dauarice/

375 961 610 67 affin que celuy qui est souille/ soit

369 1013 262 51 encore souille.

418 1049 568 61 Le cinquiesme fondemẽt de noz

369 1098 618 66 maistres est assis dessus le liure des

372 1145 615 65 Macabees/ ou ilz demonstrẽt bien

376 1192 613 111 qͥlz ne cõgnoissent point les liures

893 1237 97 73 de la

225 937 129 60 Apocali

228 990 133 56 pse.xxii
