1085 1619
353 145 614 66 a la loy/ na point demãde sa gloi¬

350 190 613 64 re/ ne sa uolunte: mais celle du pe¬

349 234 617 69 re/ ne parlant ⁊ ne faisant rien de

344 283 618 59 soy mesme: mais tout par son pere/

349 327 617 65 lequel estoit en luy/ reconciliant le

350 375 371 64 monde a soy mesme.

400 416 567 67 Tant se est humilie ⁊ abbaisse

348 465 618 62 quil est mort pour nous/ luy iuste ⁊

348 512 612 62 innocent poͬ les iniustes ⁊ iniques/

350 555 614 66 offrãt son corps ⁊ son sang pour la

356 603 606 70 purificatiõ de noz ames. Lesquel¬

348 652 614 64 les par ceste mort ⁊ sacrifice/ et par

348 693 616 66 ce beau don de sõ filz/ le pere ueult

348 742 616 66 q̃lles soyent certaines de leur salut

348 786 618 69 ⁊ uie/ ⁊ que pleinement elles sont

346 833 618 66 purgees et lauees de leurs iniqui¬

345 881 617 66 tez. Et que le pere pour lamour de

344 929 619 63 soy mesme/ et non pas poͬ lamour

346 976 617 62 de nous/ ne de noz oeuures/ meri¬

346 1017 616 67 tes/ ⁊ iustices (qui ne sont que abo¬

348 1068 614 59 minations) il nous sauue/ il nous

350 1111 613 62 uiuifie/ nous prenãt pour ses filz ⁊

348 1156 612 64 heritiers/ heritiers auec Iesuchrist/

345 1200 618 87 duquel sont faictz membres tous

854 1245 106 75 ceulx

207 269 139 52 ii.Corin

210 318 134 55 tes.u.

209 504 133 58 i.Pierre

209 561 58 39 iii.

206 600 135 46 Ebrieux

209 634 131 51 uii.ix. et

213 682 44 46 x.

205 879 139 53 Ezechiel

210 924 115 60 xxxui.

211 1164 137 62 Romaĩs

211 1208 84 69 uiii.
