1085 1619
107 151 616 62 de la Bible ne lauctorite diceulx.

103 192 620 69 Car les liures des Macabees sont

107 240 614 67 apocryphes/ ce q̃ bien ont congneu

109 284 612 62 S. Augustĩ/ Eusebe/ S. Ierosme:

105 333 619 63 ⁊ autres anciens docteurs qͥ ont dit

105 377 619 66 qui ne sont point du nombre des li-

106 424 618 64 ures canoniques: mais q̃ on les list

107 472 617 58 en leglise (cõme les autres apocry-

110 518 620 63 phes) pour q̃lque instructiõ du peu

107 563 621 68 ple: ⁊ non point pour cõfirmer lau-

105 608 610 61 ctorite des doctrines ecclesiasticq̃s.

107 652 624 69 Et pour ce leur fõdemẽt est detesta

107 700 621 59 ble/ cõe ꝯtraire a la parolle de dieu.

109 743 621 63 Car ie demãde a Iudas Macabee

109 791 622 61 ou cest qͥl a ꝯmãdemẽt expres en la

110 841 621 64 ꝑolle de dieu/ de offrir douze mille

109 887 623 60 dragmes dargẽt en sacrifice poͬ les

112 932 620 62 pechez des mortz? Certes iamais ne

109 976 621 66 fut trouue au Leuiticque aucun sa

113 1025 618 63 crifice pour les mortz: ⁊ mesme ar-

113 1068 618 63 gent nest point sacrifice/ car sacri-

113 1115 619 66 fice estoit faict de bestes cõmãdees

112 1165 616 60 en la loy: non point dor ne dargẽt/

110 1204 625 75 laq̃lle chose congnoissans les plus

453 1258 279 62 N .iii. fins
