<?xml version="1.0" encoding="UTF-8"?>
<alto xmlns:xsi="http://www.w3.org/2001/XMLSchema-instance"
      xmlns="http://www.loc.gov/standards/alto/ns-v4#"
      xsi:schemaLocation="http://www.loc.gov/standards/alto/ns-v4# http://www.loc.gov/standards/alto/v4/alto-4-2.xsd">
  <Description>
    <MeasurementUnit>pixel</MeasurementUnit>
    <sourceImageInformation>
      <fileName>205_cdb65_default.jpg</fileName>
      <fileIdentifier>https://www.e-rara.ch/gep_g/i3f/v20/1954264/full/full/0/default.jpg</fileIdentifier>
    </sourceImageInformation>
  </Description>
  
  <Tags>
    <OtherTag ID="BT766" LABEL="DropCapitalZone" DESCRIPTION="block type DropCapitalZone"/><OtherTag ID="BT767" LABEL="MainZone" DESCRIPTION="block type MainZone"/><OtherTag ID="BT768" LABEL="MarginTextZone" DESCRIPTION="block type MarginTextZone"/><OtherTag ID="BT769" LABEL="NumberingZone" DESCRIPTION="block type NumberingZone"/><OtherTag ID="BT771" LABEL="RunningTitleZone" DESCRIPTION="block type RunningTitleZone"/><OtherTag ID="BT772" LABEL="StampZone" DESCRIPTION="block type StampZone"/><OtherTag ID="BT773" LABEL="TableZone" DESCRIPTION="block type TableZone"/><OtherTag ID="BT996" LABEL="TitlePageZone" DESCRIPTION="block type TitlePageZone"/><OtherTag ID="BT999" LABEL="GraphicZone" DESCRIPTION="block type GraphicZone"/><OtherTag ID="BT1359" LABEL="QuireMarksZone" DESCRIPTION="block type QuireMarksZone"/>
    <OtherTag ID="LT265" LABEL="HeadingLine" DESCRIPTION="line type HeadingLine"/><OtherTag ID="LT266" LABEL="DefaultLine" DESCRIPTION="line type DefaultLine"/><OtherTag ID="LT267" LABEL="DropCapitalLine" DESCRIPTION="line type DropCapitalLine"/>
  </Tags>
  
  <Layout>
    <Page WIDTH="1085"
          HEIGHT="1619"
          PHYSICAL_IMG_NR="205"
          ID="eSc_dummypage_">
      <PrintSpace HPOS="0"
                  VPOS="0"
                  WIDTH="1085"
                  HEIGHT="1619">
        
        <TextBlock HPOS="366"
                   VPOS="136"
                   WIDTH="647"
                   HEIGHT="1131"
                   ID="eSc_textblock_458171e5"
                   TAGREFS="BT767">
          <Shape><Polygon POINTS="366 136 390 1267 1013 1249 1013 138"/></Shape>
          
          
          <TextLine ID="eSc_line_fd6f3a77"
                    TAGREFS="LT266"
                    BASELINE="377 188 817 180 994 183" 
                    HPOS="376"
                    VPOS="140"
                    WIDTH="618"
                    HEIGHT="62">
            <Shape><Polygon POINTS="983 149 970 149 956 149 943 149 929 149 916 148 902 148 889 148 875 148 862 148 848 148 835 147 821 147 808 147 794 147 781 147 767 147 754 145 740 145 727 145 713 145 700 145 686 144 673 144 659 144 646 144 632 144 619 144 605 143 592 143 578 143 573 143 572 144 566 143 565 143 551 143 538 143 524 141 511 141 503 141 464 145 399 140 390 140 376 157 377 188 377 195 427 202 429 202 472 195 476 195 484 195 572 201 573 201 574 201 593 194 597 192 994 191 994 183 991 149 983 149"/></Shape>
	    <String CONTENT="Dieu qui oste les pechez du mõde."
                    HPOS="376"
                    VPOS="140"
                    WIDTH="618"
                    HEIGHT="62"></String>
          </TextLine>

          
          
          <TextLine ID="eSc_line_7758aeb5"
                    TAGREFS="LT266"
                    BASELINE="427 232 997 225" 
                    HPOS="426"
                    VPOS="182"
                    WIDTH="571"
                    HEIGHT="58">
            <Shape><Polygon POINTS="925 183 912 183 898 182 885 182 882 182 881 182 875 188 677 183 669 184 655 184 651 184 650 184 645 191 564 186 561 186 547 186 537 186 514 192 452 187 439 188 429 188 426 191 427 232 427 240 995 238 997 225 994 188 937 183 925 183"/></Shape>
	    <String CONTENT="Uouloir donc satisfaire a Dieu"
                    HPOS="426"
                    VPOS="182"
                    WIDTH="571"
                    HEIGHT="58"></String>
          </TextLine>

          
          
          <TextLine ID="eSc_line_0cac886c"
                    TAGREFS="LT266"
                    BASELINE="376 281 997 272" 
                    HPOS="375"
                    VPOS="232"
                    WIDTH="622"
                    HEIGHT="60">
            <Shape><Polygon POINTS="376 281 376 292 995 280 997 272 994 234 641 232 639 232 638 232 620 238 568 233 566 233 460 241 392 236 391 236 390 236 375 241 376 281"/></Shape>
	    <String CONTENT="par autre moyẽ que par la mort de"
                    HPOS="375"
                    VPOS="232"
                    WIDTH="622"
                    HEIGHT="60"></String>
          </TextLine>

          
          
          <TextLine ID="eSc_line_0d023960"
                    TAGREFS="LT266"
                    BASELINE="380 327 998 319" 
                    HPOS="379"
                    VPOS="273"
                    WIDTH="619"
                    HEIGHT="64">
            <Shape><Polygon POINTS="932 273 921 273 882 280 881 280 878 280 816 275 811 276 797 276 784 276 780 276 765 281 763 281 758 281 715 277 703 277 689 277 680 277 673 283 672 283 666 283 641 277 635 279 622 279 618 283 616 283 611 283 560 279 554 279 541 280 530 280 512 284 508 284 506 284 495 280 487 280 473 280 460 281 446 281 433 281 431 281 379 284 380 327 380 337 894 337 894 335 998 326 998 319 995 280 941 273 932 273"/></Shape>
	    <String CONTENT="son filz est renier la passion diceluy."
                    HPOS="379"
                    VPOS="273"
                    WIDTH="619"
                    HEIGHT="64"></String>
          </TextLine>

          
          
          <TextLine ID="eSc_line_7e2d7f29"
                    TAGREFS="LT266"
                    BASELINE="380 377 542 369 998 362" 
                    HPOS="379"
                    VPOS="321"
                    WIDTH="619"
                    HEIGHT="66">
            <Shape><Polygon POINTS="892 322 878 322 865 322 859 322 842 327 839 327 838 327 824 322 824 322 812 322 792 327 785 329 777 327 748 323 743 323 732 323 726 329 721 330 711 329 684 323 676 325 673 325 654 329 642 331 628 329 600 325 599 325 597 325 596 325 596 326 592 330 589 331 577 330 549 326 547 326 546 326 533 330 520 334 379 333 380 377 380 385 550 380 560 381 582 387 584 387 661 379 685 377 696 379 730 384 731 384 765 377 771 376 786 376 879 381 881 381 882 381 883 381 894 373 896 373 900 373 954 380 955 380 998 371 998 362 995 326 893 321 892 322"/></Shape>
	    <String CONTENT="Item ceulx qui presumẽt estre pur"
                    HPOS="379"
                    VPOS="321"
                    WIDTH="619"
                    HEIGHT="66"></String>
          </TextLine>

          
          
          <TextLine ID="eSc_line_ca547687"
                    TAGREFS="LT266"
                    BASELINE="380 422 636 414 1001 411" 
                    HPOS="379"
                    VPOS="372"
                    WIDTH="622"
                    HEIGHT="62">
            <Shape><Polygon POINTS="433 376 419 376 406 377 392 377 379 377 380 422 380 434 1001 422 1001 411 997 372 435 375 433 376"/></Shape>
	    <String CONTENT="gez par le feu de purgatoire/ se moc"
                    HPOS="379"
                    VPOS="372"
                    WIDTH="622"
                    HEIGHT="62"></String>
          </TextLine>

          
          
          <TextLine ID="eSc_line_59ef8277"
                    TAGREFS="LT266"
                    BASELINE="379 464 1001 457" 
                    HPOS="377"
                    VPOS="415"
                    WIDTH="624"
                    HEIGHT="62">
            <Shape><Polygon POINTS="458 420 445 420 431 420 418 422 404 422 391 422 390 419 377 419 379 464 379 477 645 469 684 472 742 474 743 474 744 474 746 474 751 469 754 468 808 469 968 472 970 472 971 472 1001 464 1001 457 997 415 465 419 458 420"/></Shape>
	    <String CONTENT="quent de la resurrection de Christ et"
                    HPOS="377"
                    VPOS="415"
                    WIDTH="624"
                    HEIGHT="62"></String>
          </TextLine>

          
          
          <TextLine ID="eSc_line_739744db"
                    TAGREFS="LT266"
                    BASELINE="379 509 999 503" 
                    HPOS="377"
                    VPOS="460"
                    WIDTH="622"
                    HEIGHT="62">
            <Shape><Polygon POINTS="379 509 379 519 873 522 874 522 875 522 896 515 982 520 983 520 985 520 999 512 999 503 995 460 377 472 379 509"/></Shape>
	    <String CONTENT="ne croyent point (quoy quilz disẽt)"
                    HPOS="377"
                    VPOS="460"
                    WIDTH="622"
                    HEIGHT="62"></String>
          </TextLine>

          
          
          <TextLine ID="eSc_line_c9ef2171"
                    TAGREFS="LT266"
                    BASELINE="380 555 1005 549" 
                    HPOS="379"
                    VPOS="504"
                    WIDTH="626"
                    HEIGHT="61">
            <Shape><Polygon POINTS="812 505 811 505 809 505 807 508 801 512 796 508 792 505 790 505 789 505 788 505 769 509 748 514 703 511 632 507 623 507 607 514 604 515 603 514 597 509 597 508 596 508 595 508 593 508 592 508 570 515 566 515 564 515 531 508 530 508 470 516 391 509 390 509 388 509 387 509 379 515 380 555 380 563 858 565 859 565 1005 555 1005 549 1001 504 879 512 836 508 813 505 812 505"/></Shape>
	    <String CONTENT="en iceluy resuscite: Car silz croyoiẽt"
                    HPOS="379"
                    VPOS="504"
                    WIDTH="626"
                    HEIGHT="61"></String>
          </TextLine>

          
          
          <TextLine ID="eSc_line_b766197b"
                    TAGREFS="LT266"
                    BASELINE="381 603 1004 593" 
                    HPOS="380"
                    VPOS="555"
                    WIDTH="624"
                    HEIGHT="64">
            <Shape><Polygon POINTS="488 555 476 555 475 555 473 555 472 555 460 563 390 557 388 557 387 557 385 557 385 558 380 562 381 603 381 611 422 619 423 619 480 609 483 609 485 609 526 617 527 617 584 609 627 616 628 616 630 616 650 607 662 615 663 615 665 615 666 615 719 613 720 613 721 613 721 612 728 607 748 613 750 613 751 613 753 613 754 613 767 605 890 612 892 612 893 612 917 603 990 611 991 611 993 611 994 611 994 609 1004 600 1004 593 1001 555 502 555 488 555"/></Shape>
	    <String CONTENT="Christ estre resuscite poͬ nostre iusti"
                    HPOS="380"
                    VPOS="555"
                    WIDTH="624"
                    HEIGHT="64"></String>
          </TextLine>

          
          
          <TextLine ID="eSc_line_9bd9dde3"
                    TAGREFS="LT266"
                    BASELINE="382 651 1005 640" 
                    HPOS="380"
                    VPOS="596"
                    WIDTH="624"
                    HEIGHT="63">
            <Shape><Polygon POINTS="381 650 381 659 924 659 924 658 1004 647 1004 639 1001 604 906 596 905 596 858 604 844 605 832 604 789 597 788 597 758 604 744 608 703 608 700 604 694 600 694 599 693 599 692 599 690 599 689 599 674 604 663 609 604 609 573 604 553 601 551 601 550 601 542 604 526 611 380 605 381 650"/></Shape>
	    <String CONTENT="fication (comme dit S. Paul) par"
                    HPOS="380"
                    VPOS="596"
                    WIDTH="624"
                    HEIGHT="63"></String>
          </TextLine>

          
          
          <TextLine ID="eSc_line_a9e8cdee"
                    TAGREFS="LT266"
                    BASELINE="383 694 1006 688" 
                    HPOS="381"
                    VPOS="646"
                    WIDTH="625"
                    HEIGHT="58">
            <Shape><Polygon POINTS="383 694 383 704 1006 697 1006 688 1002 646 381 654 383 694"/></Shape>
	    <String CONTENT="ceste mesme foy/ eulx resuscitez ⁊ ui"
                    HPOS="381"
                    VPOS="646"
                    WIDTH="625"
                    HEIGHT="58"></String>
          </TextLine>

          
          
          <TextLine ID="eSc_line_687bb12a"
                    TAGREFS="LT266"
                    BASELINE="385 739 1004 733" 
                    HPOS="384"
                    VPOS="690"
                    WIDTH="620"
                    HEIGHT="58">
            <Shape><Polygon POINTS="855 690 854 690 842 697 839 698 384 698 385 739 385 748 1002 743 1004 733 1001 697 856 690 855 690"/></Shape>
	    <String CONTENT="uantz auec Christ/ seroient purgez"
                    HPOS="384"
                    VPOS="690"
                    WIDTH="620"
                    HEIGHT="58"></String>
          </TextLine>

          
          
          <TextLine ID="eSc_line_183f6e56"
                    TAGREFS="LT266"
                    BASELINE="387 786 1006 781" 
                    HPOS="385"
                    VPOS="737"
                    WIDTH="621"
                    HEIGHT="59">
            <Shape><Polygon POINTS="645 737 643 737 624 744 620 744 615 744 578 737 577 737 576 737 574 737 564 744 562 746 465 746 461 746 427 739 426 739 385 746 387 786 387 796 1005 790 1006 781 1004 740 646 737 645 737"/></Shape>
	    <String CONTENT="de tout peche: cõbien quil fust grãd"
                    HPOS="385"
                    VPOS="737"
                    WIDTH="621"
                    HEIGHT="59"></String>
          </TextLine>

          
          
          <TextLine ID="eSc_line_947ff44a"
                    TAGREFS="LT266"
                    BASELINE="388 833 1006 825" 
                    HPOS="387"
                    VPOS="786"
                    WIDTH="619"
                    HEIGHT="59">
            <Shape><Polygon POINTS="388 833 388 845 1005 835 1006 825 1002 786 387 793 388 833"/></Shape>
	    <String CONTENT="⁊ enorme/ ⁊ ne croyroient iamais"
                    HPOS="387"
                    VPOS="786"
                    WIDTH="619"
                    HEIGHT="59"></String>
          </TextLine>

          
          
          <TextLine ID="eSc_line_2e8ea784"
                    TAGREFS="LT266"
                    BASELINE="385 879 1009 874" 
                    HPOS="384"
                    VPOS="829"
                    WIDTH="625"
                    HEIGHT="60">
            <Shape><Polygon POINTS="385 879 385 889 1008 886 1009 874 1006 836 855 829 854 829 852 829 823 836 716 831 715 831 384 840 385 879"/></Shape>
	    <String CONTENT="dautre purgatoire. Finalement la"
                    HPOS="384"
                    VPOS="829"
                    WIDTH="625"
                    HEIGHT="60"></String>
          </TextLine>

          
          
          <TextLine ID="eSc_line_ab6c7fcf"
                    TAGREFS="LT266"
                    BASELINE="387 928 1009 920" 
                    HPOS="385"
                    VPOS="876"
                    WIDTH="624"
                    HEIGHT="63">
            <Shape><Polygon POINTS="387 928 387 939 1008 926 1009 920 1005 876 385 883 387 928"/></Shape>
	    <String CONTENT="predication diceluy purgatoire/ cõ-"
                    HPOS="385"
                    VPOS="876"
                    WIDTH="624"
                    HEIGHT="63"></String>
          </TextLine>

          
          
          <TextLine ID="eSc_line_47ab23db"
                    TAGREFS="LT266"
                    BASELINE="385 971 1012 966" 
                    HPOS="384"
                    VPOS="925"
                    WIDTH="628"
                    HEIGHT="59">
            <Shape><Polygon POINTS="385 971 385 980 539 984 541 984 584 979 597 978 614 979 686 984 688 984 689 984 690 984 701 978 704 976 711 978 736 983 738 983 774 976 780 976 788 976 852 983 854 983 855 983 885 975 889 975 900 975 979 982 981 982 982 982 1012 974 1012 966 1008 925 384 928 385 971"/></Shape>
	    <String CONTENT="treuient grandemẽt aux bõnes oeu"
                    HPOS="384"
                    VPOS="925"
                    WIDTH="628"
                    HEIGHT="59"></String>
          </TextLine>

          
          
          <TextLine ID="eSc_line_4c8eed03"
                    TAGREFS="LT266"
                    BASELINE="388 1017 1009 1013" 
                    HPOS="387"
                    VPOS="974"
                    WIDTH="622"
                    HEIGHT="52">
            <Shape><Polygon POINTS="388 1017 388 1026 1009 1025 1009 1013 1005 974 387 975 388 1017"/></Shape>
	    <String CONTENT="ures procedantes de uiue foy que"
                    HPOS="387"
                    VPOS="974"
                    WIDTH="622"
                    HEIGHT="52"></String>
          </TextLine>

          
          
          <TextLine ID="eSc_line_8009418a"
                    TAGREFS="LT266"
                    BASELINE="392 1064 1010 1056" 
                    HPOS="391"
                    VPOS="1019"
                    WIDTH="619"
                    HEIGHT="57">
            <Shape><Polygon POINTS="392 1064 392 1076 1009 1063 1010 1056 1008 1019 391 1019 392 1064"/></Shape>
	    <String CONTENT="Dieu nous cõmande/ ⁊ rend le peu"
                    HPOS="391"
                    VPOS="1019"
                    WIDTH="619"
                    HEIGHT="57"></String>
          </TextLine>

          
          
          <TextLine ID="eSc_line_5241c9cf"
                    TAGREFS="LT266"
                    BASELINE="391 1111 1012 1103" 
                    HPOS="390"
                    VPOS="1061"
                    WIDTH="622"
                    HEIGHT="58">
            <Shape><Polygon POINTS="391 1111 391 1119 1010 1111 1012 1103 1008 1061 390 1064 391 1111"/></Shape>
	    <String CONTENT="ple negligẽt ⁊ paresseux de les fai-"
                    HPOS="390"
                    VPOS="1061"
                    WIDTH="622"
                    HEIGHT="58"></String>
          </TextLine>

          
          
          <TextLine ID="eSc_line_ef6911c6"
                    TAGREFS="LT266"
                    BASELINE="391 1154 1012 1148" 
                    HPOS="390"
                    VPOS="1106"
                    WIDTH="622"
                    HEIGHT="61">
            <Shape><Polygon POINTS="1009 1131 1008 1106 390 1117 391 1154 391 1167 1010 1157 1012 1148 1010 1141 1009 1131"/></Shape>
	    <String CONTENT="re. Car au lieu de dõner a boire et a"
                    HPOS="390"
                    VPOS="1106"
                    WIDTH="622"
                    HEIGHT="61"></String>
          </TextLine>

          
          
          <TextLine ID="eSc_line_a28b9c3e"
                    TAGREFS="LT266"
                    BASELINE="392 1203 1012 1194" 
                    HPOS="391"
                    VPOS="1150"
                    WIDTH="621"
                    HEIGHT="68">
            <Shape><Polygon POINTS="871 1150 870 1150 869 1150 863 1152 833 1158 785 1153 773 1152 771 1152 750 1153 655 1161 587 1156 585 1156 584 1156 582 1156 558 1162 391 1158 392 1203 392 1212 468 1218 469 1218 519 1211 527 1210 534 1210 566 1216 568 1216 647 1208 662 1207 673 1207 742 1214 743 1214 744 1214 746 1214 758 1206 759 1206 781 1212 782 1212 784 1212 871 1206 917 1211 919 1211 1012 1200 1012 1194 1008 1150 894 1157 877 1152 873 1150 871 1150"/></Shape>
	    <String CONTENT="mãger aux paoures/ loger les estrã"
                    HPOS="391"
                    VPOS="1150"
                    WIDTH="621"
                    HEIGHT="68"></String>
          </TextLine>

          
          
          <TextLine ID="eSc_line_421602e8"
                    TAGREFS="LT266"
                    BASELINE="399 1247 1012 1241" 
                    HPOS="398"
                    VPOS="1199"
                    WIDTH="614"
                    HEIGHT="65">
            <Shape><Polygon POINTS="647 1200 646 1200 645 1200 645 1202 638 1207 418 1203 416 1203 415 1203 398 1210 399 1247 399 1262 827 1264 828 1264 829 1264 850 1257 851 1257 854 1257 887 1262 889 1262 890 1262 892 1262 892 1261 893 1261 896 1257 897 1256 905 1257 959 1262 960 1262 1012 1254 1012 1241 1009 1204 769 1199 767 1199 766 1199 748 1206 649 1200 647 1200"/></Shape>
	    <String CONTENT="gers/ reuestir les nudz/ garder les"
                    HPOS="398"
                    VPOS="1199"
                    WIDTH="614"
                    HEIGHT="65"></String>
          </TextLine>

          
        </TextBlock>
        
        <TextBlock HPOS="812"
                   VPOS="1247"
                   WIDTH="203"
                   HEIGHT="57"
                   ID="eSc_textblock_809e74b1"
                   TAGREFS="BT1359">
          <Shape><Polygon POINTS="812 1254 812 1304 1015 1304 1013 1247"/></Shape>
          
          
          <TextLine ID="eSc_line_b9aef60f"
                    TAGREFS="LT266"
                    BASELINE="827 1289 1008 1285" 
                    HPOS="825"
                    VPOS="1243"
                    WIDTH="183"
                    HEIGHT="64">
            <Shape><Polygon POINTS="827 1289 827 1307 1006 1300 1008 1285 1005 1247 896 1243 894 1243 893 1243 892 1243 881 1250 878 1253 825 1253 827 1289"/></Shape>
	    <String CONTENT="malades/"
                    HPOS="825"
                    VPOS="1243"
                    WIDTH="183"
                    HEIGHT="64"></String>
          </TextLine>

          
        </TextBlock>
        
        <TextBlock HPOS="231"
                   VPOS="598"
                   WIDTH="154"
                   HEIGHT="116"
                   ID="eSc_textblock_79ea2076"
                   TAGREFS="BT768">
          <Shape><Polygon POINTS="231 598 231 714 369 714 385 598"/></Shape>
          
          
          <TextLine ID="eSc_line_febd5e6d"
                    TAGREFS="LT266"
                    BASELINE="247 650 381 653" 
                    HPOS="245"
                    VPOS="594"
                    WIDTH="135"
                    HEIGHT="64">
            <Shape><Polygon POINTS="246 648 245 654 377 658 380 652 379 594 248 596 246 648"/></Shape>
	    <String CONTENT="Romaĩs"
                    HPOS="245"
                    VPOS="594"
                    WIDTH="135"
                    HEIGHT="64"></String>
          </TextLine>

          
          
          <TextLine ID="eSc_line_a2533888"
                    TAGREFS="LT266"
                    BASELINE="246 690 299 693" 
                    HPOS="245"
                    VPOS="648"
                    WIDTH="54"
                    HEIGHT="53">
            <Shape><Polygon POINTS="261 648 259 648 246 651 246 690 245 698 296 701 299 693 299 659 271 648 261 648"/></Shape>
	    <String CONTENT="ui."
                    HPOS="245"
                    VPOS="648"
                    WIDTH="54"
                    HEIGHT="53"></String>
          </TextLine>

          
        </TextBlock>
        
        <TextBlock HPOS="241"
                   VPOS="1177"
                   WIDTH="157"
                   HEIGHT="105"
                   ID="eSc_textblock_d66ff1f9"
                   TAGREFS="BT768">
          <Shape><Polygon POINTS="241 1177 241 1282 398 1282 398 1177"/></Shape>
          
          
          <TextLine ID="eSc_line_2ac65119"
                    TAGREFS="LT266"
                    BASELINE="253 1226 395 1226" 
                    HPOS="252"
                    VPOS="1175"
                    WIDTH="142"
                    HEIGHT="81">
            <Shape><Polygon POINTS="392 1177 252 1175 252 1225 255 1252 269 1239 277 1246 279 1246 280 1246 282 1246 325 1238 350 1254 352 1254 353 1254 354 1256 394 1256 394 1225 394 1202 392 1177"/></Shape>
	    <String CONTENT="Matth."
                    HPOS="252"
                    VPOS="1175"
                    WIDTH="142"
                    HEIGHT="81"></String>
          </TextLine>

          
          
          <TextLine ID="eSc_line_bcdb86d7"
                    TAGREFS="LT266"
                    BASELINE="256 1268 345 1265" 
                    HPOS="255"
                    VPOS="1227"
                    WIDTH="90"
                    HEIGHT="68">
            <Shape><Polygon POINTS="295 1227 292 1227 255 1235 256 1268 257 1295 283 1288 291 1289 310 1293 311 1293 313 1293 345 1280 345 1265 342 1234 307 1227 295 1227"/></Shape>
	    <String CONTENT="xxu."
                    HPOS="255"
                    VPOS="1227"
                    WIDTH="90"
                    HEIGHT="68"></String>
          </TextLine>

          
        </TextBlock>
        

        
      </PrintSpace>
    </Page>
  </Layout>
</alto>
