1085 1619
101 672 154 190 L

106 161 621 72 cher Iesuchrist: car il est la fin de la

105 207 616 69 loy/ iustifiant tous ceulx qͥ croyent

103 253 617 73 en luy. Autre moyen ny a pour eui-

102 298 617 74 ter lire ⁊ indignation de Dieu qui

102 344 617 72 noꝰ est mõstree par la loy/ laquel-

99 388 618 80 le est la uertu de peche ⁊ laguillon.

99 435 610 76 Dequoy sommes deliurez par Ie-

97 484 615 73 suchrist/ quand nous entendons et

97 528 611 75 croyõs quil a porte la malediction

98 585 208 47 pour nous.

144 623 522 71 ¶ De leuangile. Chap̃.u.

253 671 454 65 Euangile/ est la uraye

255 720 454 67 puissãce de Dieu en salut

238 767 469 62 a tout croyant/ la consola

252 810 455 68 tiõ des affligez/ la deliurã

83 852 614 73 ce des captifz/ la uie des mortz et

85 902 612 72 perdus/ ioye de coeur surmontant

82 949 289 57 tout sentement.

129 994 565 73 Qui ne sesiouyroit en ouyãt son

78 1041 615 69 ennemy (lequel il ne pouoit fuyr/

76 1086 610 71 en la pleine puissance duq̃l il estoit)

76 1134 618 62 estre uaincu ⁊ destruict? la mort et

75 1177 615 70 dãnation ineuitable luy estre tour-

71 1225 622 76 nee en uie ⁊ salut eternel? enfer au

345 1281 336 68 B .ii. royaume

716 457 138 61 i.Corin-

719 512 116 55 tes.xu.

716 677 122 100 Rom̃.i.

703 881 130 60 Luc.iiii.
