1085 1619
361 151 620 72 royaume des cieulx? lhorreur de la

367 196 610 72 cõpaignie des diables/ en la bour-

367 242 615 73 geoysie des cieulx ⁊ adoption des

367 290 616 68 enfãs de Dieu? Ce qui nous est an

367 335 615 71 nonce par la mort de Iesus/ qͥ par

367 380 614 71 la uertu du pere/ qui est en luy noꝰ

368 427 617 70 a sauuez/ nous ostant la crainte ser

369 474 618 69 uile des menaces de la loy/ pourtãt

368 520 615 64 quil ny a poĩt de dãnation a ceulx

371 567 618 67 qui sont en Iesus. Car deliurez de

373 613 613 62 la seruitude de peche ⁊ de mort (en

373 658 617 67 laquelle ilz estoient detenus par la

375 706 615 63 loy) seruẽt ⁊ uiuẽt a Dieu/ duquel

376 750 613 71 ilz sont faictz filz par foy qͥlz ont/

377 796 618 71 croyãs parfaictemẽt tout leur estre

379 845 616 68 remis par Iesus/ qͥ a puissamment

377 890 620 65 triumphe de noz ennemis. Et

383 936 614 63 pourtant sa uictoire est a nous/ et

385 980 616 66 par luy tout est nostre/ ainsi quil

387 1028 615 56 nous est annõce par ses bõnes nou

388 1071 616 70 uelles qui sont leuangile/ qͥl nous

391 1121 613 66 a tout restaure ⁊ dõne/ ⁊ encore da-

395 1165 610 68 uantage plus que nauions perdu.

442 1210 562 87 Et pourtant ayans pleine foy/

898 1258 112 56 nous

229 523 134 55 Romaĩs

228 566 76 47 uiii.

234 706 133 57 Romaĩs

236 752 66 79 uii.

241 899 117 67 Colos-

238 945 139 79 siens.ii.
