1085 1619
128 631 151 150 P

121 188 619 61 noꝰ armõs de sa iustice cõtre nostre

124 234 612 64 peche/ de sa uie ꝯtre nostre mort/ de

124 279 603 67 son innocẽce cõtre nostre iniqͥte. Et

121 322 611 67 par luy obtenõs toutes les ꝓmes-

121 373 611 64 ses de Dieu/ et si grãd bien que ia-

120 418 612 65 mais oeil ne ueit/ ne aureille ne

118 462 612 69 ouyt/ ne coeur ne pẽsa/ combien est

118 508 597 68 grand ce q̃ Dieu nous a promis.

184 557 494 66 ¶ De peche. Chap̃.ui.

276 605 450 68 Eche/ est nature corrõpue

275 650 449 69 ⁊ deprauee/ uiuant a soy/

273 694 455 66 aymant soymesme/ repu-

276 744 456 62 gnant a la loy de Dieu/ ⁊

112 779 614 75 la hayant/ aymant les choses char

112 831 608 63 nelles/ mesprisant les spirituelles/

110 871 618 76 nentendãt rien de Dieu/ pleine de

112 925 585 63 toute ignorãce/ fructifiãt a mort.

132 972 598 65 Car peche est source si mauldicte ⁊

109 1017 617 67 mauuaise/ quelle ne peult que mal.

107 1064 613 66 Et dautant que la droicte uoye et

107 1110 614 71 le bien luy est plus clairement ma-

109 1154 619 62 nifeste/ dautant plus il la reiecte et

107 1200 617 70 la uitupere. Et sil ne meurt ⁊ est

109 1247 617 80 destruict par la mort de Iesus/ il

461 1307 262 65 B .iii. dit le

740 279 89 65 Isaie

739 333 97 52 lxiiii.

739 371 132 49 i.Corin-

734 414 95 54 tes.ii.

738 596 132 86 Romaĩs

735 667 59 49 uii.

735 800 134 63 i.Corin-

736 849 91 53 tes.ii.

735 1079 124 73 Matth.

731 1131 57 69 xii.
