1085 1619
101 532 187 173 C

113 179 617 66 Dieu tout hõneur ⁊ gloire luy at-

112 232 623 67 tribuant tout bien/ salut ⁊ uie/ reie

112 281 609 63 ctant tout autre ayde ⁊ confiance/

113 326 607 69 ⁊ tout ce que le cler ⁊ pur comman-

113 372 506 61 dement de Dieu ne contient.

147 416 535 72 ¶ De la chair ⁊ uieil homme.

275 465 266 59 Chapitre.uiii.

268 503 453 69 Hair/ est le uieil hõe/ cest

263 558 458 63 adire tout homme/ qui de

265 603 452 63 soymesme est serf ⁊ captif

272 648 447 64 de peche/ ⁊ tout ce qͥl desi-

103 693 614 65 re/ ueult/ entend/ scait/ cõgnoit/ iu-

106 739 609 58 ge ⁊ faict/ tout est desir de la chair:

107 785 608 70 uolunte/ sagesse/ prudence/ iuge-

105 832 479 63 ment/ est oeuure charnelle.

149 874 570 70 Et laffection de la chair ⁊ laffe-

102 925 611 65 ction de peche sõt une mesme chose.

103 972 621 64 Et pourtant ne fructifient que a la

103 1019 610 63 mort: car leur fruict nest q̃ hayne/

105 1067 611 59 meurtre/ ẽuie/ paillardise/ larrecin/

103 1110 620 66 heresie/ idolatrie/ blaspheme/ ꝑuer-

107 1160 613 59 ses pensees ⁊ cogitations: bref/ con

106 1211 594 54 trariete ⁊ repugnance a tout bien.

155 1249 564 75 Et maintenant uient tout clai-

425 1297 286 60 B .iiii. rement

723 870 113 67 Gala-

724 928 91 58 tes.u.
