1085 1619
346 151 621 52 rement contre la parolle de Dieu

350 195 620 61 laccusant de iniustice/ dautant quil

352 242 615 62 ne faict pas selon le uouloir/ esti-

352 294 614 54 me ⁊ iugement de la chair/ disant:

349 331 619 60 Il ny a point de Dieu/ il ny a poĩt

348 383 619 55 de iustice en hault/ Dieu na point

334 423 633 62 desgard ne de cure des choses de ca

348 477 619 55 bas: ⁊ semblables blasphemes con-

349 520 615 53 tre nostre Seigneur et sa parolle/

352 565 614 58 sortent ⁊ uiennẽt de la chair. Et

352 615 616 55 par autre maniere soy cõtrefaisant

353 658 613 57 par simulatiõ feincte/ ⁊ sẽble auoir

350 704 618 59 le zele de Dieu ⁊ desir de sõ hõneur

350 750 618 59 cõme uoulãt exaucer ⁊ magnifier

350 794 620 64 son sainct nom/ ⁊ qͥl soit seruy plus

350 843 620 55 sainctement ⁊ en plus grande reue

349 890 621 61 rẽce. Parquoy ont cõtrouue nou

349 934 622 61 uelles manieres de faire hors de la

353 980 613 60 parolle de Dieu/ nouuelles sectes/

353 1028 615 60 reigles ⁊ institutiõs/ simulãt/ fein-

349 1073 618 60 gnant/ ⁊ mentant en toute saincte-

350 1118 618 54 te ⁊ lamour de Dieu. Et pourtant

353 1164 617 56 ne fault estre legier a suyure ce qui

353 1214 617 78 nous semble estre de Dieu/ tant ce

892 1262 75 88 qui

211 327 129 64 Psalme

207 383 110 54 xiii. et

211 422 120 62 lxxii.

210 599 136 66 Matth.

214 657 61 52 uii.

210 1113 130 55 i.lehan

213 1162 64 50 iiii.
