1085 1619
105 172 614 56 uiẽt de nostre coeur cõme dautruy:

102 223 621 53 mais fault prouuer diligẽmẽt quel

102 264 611 63 esperit cest. Car ainsi que lange des

102 318 609 51 tenebres se transfigure en ange de

101 360 615 62 lumiere/ aussi font ses ministres et

103 403 571 55 sus tout la prudence de la chair.

103 450 616 59 Il fault donc prouuer par la sain-

101 499 618 59 cte parolle de Dieu/ ⁊ diligemmẽt

101 543 616 54 examiner toutes motions/ toꝰ pro-

102 594 617 52 pos ⁊ institutions/ poͬ scauoir quel

103 639 616 58 esperit cest qui les suggere: sil est de

102 681 615 62 Dieu/ ou de la chair. Quon regar-

99 727 620 56 de la bõne intẽtion de Pierre/ pour

98 773 621 56 laquelle il a este nõme Satan/ celle

99 817 616 66 aussi du Roy Saul ⁊ des Roys qui

99 863 616 62 ont uoulu faire le seruice de Dieu

99 910 613 60 aux haultz lieux/ et par les boys/

99 963 618 56 cõme auoient faict les patriarches

99 1007 618 56 par auãt/ cõment ilz sont repris de

98 1051 619 60 lescripture. Car tout a este prudẽce

101 1096 616 58 de chair/ laquelle cõment quil soit

102 1145 613 54 ueult auoir la seigneurie et domi-

99 1187 617 58 nation/ ⁊ ueult gouuerner/ ordon-

98 1234 615 81 ner ⁊ disposer a son plaisir/ ⁊ auoir

558 1287 154 74 lhõneur

726 263 132 51 ii.Corin

728 307 95 57 tes.xi.

727 724 125 67 Matth.

723 779 71 56 xui.

721 831 121 60 i.Roys

720 878 66 51 xu.

716 1227 136 76 Iehã.u.
