1085 1619
98 188 622 62 humble ⁊ obeissant a la parolle de

101 238 615 60 Dieu lequel ueritable point ne se

98 283 614 55 change: mais ce quil a dict il le fera/

98 329 618 55 ce quil a promis il le tiendra. Et

97 376 618 63 pourtant adresse lhõme/ affin quil

94 420 621 63 ne sente autrement de Dieu qͥl ne

95 472 621 54 doibt/ ⁊ quil ne se arreste a autre q̃ a

95 519 620 58 Dieu/ ne prenãt autre maniere de

97 563 615 58 uiure que celle que Dieu a expres¬

94 612 621 58 sement cõmande/ ne se arrestãt que

93 655 616 61 en la pure parolle de Dieu/ cõbien

91 704 617 50 que tout soit change ⁊ mue/ et que

90 746 619 58 les infideles florissent/ grãs signes

91 790 612 65 ⁊ miracles soient faictz: ⁊ que tous

91 839 610 56 disent autrement que le pur cõman

90 882 619 62 dement de Dieu ne porte/ quil ne

87 936 616 54 bouge: mais quil demeure ferme en

87 978 621 56 la parolle/ laquelle demeure eter¬

87 1025 624 54 nellement. Faice le monde cõment

90 1071 622 55 quil uueille/ il donne cest hõneur a

91 1115 618 65 Dieu quil est ueritable/ ⁊ que tout

90 1164 618 58 ce qui nest prouue par sa saincte pa

89 1211 616 54 rolle/ nest que uanite ⁊ mensonge.

144 1261 564 66 Mieulx uault beaucop scauoir

628 1311 73 61 cecy

719 659 131 54 Psalme

720 706 116 52 xxxui.

723 785 124 56 Matth.

717 828 88 63 xiiii.
