1085 1619
101 167 616 69 ne se peult fier en Dieu: mais incer

102 228 614 51 taine cerche autre moyen poͬ auoir

103 269 614 60 ayde ⁊ secours/ pleine de inconstan

103 319 613 56 ce/ crainct ou il ny a point de matie

102 356 613 64 re de paour/ se fie ou il ny a poĩt de

105 404 607 61 seurete/ sans aucun certain propos

101 450 610 62 ne arrest: mais muable cõme la lu-

103 504 616 54 ne subiecte a toute tromperie ⁊ dece

105 542 618 62 ption. Car la ou nest la lumiere de

103 588 606 64 foy/ la clarte de la ꝑolle de Dieu/

102 636 611 56 la regnẽt les princes des tenebres/

106 679 618 63 la sont les tresbuchemens/ ⁊ tõbe-

107 724 621 65 mens en la fosse. Pour le bon che-

109 781 618 52 min on prent le mauuais/ pour la

109 817 618 62 uolunte de Dieu le songe des hom

107 864 616 62 mes. Pour les choses qui sont ag-

112 909 612 59 greables a Dieu et ses sainctes or-

110 961 614 57 donnances/ ce quil a en abomina-

112 1001 615 66 tion/ ⁊ la doctrine diabolicque. Car

112 1048 612 65 tout ce qui uient de ceste increduli-

113 1095 613 61 te/ et tout ce qui faict celuy qui na

114 1144 616 60 la foy/ ne peult estre q̃ peche/ quel-

116 1187 615 65 que couleur quil ayt de sainctete et

109 1235 314 68 de bonne oeuure.

618 1273 114 72 ¶ De

727 381 125 61 Psalme

726 434 70 57 xiii.

727 585 132 67 ii.Thes

731 638 115 54 salo.ii.

734 1045 131 68 Romaĩs

735 1103 78 68 xiiii.
