1085 1619
91 156 620 55 elle croit/ elle le tient embrasse par

91 205 617 59 ses sainctes promesses/ estãt puis-

91 253 617 55 samment armee contre tous enne-

89 294 618 59 mys/ desquelz elle rapporte uictoi-

87 342 609 58 re: car rien ne luy est impossible.

90 387 613 55 Tout ce quelle demãde elle lobtiẽt/

89 438 612 53 ⁊ ne peult faillir/ pourtant q̃lle est/

86 480 619 62 ⁊ ua par la parolle de Dieu. Et

83 530 616 58 tout ce qͥ nest en ceste foy (cestadire

83 574 620 64 selõ la cõgnoissãce de la ꝑolle) cest

85 624 620 58 peche. La foy ne peult tirer a autre

83 674 617 54 que a Dieu/ ne se peult tenir quen

83 717 621 57 Dieu/ ne peult receuoir que ce qui

82 762 615 58 est de Dieu. Tout ne luy est rien q̃

83 808 618 58 Dieu/ rien ne luy plaict que Dieu

80 856 620 56 ⁊ sa uoix. Et pourtant que en luy

80 899 619 60 seul elle se arreste/ ne peult estre cõ-

82 945 618 60 fondue: mais parfaictemẽt obtient

79 995 409 53 ce quelle croit ⁊ espere.

133 1036 521 59 ¶ Du merite. Chap̃.xii.

246 1082 453 59 Erite/ est uoix pleine dar

245 1131 451 56 rogance/ pleinemẽt repu-

248 1185 448 50 gnant a Dieu/ et a toute

245 1229 451 66 lescripture/ cõtrouuee par

80 1238 162 46 M

545 1274 145 64 lesperit

712 295 103 57 Marc

705 346 119 53 x. ⁊ .xi.

705 524 137 66 Romaĩs

707 570 46 53 x.
