1085 1619
361 145 621 60 lesperit dorgueil ⁊ derreur/ poͬ met

360 188 619 62 tre a neant la grace de nostre Sei¬

363 238 618 60 gneur. Car la mauldicte doctri¬

363 283 619 59 ne des merites dict que lhomme se

364 329 619 59 tournant a Dieu merite et dessert

365 373 618 58 de sortir de peche/ de uenir a confes¬

365 418 618 65 sion ⁊ auoir remission diceluy/ et

364 466 621 64 paruenir a lestat de grace/ auq̃l fai

365 511 614 63 sant bõnes oeuures il satisfaict poͬ

367 559 619 65 ses pechez/ ⁊ gaigne ⁊ acquiert le

367 609 550 56 royaume des cieulx ⁊ paradis.

368 651 618 58 Lesquelles blasphemes sont si tres

369 708 616 52 cuidentes que plus ne peuuẽt estre.

419 747 566 59 Que peult meriter ung seruiteͬ

367 787 620 67 inutile qͥ ne sert a rien/ qui ne proffi

368 840 617 53 te rien? Iesus nous commande luy

371 882 618 58 qui est la uerite que nous disons

371 930 615 62 (uoire sil estoit possible q̃ eussions

373 975 609 55 tout faict ce qui nous est cõmande)

373 1022 617 58 que nous sommes seruiteurs inuti

375 1068 615 57 les. Qui est celuy qui feit iamais

375 1114 615 62 tout ce que Dieu commande? Cest

376 1160 617 56 estre sans peche/ iuste/ sainct cõme

376 1206 617 71 luy/ ꝑfaict ⁊ misericordieux cõme

858 1250 131 73 Dieu/

229 929 82 50 Luc

232 970 90 52 xuii.

229 1011 144 68 i.Pier.i.

236 1106 133 66 Matth.

242 1157 49 47 u.

237 1199 134 63 Luc.ui.
