1085 1619
97 167 612 61 Dieu/ sans auoir aucune concupi-

95 214 609 59 scence/ ne mauuaise affection. Si

93 259 612 63 nous sõmes tous mauuais/ ⁊ tou-

97 304 611 54 tes noz iustices sont abominables

97 352 612 56 cõme ung drappeau souille du ui-

95 393 616 68 lain sang de la purgation dune fẽ-

94 442 611 57 me/ ou est ce merite? Si nous na

93 489 611 64 uons puissãce mesme de pẽser q̃lque

95 536 616 60 chose de nous: mais tout uient de

95 586 613 50 Dieu/ ⁊ de nous ne pouons q̃ mal/

98 630 607 63 serfz/ captifz ⁊ uẽduz soubz peche/

94 674 611 62 ne pouõs faire le bien que noꝰ uou

91 717 616 62 lõs: mais faisõs le mal q̃ ne uou-

94 767 617 60 lons: dõt uiẽt cest orgueil de uou-

94 810 615 57 loir dire ie gaigneray le royaume

94 862 613 55 des cieulx par mes oeuures/ ie se-

94 901 606 66 ray iustifie par mes oeuures. O

94 948 615 65 orgueil ueulx tu monter la sus et

93 995 618 64 dire/ ie seray faict sẽblable au tres-

94 1041 611 65 haultain? Ne entendz tu pas que la

93 1086 612 60 iustification est faicte sans desserte

95 1133 613 65 par la grace de Dieu/ par la redem

98 1180 613 54 ptiõ de Iesus? Et q̃ nous sommes

98 1233 610 70 sauuez par grace/ non pas de noꝰ/

452 1283 260 59 C cest le

713 219 89 60 Esaie

713 271 94 56 lxiiii.

713 454 127 51 i.Corin.

709 495 50 56 iii.

716 684 132 60 Romaĩs

717 731 61 63 uii.

712 1030 130 69 Romaĩs

715 1092 48 49 iii.

719 1126 110 69 Ephes.

716 1177 38 48 ii.
