1085 1619
372 705 185 198 G

361 151 617 68 cest le don de Dieu: non point par

363 195 615 68 oeuures/ affin q̃ persõne ne se glori

363 237 614 80 fie. Si donc nous sommes iustifiez

365 287 614 73 ⁊ sauuez par grace/ ce nest poĩt par

364 330 618 69 les oeuures/ autrement grace ne se-

367 375 612 72 roit point grace. Car a celuy qͥ oeu-

365 427 617 68 ure/ le loyer ne luy est point deu se-

367 468 616 73 lon grace: ains selon debte/ et cõme

368 515 613 69 chose deue ⁊ meritee. Mais a celuy

367 562 615 77 qui croit/ sa foy luy est reputee a iu-

368 617 394 65 stice sans les oeuures.

427 659 493 61 ¶ De grace. Chap̃.xiii.

523 701 460 69 Race/ est lamiable/ benĩg/

523 743 470 73 fauorable/ ⁊ misericordi-

526 791 463 71 eux regard de nostre tres-

530 840 457 66 bõ pere: lequel poͬ lamour

375 886 618 71 de soymesme: affin q̃ sõ propos soit

375 929 616 70 ferme de uiuifier ⁊ sauuer ceulx qͥl

371 975 619 70 a ordonne a uie sans aucun esgard

375 1025 618 67 de celuy a qui il faict mercy/ ne de

372 1067 623 73 ses oeuures/ ne dont il est party ou

372 1114 617 67 nay/ ne de toutes autres choses/ luy

375 1158 614 71 pardonne toutes ses faultes et pe-

375 1208 615 80 chez/ le deliurant par son treschier

916 1253 66 85 filz

234 375 131 71 Romaĩs

234 439 50 52 xi.

230 585 135 88 Romaĩs

229 636 65 50 iiii.
