1085 1619
378 223 145 162 L

371 156 612 54 ¶ De la saĩcte escripture. Cha.xu.

526 199 456 57 A saincte escripture tãt du

526 244 452 62 uieil q̃ du nouueau testa-

523 294 463 56 ment/ comme les liures de

522 338 464 58 Moyse/ les prophetes/ les

367 381 618 65 saĩctes hystoires des Roys ⁊ iuges/

365 430 620 59 pseaulmes/ cantiques/ sentences et

364 476 619 58 enseignemens q̃ Salomon a escrit/

364 524 619 56 auec les euangiles ⁊ saincte doctri-

365 565 621 65 ne des apostres/ contient puremẽt

368 615 615 59 ce que nous deuons faire. Cestadi-

363 661 620 54 re/ ce que nous deuõs sentir ⁊ croi-

367 706 618 57 re de Dieu nostre pere luy seruant

367 754 618 59 de coeur en esperit ⁊ uerite/ faisans

368 800 615 64 que sa saincte habitation soit tous-

367 847 618 58 iours gardee en toute purete ⁊ net-

365 891 621 64 tete/ cest nostre corps/ euitans toute

369 939 616 58 ordure ⁊ iniquite. Ce que ont desi-

369 984 618 58 gne ⁊ signifie les figures ⁊ cõman

369 1030 620 56 demẽs des ceremonies de la loy cou

369 1076 618 57 uertemens ⁊ en umbre. Iesuchrist

371 1123 616 54 la ẽseigne clairemẽt ⁊ ses apostres:

371 1168 618 57 ainsi que par les sacrifices/ le seul

377 1214 612 98 uray ⁊ parfaict sacrifice q̃ le sainct

824 1262 166 61 euangile

222 631 114 46 Iehan

222 669 66 51 iiii.

225 917 132 50 i.Corin.

219 957 127 83 iii. ⁊ .ui.
