1085 1619
66 161 612 73 euangile nous monstre consomme

66 213 368 63 en la mort de Iesus.

116 237 561 84 Et pourtant pour enseigner/ in-

67 298 610 73 struire/ corriger/ admõnester/ et en-

70 346 614 66 horter/ ny a doctrine que celle qui

68 391 614 67 est contenue en la saincte escriptu-

67 445 614 64 re/ ne aussi pour iuger des esperitz:

67 485 618 69 cestadire de quel esperit est meu et

67 531 614 70 mene celuy qui parle. Et aussi en

66 584 616 63 nous mesme/ de quel esperit uien-

67 624 614 66 nent les mouuemens/ ⁊ ce quon ap

70 667 612 72 pelle bõnes intentions/ si elles sont

70 713 615 66 de Dieu ou non/ ny a rien fors q̃ la

71 759 614 72 doctrine contenue en la saincte escri

70 805 608 65 pture. Cõme Iesus mõstre bien au

68 852 614 70 tentateur quil uient cõtre lescriptu

72 899 608 68 re/ ⁊ a Pierre ⁊ aux autres disci-

72 941 612 76 ples disant/ quil failloit q̃ les escri-

74 991 610 68 ptures fussent accõplies. Pour-

71 1042 621 62 tant tout ce qui nest clairemẽt ⁊ fer

72 1084 617 68 mement fonde en lescripture (laq̃l-

75 1130 610 65 le ne peult estre rompue) doit estre

75 1177 615 57 reiecte en matiere du salut/ ⁊ de ce qͥ

72 1220 629 75 est de Dieu/ des choses spirituelles

372 1276 329 59 C .iiii. ⁊ celestes.

684 230 129 69 ii.Tim̃.

684 290 46 56 iii.

690 783 127 64 Matth.

690 840 96 49 iiii. et

689 876 72 60 xui.

693 940 68 67 Luc

692 980 106 80 xxiiii.

697 1092 99 65 Iehan

697 1148 56 70 ix.
