<?xml version="1.0" encoding="UTF-8"?>
<alto xmlns:xsi="http://www.w3.org/2001/XMLSchema-instance"
      xmlns="http://www.loc.gov/standards/alto/ns-v4#"
      xsi:schemaLocation="http://www.loc.gov/standards/alto/ns-v4# http://www.loc.gov/standards/alto/v4/alto-4-2.xsd">
  <Description>
    <MeasurementUnit>pixel</MeasurementUnit>
    <sourceImageInformation>
      <fileName>44_4d169_default.jpg</fileName>
      <fileIdentifier>https://www.e-rara.ch/gep_g/i3f/v20/1954103/full/full/0/default.jpg</fileIdentifier>
    </sourceImageInformation>
  </Description>
  
  <Tags>
    <OtherTag ID="BT766" LABEL="DropCapitalZone" DESCRIPTION="block type DropCapitalZone"/><OtherTag ID="BT767" LABEL="MainZone" DESCRIPTION="block type MainZone"/><OtherTag ID="BT768" LABEL="MarginTextZone" DESCRIPTION="block type MarginTextZone"/><OtherTag ID="BT769" LABEL="NumberingZone" DESCRIPTION="block type NumberingZone"/><OtherTag ID="BT771" LABEL="RunningTitleZone" DESCRIPTION="block type RunningTitleZone"/><OtherTag ID="BT772" LABEL="StampZone" DESCRIPTION="block type StampZone"/><OtherTag ID="BT773" LABEL="TableZone" DESCRIPTION="block type TableZone"/><OtherTag ID="BT996" LABEL="TitlePageZone" DESCRIPTION="block type TitlePageZone"/><OtherTag ID="BT999" LABEL="GraphicZone" DESCRIPTION="block type GraphicZone"/><OtherTag ID="BT1359" LABEL="QuireMarksZone" DESCRIPTION="block type QuireMarksZone"/>
    <OtherTag ID="LT265" LABEL="HeadingLine" DESCRIPTION="line type HeadingLine"/><OtherTag ID="LT266" LABEL="DefaultLine" DESCRIPTION="line type DefaultLine"/><OtherTag ID="LT267" LABEL="DropCapitalLine" DESCRIPTION="line type DropCapitalLine"/>
  </Tags>
  
  <Layout>
    <Page WIDTH="1085"
          HEIGHT="1619"
          PHYSICAL_IMG_NR="44"
          ID="eSc_dummypage_">
      <PrintSpace HPOS="0"
                  VPOS="0"
                  WIDTH="1085"
                  HEIGHT="1619">
        
        <TextBlock HPOS="59"
                   VPOS="581"
                   WIDTH="205"
                   HEIGHT="203"
                   ID="eSc_textblock_f8d46973"
                   TAGREFS="BT766">
          <Shape><Polygon POINTS="59 581 59 784 264 780 264 582"/></Shape>
          
          
          <TextLine ID="eSc_line_fee6b2c4"
                    TAGREFS="LT267"
                    BASELINE="65 774 263 769" 
                    HPOS="63"
                    VPOS="589"
                    WIDTH="198"
                    HEIGHT="190">
            <Shape><Polygon POINTS="64 773 64 779 261 778 261 767 259 748 232 748 213 736 211 736 210 736 257 739 252 746 248 697 235 608 73 589 63 752 63 762"/></Shape>
	    <String CONTENT="L"
                    HPOS="63"
                    VPOS="589"
                    WIDTH="198"
                    HEIGHT="190"></String>
          </TextLine>

          
        </TextBlock>
        
        <TextBlock HPOS="38"
                   VPOS="146"
                   WIDTH="669"
                   HEIGHT="1148"
                   ID="eSc_textblock_01901be5"
                   TAGREFS="BT767">
          <Shape><Polygon POINTS="38 146 68 1294 707 1278 676 158"/></Shape>
          
          
          <TextLine ID="eSc_line_9a92b501"
                    TAGREFS="LT266"
                    BASELINE="51 215 666 196" 
                    HPOS="48"
                    VPOS="156"
                    WIDTH="618"
                    HEIGHT="72">
            <Shape><Polygon POINTS="655 156 642 156 628 156 615 156 601 156 588 156 574 156 561 156 547 156 534 156 520 156 507 156 493 156 480 156 479 156 475 160 443 156 439 156 426 156 415 156 399 163 398 163 381 156 373 156 365 163 329 156 327 156 273 165 265 167 255 167 195 161 183 163 170 164 168 164 157 169 155 169 153 169 141 165 129 167 121 167 117 169 116 171 109 171 91 168 89 168 75 169 62 171 48 171 48 171 51 215 51 228 140 218 226 222 252 223 253 223 272 221 311 214 330 218 340 221 341 221 342 221 369 217 415 210 475 213 533 215 534 215 666 205 666 196 663 161 655 156"/></Shape>
	    <String CONTENT="ferant ung passage de lescripture"
                    HPOS="48"
                    VPOS="156"
                    WIDTH="618"
                    HEIGHT="72"></String>
          </TextLine>

          
          
          <TextLine ID="eSc_line_22f78d0c"
                    TAGREFS="LT266"
                    BASELINE="53 260 663 244" 
                    HPOS="52"
                    VPOS="202"
                    WIDTH="611"
                    HEIGHT="73">
            <Shape><Polygon POINTS="511 202 510 202 508 202 488 202 483 203 472 203 445 203 442 205 435 205 434 205 407 214 396 206 395 206 394 206 392 206 348 215 209 211 207 211 206 211 188 219 161 213 159 213 149 213 133 222 52 223 53 260 53 267 102 275 103 275 105 275 122 267 141 273 143 273 144 273 145 273 165 265 167 265 168 265 194 272 195 272 197 272 198 272 215 264 218 264 221 264 253 271 255 271 256 271 257 271 257 269 259 269 263 264 282 269 283 269 284 269 330 263 341 261 353 263 407 267 408 267 442 260 460 257 473 260 493 264 495 264 561 263 562 263 564 263 564 261 568 259 572 254 662 256 663 244 659 209 601 209 593 202 592 202 591 202 589 202 523 210 512 202 511 202"/></Shape>
	    <String CONTENT="auec lautre. Car elle est escrite dũg"
                    HPOS="52"
                    VPOS="202"
                    WIDTH="611"
                    HEIGHT="73"></String>
          </TextLine>

          
          
          <TextLine ID="eSc_line_9396fcf7"
                    TAGREFS="LT266"
                    BASELINE="55 304 663 286" 
                    HPOS="52"
                    VPOS="249"
                    WIDTH="611"
                    HEIGHT="74">
            <Shape><Polygon POINTS="55 304 55 314 95 323 97 323 98 323 99 323 99 322 101 322 107 314 138 322 140 322 141 322 143 322 182 311 186 311 191 311 237 318 238 318 240 318 241 318 251 310 253 310 287 317 288 317 290 317 311 308 317 307 331 308 381 314 383 314 531 310 533 310 534 310 534 308 535 308 539 304 542 300 553 303 572 308 573 308 574 308 663 300 663 286 659 249 225 257 178 265 170 267 167 265 149 260 148 260 147 260 52 269 55 304"/></Shape>
	    <String CONTENT="mesme esperit/ lequel plus claire¬"
                    HPOS="52"
                    VPOS="249"
                    WIDTH="611"
                    HEIGHT="74"></String>
          </TextLine>

          
          
          <TextLine ID="eSc_line_6301b7c4"
                    TAGREFS="LT266"
                    BASELINE="58 352 663 333" 
                    HPOS="55"
                    VPOS="294"
                    WIDTH="608"
                    HEIGHT="74">
            <Shape><Polygon POINTS="58 352 58 362 171 368 172 368 174 368 192 360 203 365 205 365 206 365 296 357 303 357 304 357 313 364 314 364 315 364 317 364 318 364 340 356 342 356 349 356 395 361 396 361 663 348 663 333 659 298 565 300 561 300 541 294 539 294 538 294 537 294 535 294 535 295 529 300 527 302 518 302 481 298 480 298 379 306 346 307 341 306 317 300 315 300 314 300 276 308 265 310 251 308 205 304 203 304 202 304 186 311 180 313 161 311 103 307 102 307 101 307 99 307 99 308 98 308 94 314 94 315 55 315 58 352"/></Shape>
	    <String CONTENT="mẽt parle par ung que par lautre/"
                    HPOS="55"
                    VPOS="294"
                    WIDTH="608"
                    HEIGHT="74"></String>
          </TextLine>

          
          
          <TextLine ID="eSc_line_c6a66971"
                    TAGREFS="LT266"
                    BASELINE="59 398 599 381 665 380" 
                    HPOS="55"
                    VPOS="341"
                    WIDTH="608"
                    HEIGHT="75">
            <Shape><Polygon POINTS="58 396 58 410 101 416 102 416 144 408 152 407 155 408 164 412 165 412 167 412 241 406 284 403 330 404 414 407 415 407 461 406 462 406 464 406 464 404 468 402 470 398 477 402 484 404 485 404 487 404 507 400 527 396 534 400 538 403 539 403 541 403 542 403 663 396 663 379 659 341 55 361 58 396"/></Shape>
	    <String CONTENT="cõbien que tous ceulx qui ont par¬"
                    HPOS="55"
                    VPOS="341"
                    WIDTH="608"
                    HEIGHT="75"></String>
          </TextLine>

          
          
          <TextLine ID="eSc_line_62291224"
                    TAGREFS="LT266"
                    BASELINE="60 443 623 426 668 426" 
                    HPOS="56"
                    VPOS="388"
                    WIDTH="610"
                    HEIGHT="70">
            <Shape><Polygon POINTS="59 442 59 451 87 458 89 458 133 451 141 450 144 451 163 458 164 458 165 458 242 450 287 445 319 449 354 453 356 453 381 447 414 441 437 447 448 450 449 450 450 450 476 446 538 437 665 443 666 424 663 388 497 388 496 388 495 388 493 388 488 392 484 395 479 392 473 388 472 388 470 388 469 388 435 393 402 398 349 395 326 393 325 393 323 393 322 393 321 395 315 400 302 395 296 393 295 393 294 393 292 393 288 395 279 400 213 396 191 396 190 396 182 398 143 406 117 399 116 399 114 399 113 399 112 399 98 407 56 400 59 442"/></Shape>
	    <String CONTENT="le ce que lescripture contient/ ayent"
                    HPOS="56"
                    VPOS="388"
                    WIDTH="610"
                    HEIGHT="70"></String>
          </TextLine>

          
          
          <TextLine ID="eSc_line_5818f70c"
                    TAGREFS="LT266"
                    BASELINE="62 491 676 470" 
                    HPOS="59"
                    VPOS="429"
                    WIDTH="617"
                    HEIGHT="76">
            <Shape><Polygon POINTS="550 429 549 429 508 439 507 439 504 439 411 434 410 434 408 434 407 434 395 443 342 443 313 437 311 437 310 437 260 445 240 439 238 439 237 439 236 439 234 439 221 449 219 449 211 449 101 443 99 443 59 453 62 491 62 501 89 497 109 501 126 505 128 505 129 505 147 500 159 497 163 500 167 504 168 504 170 504 171 504 172 504 174 504 180 500 191 493 205 499 214 503 215 503 217 503 218 503 226 499 238 492 272 497 288 499 290 499 309 496 350 488 364 495 372 497 373 497 375 497 426 496 427 496 443 492 472 484 495 491 508 493 510 493 511 493 541 489 593 480 611 487 619 489 620 489 622 489 676 484 676 470 673 435 551 429 550 429"/></Shape>
	    <String CONTENT="parle par le sainct esperit. Et de ce"
                    HPOS="59"
                    VPOS="429"
                    WIDTH="617"
                    HEIGHT="76"></String>
          </TextLine>

          
          
          <TextLine ID="eSc_line_597a1163"
                    TAGREFS="LT266"
                    BASELINE="64 538 236 528 670 518" 
                    HPOS="62"
                    VPOS="477"
                    WIDTH="608"
                    HEIGHT="72">
            <Shape><Polygon POINTS="341 483 340 483 338 483 327 491 325 491 317 491 249 485 248 485 246 485 245 485 234 492 232 495 171 495 168 495 159 488 157 488 156 488 155 488 153 488 134 495 130 496 128 495 110 489 109 489 107 489 62 496 64 538 64 545 133 547 134 547 136 547 147 545 161 539 174 543 187 549 188 549 190 549 191 549 192 549 201 543 207 539 263 539 272 542 284 546 286 546 287 546 288 546 306 542 330 535 363 541 381 543 383 543 384 543 385 543 390 541 404 531 435 531 481 539 487 539 488 539 489 539 492 539 511 531 524 538 527 539 529 539 530 539 560 538 561 538 562 538 578 527 669 535 670 518 668 483 551 477 550 477 549 477 527 485 526 485 522 485 462 480 461 480 390 489 381 489 376 489 342 483 341 483"/></Shape>
	    <String CONTENT="uient que ung lieu declaire lautre."
                    HPOS="62"
                    VPOS="477"
                    WIDTH="608"
                    HEIGHT="72"></String>
          </TextLine>

          
          
          <TextLine ID="eSc_line_aea6cf1e"
                    TAGREFS="LT265"
                    BASELINE="120 580 631 566" 
                    HPOS="117"
                    VPOS="520"
                    WIDTH="514"
                    HEIGHT="68">
            <Shape><Polygon POINTS="576 520 551 531 512 523 511 523 510 523 508 523 495 531 477 523 476 523 475 523 439 523 439 524 438 524 437 524 435 524 422 535 421 536 356 536 348 536 330 528 329 528 327 528 280 538 238 530 237 530 236 530 209 539 175 532 171 532 157 534 155 534 117 542 118 580 118 588 631 580 631 566 628 531 578 520 577 520"/></Shape>
	    <String CONTENT="¶ De leglise. Chap̃.xui."
                    HPOS="117"
                    VPOS="520"
                    WIDTH="514"
                    HEIGHT="68"></String>
          </TextLine>

          
          
          <TextLine ID="eSc_line_7ef0cf43"
                    TAGREFS="LT266"
                    BASELINE="264 635 282 628 674 619" 
                    HPOS="260"
                    VPOS="572"
                    WIDTH="413"
                    HEIGHT="71">
            <Shape><Polygon POINTS="263 634 263 643 333 636 358 642 363 642 364 642 365 642 367 642 367 640 373 635 465 639 477 639 479 639 480 639 481 639 500 632 520 638 522 638 523 638 524 638 526 638 527 638 547 631 672 634 673 617 672 580 642 572 641 572 639 572 553 581 534 574 533 574 531 574 423 585 412 578 411 578 410 578 408 578 330 586 283 581 282 581 280 581 260 588 263 634"/></Shape>
	    <String CONTENT="Eglise de Iesuchrist/"
                    HPOS="260"
                    VPOS="572"
                    WIDTH="413"
                    HEIGHT="71"></String>
          </TextLine>

          
          
          <TextLine ID="eSc_line_d36b06a3"
                    TAGREFS="LT266"
                    BASELINE="269 671 677 666" 
                    HPOS="267"
                    VPOS="624"
                    WIDTH="409"
                    HEIGHT="61">
            <Shape><Polygon POINTS="368 626 367 626 365 626 356 632 354 632 350 632 292 627 291 627 290 627 267 634 268 670 268 685 562 685 562 684 564 684 565 684 574 677 673 682 676 665 672 624 470 631 442 630 369 626 368 626"/></Shape>
	    <String CONTENT="est la saincte congrega¬"
                    HPOS="267"
                    VPOS="624"
                    WIDTH="409"
                    HEIGHT="61"></String>
          </TextLine>

          
          
          <TextLine ID="eSc_line_714b1a97"
                    TAGREFS="LT266"
                    BASELINE="261 720 682 711" 
                    HPOS="260"
                    VPOS="667"
                    WIDTH="422"
                    HEIGHT="65">
            <Shape><Polygon POINTS="634 667 632 667 631 667 616 675 480 671 479 671 477 671 464 678 443 671 442 671 441 671 260 684 261 720 261 727 358 732 360 732 403 724 404 724 433 731 434 731 435 731 508 721 510 721 511 721 538 728 539 728 541 728 542 728 562 720 564 720 619 727 620 727 682 716 682 711 680 675 635 667 634 667"/></Shape>
	    <String CONTENT="tion des fideles/ qui par"
                    HPOS="260"
                    VPOS="667"
                    WIDTH="422"
                    HEIGHT="65"></String>
          </TextLine>

          
          
          <TextLine ID="eSc_line_87855210"
                    TAGREFS="LT266"
                    BASELINE="264 763 684 752" 
                    HPOS="263"
                    VPOS="712"
                    WIDTH="421"
                    HEIGHT="63">
            <Shape><Polygon POINTS="264 763 264 775 684 762 684 752 680 712 263 725 264 763"/></Shape>
	    <String CONTENT="uraye foy sont uniz et"
                    HPOS="263"
                    VPOS="712"
                    WIDTH="421"
                    HEIGHT="63"></String>
          </TextLine>

          
          
          <TextLine ID="eSc_line_e47e0c1c"
                    TAGREFS="LT266"
                    BASELINE="70 814 684 801" 
                    HPOS="68"
                    VPOS="756"
                    WIDTH="616"
                    HEIGHT="66">
            <Shape><Polygon POINTS="310 763 309 763 290 770 282 773 68 773 70 814 70 821 371 822 372 822 421 818 472 813 527 817 558 818 560 818 576 816 622 809 681 814 684 801 681 763 619 756 618 756 547 764 535 766 529 764 497 759 496 759 446 767 431 769 425 767 410 762 408 762 407 762 406 762 395 767 392 769 376 767 311 763 310 763"/></Shape>
	    <String CONTENT="incorporez a Iesuchrist/ duquel ilz"
                    HPOS="68"
                    VPOS="756"
                    WIDTH="616"
                    HEIGHT="66"></String>
          </TextLine>

          
          
          <TextLine ID="eSc_line_d510190a"
                    TAGREFS="LT266"
                    BASELINE="72 860 684 844" 
                    HPOS="71"
                    VPOS="802"
                    WIDTH="613"
                    HEIGHT="69">
            <Shape><Polygon POINTS="642 802 641 802 639 802 628 810 626 810 542 806 541 806 539 806 538 806 529 813 527 813 520 813 481 808 480 808 479 808 458 813 454 814 445 814 391 809 390 809 388 809 387 809 377 816 373 818 71 820 72 860 72 871 284 862 341 862 470 864 472 864 473 864 475 864 483 858 484 856 488 858 515 863 516 863 518 863 535 855 537 855 546 862 547 862 549 862 550 862 631 860 684 849 684 844 681 810 643 802 642 802"/></Shape>
	    <String CONTENT="sont membres. Et pourtant que"
                    HPOS="71"
                    VPOS="802"
                    WIDTH="613"
                    HEIGHT="69"></String>
          </TextLine>

          
          
          <TextLine ID="eSc_line_e380d9b6"
                    TAGREFS="LT266"
                    BASELINE="74 914 191 905 630 894 677 886" 
                    HPOS="71"
                    VPOS="845"
                    WIDTH="606"
                    HEIGHT="77">
            <Shape><Polygon POINTS="665 845 654 854 566 855 499 849 489 849 477 849 470 858 407 852 395 852 383 852 340 862 276 855 273 856 260 856 246 856 244 856 206 866 190 858 188 858 187 858 186 858 184 858 183 858 157 866 149 859 148 859 147 859 145 859 113 859 112 860 107 860 71 860 74 914 74 920 136 922 137 922 138 922 151 918 168 913 205 917 225 920 226 920 249 917 298 909 318 914 325 917 326 917 327 917 346 914 380 909 407 913 421 914 422 914 423 914 427 913 441 905 543 910 562 910 564 910 565 910 566 910 566 909 568 909 573 901 605 901 676 906 677 886 668 845 665 845"/></Shape>
	    <String CONTENT="Iesus est uray filz de Dieu tous"
                    HPOS="71"
                    VPOS="845"
                    WIDTH="606"
                    HEIGHT="77"></String>
          </TextLine>

          
          
          <TextLine ID="eSc_line_25fd72b6"
                    TAGREFS="LT266"
                    BASELINE="72 955 684 940" 
                    HPOS="71"
                    VPOS="895"
                    WIDTH="613"
                    HEIGHT="71">
            <Shape><Polygon POINTS="570 897 564 897 558 902 557 903 543 903 476 898 476 898 462 899 449 899 443 899 414 905 402 907 395 906 380 901 369 901 353 906 345 909 331 907 304 902 300 903 287 903 283 903 275 907 269 910 246 909 197 905 192 905 179 906 172 906 168 910 163 913 98 913 85 914 83 913 71 913 72 955 72 966 240 957 313 959 396 960 398 960 399 960 400 960 400 959 404 955 407 953 466 953 672 953 673 953 674 953 676 953 684 947 684 940 681 901 638 895 636 895 635 895 611 902 607 902 604 902 577 895 570 897"/></Shape>
	    <String CONTENT="ses mẽbres ꝑ luy sont filz de Dieu."
                    HPOS="71"
                    VPOS="895"
                    WIDTH="613"
                    HEIGHT="71"></String>
          </TextLine>

          
          
          <TextLine ID="eSc_line_1a0568e0"
                    TAGREFS="LT266"
                    BASELINE="78 1005 172 997 689 983" 
                    HPOS="75"
                    VPOS="941"
                    WIDTH="614"
                    HEIGHT="74">
            <Shape><Polygon POINTS="78 1005 78 1015 125 1006 133 1013 134 1013 136 1013 137 1013 175 1005 210 1010 219 1011 221 1011 222 1011 224 1011 225 1010 236 1003 290 1007 317 1009 318 1009 358 1005 415 998 502 998 653 999 654 999 655 999 689 990 689 983 685 941 75 956 78 1005"/></Shape>
	    <String CONTENT="Iesus est le chief/ les urays chre¬"
                    HPOS="75"
                    VPOS="941"
                    WIDTH="614"
                    HEIGHT="74"></String>
          </TextLine>

          
          
          <TextLine ID="eSc_line_a99816bf"
                    TAGREFS="LT266"
                    BASELINE="74 1048 686 1029" 
                    HPOS="72"
                    VPOS="988"
                    WIDTH="614"
                    HEIGHT="73">
            <Shape><Polygon POINTS="74 1048 74 1061 215 1052 256 1055 291 1057 292 1057 315 1052 337 1048 352 1051 369 1055 371 1055 508 1045 527 1044 533 1044 582 1048 584 1048 585 1048 587 1048 596 1041 599 1040 607 1041 641 1046 642 1046 685 1037 686 1029 682 988 72 1005 74 1048"/></Shape>
	    <String CONTENT="stiẽs sont son corps. Il est lespoux/"
                    HPOS="72"
                    VPOS="988"
                    WIDTH="614"
                    HEIGHT="73"></String>
          </TextLine>

          
          
          <TextLine ID="eSc_line_5446507c"
                    TAGREFS="LT266"
                    BASELINE="74 1090 696 1076" 
                    HPOS="72"
                    VPOS="1033"
                    WIDTH="624"
                    HEIGHT="63">
            <Shape><Polygon POINTS="449 1037 448 1037 446 1037 435 1044 434 1045 427 1045 388 1038 387 1038 385 1038 384 1038 373 1045 372 1046 372 1045 365 1041 364 1041 363 1041 361 1041 311 1046 294 1048 291 1046 283 1042 275 1042 272 1042 261 1046 255 1049 242 1048 222 1044 221 1044 207 1044 194 1045 180 1045 167 1045 153 1046 143 1046 72 1049 74 1090 74 1096 694 1084 696 1076 693 1041 654 1033 653 1033 651 1033 632 1041 587 1034 585 1034 584 1034 582 1034 570 1042 569 1042 561 1042 450 1037 449 1037"/></Shape>
	    <String CONTENT="les fideles son espouse/ laquelle il a"
                    HPOS="72"
                    VPOS="1033"
                    WIDTH="624"
                    HEIGHT="63"></String>
          </TextLine>

          
          
          <TextLine ID="eSc_line_90477615"
                    TAGREFS="LT266"
                    BASELINE="78 1138 697 1121" 
                    HPOS="76"
                    VPOS="1077"
                    WIDTH="621"
                    HEIGHT="75">
            <Shape><Polygon POINTS="647 1077 646 1077 631 1084 605 1079 604 1079 551 1087 550 1087 549 1087 462 1083 461 1083 460 1083 458 1083 458 1084 457 1084 453 1090 450 1090 368 1086 367 1086 365 1086 364 1086 357 1092 356 1092 344 1092 172 1091 171 1091 76 1099 78 1138 78 1146 171 1152 172 1152 174 1152 175 1152 187 1144 191 1144 232 1149 233 1149 284 1141 288 1141 298 1148 299 1148 300 1148 302 1148 303 1148 304 1148 315 1140 317 1140 322 1140 361 1146 363 1146 364 1146 381 1138 388 1145 390 1145 391 1145 392 1145 458 1144 460 1144 461 1144 472 1135 473 1135 497 1142 499 1142 500 1142 601 1140 603 1140 604 1140 614 1131 615 1131 641 1138 642 1138 643 1138 696 1129 697 1121 694 1084 649 1077 647 1077"/></Shape>
	    <String CONTENT="purgee par son sang/ donnãt salut"
                    HPOS="76"
                    VPOS="1077"
                    WIDTH="621"
                    HEIGHT="75"></String>
          </TextLine>

          
          
          <TextLine ID="eSc_line_d22d1c03"
                    TAGREFS="LT266"
                    BASELINE="78 1183 695 1171" 
                    HPOS="75"
                    VPOS="1126"
                    WIDTH="619"
                    HEIGHT="73">
            <Shape><Polygon POINTS="112 1137 75 1145 76 1181 78 1199 97 1191 114 1198 116 1198 117 1198 118 1198 144 1189 161 1196 163 1196 164 1196 171 1196 246 1188 268 1194 279 1195 280 1195 304 1192 350 1185 385 1189 416 1192 418 1192 453 1187 473 1184 510 1185 597 1188 599 1188 600 1188 620 1181 626 1180 634 1181 672 1187 673 1187 674 1187 694 1179 694 1169 689 1126 674 1133 638 1127 624 1126 623 1126 541 1129 539 1129 538 1129 537 1131 530 1135 483 1133 438 1130 437 1130 435 1130 426 1134 416 1140 331 1140 323 1138 306 1133 304 1133 303 1133 302 1133 300 1133 300 1134 295 1138 294 1141 206 1142 192 1142 113 1137 112 1137"/></Shape>
	    <String CONTENT="a son corps/ sauuant son peuple de"
                    HPOS="75"
                    VPOS="1126"
                    WIDTH="619"
                    HEIGHT="73"></String>
          </TextLine>

          
          
          <TextLine ID="eSc_line_04d3e699"
                    TAGREFS="LT266"
                    BASELINE="78 1226 322 1222" 
                    HPOS="76"
                    VPOS="1181"
                    WIDTH="246"
                    HEIGHT="57">
            <Shape><Polygon POINTS="144 1183 136 1183 118 1188 117 1188 101 1183 90 1183 89 1183 76 1188 78 1226 78 1233 238 1238 240 1238 322 1229 322 1222 319 1184 155 1181 144 1183"/></Shape>
	    <String CONTENT="leurs pechez."
                    HPOS="76"
                    VPOS="1181"
                    WIDTH="246"
                    HEIGHT="57"></String>
          </TextLine>

          
          
          <TextLine ID="eSc_line_d1804540"
                    TAGREFS="LT266"
                    BASELINE="130 1276 701 1260" 
                    HPOS="128"
                    VPOS="1212"
                    WIDTH="573"
                    HEIGHT="83">
            <Shape><Polygon POINTS="317 1223 303 1223 292 1223 280 1225 222 1233 211 1226 209 1225 207 1225 206 1225 205 1225 203 1225 195 1227 175 1233 168 1227 167 1226 165 1226 164 1226 163 1226 128 1227 130 1276 130 1287 291 1287 318 1295 319 1295 321 1295 450 1291 452 1291 453 1291 469 1279 485 1289 487 1289 488 1289 489 1289 491 1289 527 1280 551 1288 553 1288 554 1288 555 1288 557 1288 576 1274 700 1270 701 1260 699 1218 659 1212 658 1212 657 1212 655 1212 646 1218 641 1222 487 1225 481 1222 475 1216 473 1216 472 1216 470 1216 412 1218 411 1218 410 1218 404 1223 398 1229 365 1229 340 1225 319 1220 318 1220 317 1220 317 1223"/></Shape>
	    <String CONTENT="Ceste eglise ne cõsiste point en di"
                    HPOS="128"
                    VPOS="1212"
                    WIDTH="573"
                    HEIGHT="83"></String>
          </TextLine>

          
        </TextBlock>
        
        <TextBlock HPOS="554"
                   VPOS="1272"
                   WIDTH="153"
                   HEIGHT="58"
                   ID="eSc_textblock_1be1d477"
                   TAGREFS="BT1359">
          <Shape><Polygon POINTS="554 1279 557 1330 703 1329 707 1272"/></Shape>
          
          
          <TextLine ID="eSc_line_ddb3d07b"
                    TAGREFS="LT266"
                    BASELINE="568 1310 699 1310" 
                    HPOS="568"
                    VPOS="1264"
                    WIDTH="131"
                    HEIGHT="66">
            <Shape><Polygon POINTS="692 1273 676 1264 674 1264 673 1264 645 1264 643 1264 576 1277 568 1307 568 1310 568 1330 699 1327 699 1310 699 1301 692 1273"/></Shape>
	    <String CONTENT="uersite"
                    HPOS="568"
                    VPOS="1264"
                    WIDTH="131"
                    HEIGHT="66"></String>
          </TextLine>

          
        </TextBlock>
        
        <TextBlock HPOS="664"
                   VPOS="335"
                   WIDTH="139"
                   HEIGHT="90"
                   ID="eSc_textblock_80c246eb"
                   TAGREFS="BT768">
          <Shape><Polygon POINTS="671 335 664 425 803 422 803 340"/></Shape>
          
          
          <TextLine ID="eSc_line_4d08ed5d"
                    TAGREFS="LT266"
                    BASELINE="671 376 805 374" 
                    HPOS="669"
                    VPOS="326"
                    WIDTH="135"
                    HEIGHT="54">
            <Shape><Polygon POINTS="670 375 670 379 802 380 804 373 801 333 726 326 724 326 669 333 670 375"/></Shape>
	    <String CONTENT="ii.Pier¬"
                    HPOS="669"
                    VPOS="326"
                    WIDTH="135"
                    HEIGHT="54"></String>
          </TextLine>

          
          
          <TextLine ID="eSc_line_5cfed581"
                    TAGREFS="LT266"
                    BASELINE="674 417 741 416" 
                    HPOS="672"
                    VPOS="375"
                    WIDTH="68"
                    HEIGHT="45">
            <Shape><Polygon POINTS="712 375 699 375 692 375 672 380 673 416 673 420 739 419 740 415 739 381 715 375 712 375"/></Shape>
	    <String CONTENT="re.i."
                    HPOS="672"
                    VPOS="375"
                    WIDTH="68"
                    HEIGHT="45"></String>
          </TextLine>

          
        </TextBlock>
        
        <TextBlock HPOS="682"
                   VPOS="832"
                   WIDTH="133"
                   HEIGHT="102"
                   ID="eSc_textblock_89ec9c3f"
                   TAGREFS="BT768">
          <Shape><Polygon POINTS="683 832 682 934 815 922 815 832"/></Shape>
          
          
          <TextLine ID="eSc_line_4bba2f42"
                    TAGREFS="LT266"
                    BASELINE="685 876 707 875 805 875" 
                    HPOS="682"
                    VPOS="813"
                    WIDTH="122"
                    HEIGHT="69">
            <Shape><Polygon POINTS="684 875 684 879 802 882 804 874 802 820 748 813 747 813 746 813 744 813 744 814 735 822 732 827 682 827 684 875"/></Shape>
	    <String CONTENT="Ephes."
                    HPOS="682"
                    VPOS="813"
                    WIDTH="122"
                    HEIGHT="69"></String>
          </TextLine>

          
          
          <TextLine ID="eSc_line_03a3ba5b"
                    TAGREFS="LT266"
                    BASELINE="688 917 809 917" 
                    HPOS="688"
                    VPOS="881"
                    WIDTH="121"
                    HEIGHT="62">
            <Shape><Polygon POINTS="688 917 688 930 731 943 732 943 734 943 809 934 809 917 809 881 688 881 688 917"/></Shape>
	    <String CONTENT="iiii. ⁊ .u."
                    HPOS="688"
                    VPOS="881"
                    WIDTH="121"
                    HEIGHT="62"></String>
          </TextLine>

          
        </TextBlock>
        
        <TextBlock HPOS="694"
                   VPOS="1123"
                   WIDTH="145"
                   HEIGHT="61"
                   ID="eSc_textblock_10a8541e"
                   TAGREFS="BT768">
          <Shape><Polygon POINTS="694 1123 697 1184 839 1181 830 1124"/></Shape>
          
          
          <TextLine ID="eSc_line_b7850684"
                    TAGREFS="LT266"
                    BASELINE="702 1172 832 1172" 
                    HPOS="701"
                    VPOS="1118"
                    WIDTH="130"
                    HEIGHT="74">
            <Shape><Polygon POINTS="701 1171 701 1192 831 1184 831 1171 831 1126 701 1118 701 1171"/></Shape>
	    <String CONTENT="Matt.i."
                    HPOS="701"
                    VPOS="1118"
                    WIDTH="130"
                    HEIGHT="74"></String>
          </TextLine>

          
        </TextBlock>
        

        
      </PrintSpace>
    </Page>
  </Layout>
</alto>
