1085 1619
372 134 614 61 uersite de degrez/ loix/ ordõnãces/

372 180 614 61 ⁊ ordres dõnez par la uolũte dhom

371 226 614 58 me: mais en la uraye union de foy

369 272 618 61 en nostre Seigneur Iesus/ oyant ⁊

372 319 617 60 croyãt sa saincte uoix. Elle na poĩt

372 366 615 57 de lieu determine: mais ou sõt assẽ¬

371 412 615 57 blez deux ou troys au nom de Ie¬

369 458 616 54 sus: la il est. Et telle assẽblee ne de¬

368 504 619 54 mãde fors que ce qui est a lhõneur

369 555 617 49 de Dieu. Cest ce quelle croit par le¬

368 597 619 58 uidẽte parolle de Dieu/ q̃lle cerche

368 644 617 56 ⁊ demande. Et pourtãt elle obtiẽt

367 688 618 58 pleinemẽt sa demande. En ceste

368 736 614 51 cõgregation ny a rien petit/ ne rien

367 779 615 56 mesprise: ains ce qui est moindre a

363 827 619 62 plus dhonneur. Le plus grãd sert

364 874 618 58 au moindre: car les fideles mẽbres

364 921 617 58 de Iesus ne seruẽt poĩt a eulx mes¬

363 964 616 54 mes: mais aux autres. Celuy qͥ ꝓ¬

364 1010 615 61 phetize/ exhorte/ ⁊ admõneste: cest

364 1057 615 54 pour ledification des autres. Celuy

361 1104 614 56 qui interprete/ rendãt lescripture en

363 1146 618 64 langaige cõmun/ il faict aussi pour

363 1196 619 64 les autres/ et non pour soy. Et

742 1243 239 67 pareillement

229 257 136 61 Iehã.x.

229 308 127 46 Matth.

233 345 100 66 xuiii.

225 785 138 70 ii.Corin

226 841 120 71 tes.xii.
