1085 1619
353 152 621 58 lamour de Iesus. Et en signe de

354 199 613 58 ce/ sont baptizez ⁊ prẽnent le baptes

354 241 614 62 me deaue: ⁊ aussi cõfessent que nr̃e

356 290 612 60 Seigñr a dõne son corps en mou¬

352 335 618 60 rant pour nous unir tous en ung

345 381 622 61 corps: affin que poͬ lamour de luy

346 427 622 54 nous aymissiõs lung lautre cõme

352 473 614 57 il nous a ayme/ en mettant la uie

349 520 617 61 lung poͬ lautre. Et en rendãt gra¬

350 565 612 59 ces a nostre Seigñr/ prẽnẽt le pain

348 613 615 54 de benediction ⁊ boyuent de son ca¬

345 658 618 57 lice/ racõptantz ⁊ rememorantz la

345 702 621 61 mort de nostre Seigñr/ iusque a ce

345 748 615 62 quil uiẽne. Plus sommes esmeutz

344 797 616 52 par charite enuers telz/ que enuers

345 840 594 58 ceulx qui ne font ceste confession.

344 895 618 49 Car nous ne congnoissons pas les

342 933 618 58 coeurs cõe Dieu (qui seul cõgnoit

342 976 616 56 le dedãs ⁊ le coeur) mais tãt seule¬

342 1022 616 60 ment ce qui est dehors/ iugeantz ⁊

344 1069 612 56 estimãtz du dedãs selon ce q̃ nous

345 1117 614 62 uoyõs par dehors. Cõbien que fort

341 1160 617 63 souuẽt cecy deceoit: ⁊ plusieurs qui

346 1211 609 77 usent des sacremẽtz/ sont biẽ loing

820 1261 135 59 dauoir

218 249 138 64 Iehã.xi.

211 383 127 62 i.Iehan

211 437 60 41 iii.

214 514 132 58 i.Corin.

213 562 110 61 x ⁊ .xi.
