1085 1619
43 164 619 62 dung mesme pain/ ⁊ beuuõs dung

43 218 618 53 mesme calice/ sommes tous ung

45 256 616 59 corps. Et au cõtraire/ la messe est

48 302 614 56 pour dõner a entẽdre la grosse dif-

47 348 610 58 ferẽce entre le prebstre ⁊ le peuple:

47 393 615 60 car ilz disent que le prebstre a plus

47 441 616 58 dauctorite q̃ tous les anges/ que la

48 485 615 62 uierge Marie mere de Iesus/ ⁊ que

48 535 615 57 tous les sainctz qͥ reposẽt en nostre

49 578 616 61 Seigñr. Et pourtãt si hardi de tou

47 627 621 61 cher ce que le prebstre touche/ ne de

48 670 309 57 boire ce quil boit.

97 717 569 61 Par la messe les paoures sõt de-

51 763 614 62 struictz/ les uefues aussi et orphe-

48 812 618 56 lins: car par elle leglise du pape ati

47 855 616 59 re tous les biens du monde. Et ce qͥ

48 901 621 58 deuoit uenir aux paoures mẽbres

49 947 614 60 de Iesus/ est expose ⁊ employe en

48 994 618 62 riches habitz et diuerses manieres

49 1040 620 58 dabillemens/ prins tant des infide

51 1084 618 61 les ⁊ payens/ q̃ des ceremonies des

55 1133 618 58 Iuifz. Aussi ne fault taire que a

51 1179 615 56 limitation diceulx payens/ cõtre le

51 1225 607 72 cõmandement de Dieu sont erigez

373 1265 297 81 D ⁊ faictz

670 1191 119 65 Exode

676 1247 56 61 xx.
