1085 1619
356 161 614 61 ⁊ faictz simulachres ⁊ images aor-

356 205 610 58 nees dor/ ⁊ dargent et de precieux

357 245 611 65 uestementz/ deuant lesquelles on

354 295 614 61 allume gros cierges ⁊ lampes/ en

358 338 617 69 quoy est innumerable bien despẽdu

361 388 616 62 ⁊ les paoures sont delaissez. Pa

357 437 620 55 reillement les os des mortz sont su

358 476 619 70 perstitieusemẽt enchapsez ⁊ enuirõ

360 526 618 66 nez dor ⁊ dargent/ ⁊ pierres precieu

361 569 620 67 ses/ en ce uoulãt ẽpescher la parolle

361 617 618 57 de Dieu/ disãt: q̃ lhõe en pouldre re

360 663 618 61 tournera. Toꝰ lesquelz abus ont

361 708 618 63 este introduictz ⁊ inuẽtez par laua

364 754 614 58 rice des ministres de Satã. Lesq̃lz

360 797 619 62 Dieu ne laissera impuniz. Car les

361 845 617 61 idoles et idolatres seront confun-

364 891 521 65 dus/ ⁊ Dieu seul sera exalte.

415 934 567 68 Quand le sainct peuple uenoit

363 982 615 69 a la table de nostre Seigneur/ par-

357 1030 624 68 auant on lisoit en langaige q̃ tous

365 1079 614 59 entendoient quelque portion de la

365 1121 614 68 saincte escripture/ en faisãt oraisõs

365 1169 610 62 entẽdues de tous/ en grandz gemis

365 1212 616 79 semens. Et en la messe tout est dict

839 1262 136 76 en lan-

224 669 128 67 Genese

221 727 56 44 iii.

222 814 139 61 Esaie.i.

222 866 72 51 ⁊ .ii.

221 992 140 59 i.Corin.

225 1040 96 67 xiiii.
