1085 1619
40 187 618 61 en langage que le peuple nentend

44 232 441 59 pas/ en chantant ⁊ riant.

89 273 568 66 Dauantage/ ceulx qui uenoient

40 319 615 65 a la table estoient incitez de ayder

40 368 617 63 aux paoures/ qͥ ne peuuẽt gaigner

39 414 618 64 leur uie/ desquelz on cõgnoit la ne¬

41 460 616 62 cessite: mais en la messe on incite a

40 507 615 62 dõner a ceulx qͥ sont hors de ce mõ¬

40 553 615 59 de/ pour les tirer (comme disent les

40 601 615 62 prebstres) hors de purgatoire/ qͥ est

43 647 612 58 une inuẽtion de Satan ⁊ de ses mi

40 697 614 53 nistres/ contre la saincte escripture.

40 737 613 60 Par laq̃lle innumerables uont en

39 783 614 54 perdition eternelle: ⁊ tout le mõde

37 831 616 55 est mange ⁊ deuore par les uentres

39 875 612 65 paresseux des prebstres/ moynes ⁊

39 924 612 62 moynesses: ⁊ employe a choses que

36 967 544 62 les plus simples congnoissent.

87 1014 566 62 En la table de nostre Seigneur

36 1060 614 59 les fideles rendent graces a Dieu/

37 1106 617 59 q̃ pour tous les sacrifices qͥl auoit

35 1152 616 60 cõmande par Moyse/ pour auoir la

36 1196 607 69 sanctification selon la chair (lesq̃lz

37 1246 614 86 imparfaictz estoiẽt reiterez: poͬtãt

390 1301 253 58 D .ii. quilz

654 1165 138 72 Ebrieux

654 1220 43 52 x.
