1085 1619
78 169 622 68 leut salut. Et ce de iour en iour/ cõ-

78 219 619 62 me si le sacrifice de Iesus estoit in-

78 265 619 66 suffisant/ sans pleine efficace/ sem-

75 313 615 66 blable a ceulx de Moyse. Le pain

78 369 615 54 nest point prins ne mãge de tous:

78 407 571 62 mais esleue ⁊ adore cõme Dieu.

86 453 608 62 Il nest point faict en la memoire

75 504 619 61 de Iesus: mais dautres/ cõme con-

75 546 502 62 tient leur Communicantes.

122 592 575 65 On tient comme si Iesus estoit

76 642 620 63 descendu/ non point cõme si on at-

75 685 324 62 tendoit sa uenue.

120 727 576 64 Ie laisse toutes les singeries/ in-

75 777 621 63 uocatiõs pour les trespassez/ ⁊ sem

75 822 621 64 blables choses qui sont droictemẽt

75 868 621 66 contre la saincte escripture. Car de-

75 916 618 56 clairer liniquite ⁊ abomination de

72 961 621 64 la messe requerroit ung liure fort

75 1006 611 63 grand/ uoire sil ya aucun qui suffi

76 1056 620 62 sammẽt puisse monstrer cõbien elle

76 1099 617 65 est contre nostre Seigneur. Et

76 1146 620 62 en bref Dieu par sa uerge donne-

76 1195 620 57 ra a entendre au monde quelle elle

76 1239 620 73 est/ ⁊ cõbien luy desplait/ si le mõde

338 1291 356 64 D .iii. ne retour-
