1085 1619
62 172 616 66 plaisirs/ ⁊ haissons tout ce que con

62 226 615 49 treuiẽt a nostre uolunte/ noꝰ ostãt

60 271 616 59 ou deffendãt ce que nous aymons.

62 311 616 66 Ce propos nous fault changer/ et

62 358 614 56 hayr nous mesme/ ⁊ ce qui naturel¬

60 402 616 58 lemẽt nous plaict. Car puis q̃ som¬

62 450 614 59 mes naiz ⁊ cõceuz en peche/ ⁊ mau¬

60 495 616 63 uais de nature/ toute nostre affe¬

62 541 616 62 ction tire a mal/ ⁊ nostre uolũte est

60 588 614 66 cõtraire a la uolunte de Dieu/ suy

60 632 616 66 uant ses cõcupiscẽces. Lesq̃lles noꝰ

63 681 617 65 fault hayr/ ⁊ renõcer a icelles/ auec

60 724 616 65 nous mesmes/ ⁊ nostre uolunte/

63 770 617 66 sens ⁊ entendemẽt/ ⁊ tout ce qui est

63 820 617 54 de nous/ aymãtz Dieu de tout nr̃e

62 868 616 60 coeͬ/ nostre ame/ sens ⁊ entẽdemẽt/

64 909 617 65 puissance ⁊ uertu. Nous soubmet¬

63 956 614 63 tãtz a sa saincte loy ⁊ cõmãdemẽt/

64 1001 622 63 destruisantz nostre uolunte poͬ fai

66 1048 620 62 re la sienne retirans nostre coeur de

68 1092 618 65 toutes creatures: affin quil soit du

68 1138 617 68 tout en tout fiche en Iesus/ telle¬

68 1185 618 65 mẽt que nulle affection ne demeure

72 1230 613 77 en noꝰ/ sinon de Dieu/ ⁊ poͬ Dieu.

361 1279 338 67 D .iiii. Lequel
