1085 1619
376 161 625 60 Lequel deuons aymer en noz pro-

377 207 621 58 chains leur faisant bien ⁊ aydant/

376 252 622 54 cõme Dieu nous a cõmande/ pour

376 298 621 59 leur bien. Car en receuãt Iesus noꝰ

371 344 626 60 receuõs le pere. Et aydant a ceulx

379 391 622 60 qui ont necessite/ donnãt a mãger a

377 435 621 58 ceulx qͥ croyent en Iesuchrist quãd

375 483 623 62 ilz ont faim/ ⁊ a boire quand ilz ont

377 530 624 56 soif: ce que faisons a iceulx/ nous le

379 578 306 61 faisons a Iesus.

425 626 577 53 Ceste penitence est nouuelle crea

377 673 621 51 tion du coeur/ quãd Dieu nous dõ

379 715 619 56 ne nouueau coeur/ cõme demãde le

377 767 622 55 ꝓphete/ ⁊ ainsi les oeuures de mort

375 813 622 53 meurent/ ⁊ celles de uie suruien-

373 856 624 54 nent. Et autrement tout ce q̃ lhõ

373 899 624 56 me faict/ dict ⁊ pense sans ce chãge-

375 949 622 57 mẽt qui est faict par foy (quãd sõ-

372 997 623 54 mes uniz ⁊ inserez a la bõne racine

376 1042 619 57 Iesus) tout est peche ⁊ abomina-

372 1087 623 53 tion deuãt Dieu: cõbien quil sem-

375 1133 619 56 ble beau ⁊ bon deuãt les hommes.

373 1181 618 61 Mais apres ce changement ⁊ peni-

373 1225 614 70 tence tout proffite ⁊ uient a bien/

893 1277 97 88 puis

236 321 137 74 Mat.x.

240 465 135 63 Matth.

242 516 81 57 xxu.

238 661 127 64 Ezechi.

236 716 131 53 xxxui.

238 758 120 73 Psal.l.

237 986 136 62 Romaĩs

241 1041 43 57 xi.
