1085 1619
75 382 154 169 L

68 167 620 65 puis que la racine est bonne et re¬

70 217 333 55 nouuellee par foy.

163 261 432 57 ¶ Des bonnes oeuures.

261 307 216 64 Chap̃.xxi.

237 350 452 61 Es bõnes oeuures/ cõbiẽ

238 396 450 68 quelles soiẽt cõmandees

240 445 449 64 par la loy/ si ne uiennent

238 491 451 58 elles pas dicelle: ⁊ aussi

70 538 620 58 ne sont faictes par sa uertu: mais

75 582 617 66 par uertu de foy/ par la puissãce de

75 628 619 62 Dieu habitãt en nous par son espe

71 682 618 57 rit/ quand il escrit sa saincte loy de

76 725 614 57 uie en noz coeurs/ nous dõnãt nou

74 771 612 61 ueau coeur/ lequel pleinement suyt

72 812 622 60 la uolunte de Dieu ⁊ ce quil a cõ¬

75 864 167 60 mande.

125 905 564 66 Et pourtãt ne fault estimer au¬

75 953 619 66 cunes oeuures estre bõnes sinõ cel¬

75 1001 619 66 les que Dieu commande/ que lespe

75 1049 467 61 rit de Dieu faict en nous.

128 1088 571 66 Et de la uient q̃ tout ce que lhõ¬

76 1138 618 64 me faict de son art/ inuẽtion/ sciẽce/

79 1183 620 67 prudẽce ⁊ entẽdemẽt/ ⁊ ce quil eslit

82 1229 618 78 par sa uolunte: ⁊ tout ce que Dieu

488 1279 211 70 na cõmãde

696 665 129 66 Ieremie

694 720 103 44 xxxi.

696 750 139 70 Romaĩs

694 796 80 45 uiii.

701 837 120 49 Ezechi.

694 876 125 67 xxxui.
