1085 1619
67 167 621 65 (comme si elle estoit insuffisante et

67 223 617 56 imparfaicte pour sainctement ui-

70 267 610 52 ure) prẽnent la reigle des hõmes/

68 307 617 64 nestãtz plus appellez Chreftiẽs sim

71 356 614 62 plemẽt: mais cõfreres de sainct Ia

68 402 618 56 ques/ de sainct Sebastien/ de nostre

67 453 618 55 dame de Cõfort/ de nostre dame de

71 493 610 65 Grace/ de nostre dame du Puitz/

70 539 616 60 de nostre dame ð Lorette/ de nostre

70 586 616 61 dame du Montsarra/ de lordre du

70 635 619 62 premier/ ou du second sainct Fran-

70 688 619 49 coys/ des grandz/ des mineurs/ ou

70 723 618 56 des minimes. Et ainsi de tous

70 770 622 59 qui prennẽt telz estatz/ quon appel

68 817 620 61 le spirituelz/ promettantz ce q̃ nest

70 864 619 57 en leur puissance cõme perpetuelle

71 910 617 60 chastete hors du saĩct mariage/ gar

70 959 616 59 der tout plein de loix/ statutz ⁊ or-

70 1001 618 64 donnances auec la loy de Dieu/ la-

71 1048 617 63 quelle ne peuuẽt porter seulle/ cuy-

71 1091 618 63 dantz q̃ en prenãt plus grosse char-

74 1144 616 59 ge ⁊ plus importable dautre cõmã

74 1189 618 60 dementz/ plus facilement ilz porte

72 1229 618 72 ront tout. Cõme si les loix ⁊ cõmã-

533 1280 157 67 dementz
