1085 1619
387 675 160 180 O

381 151 623 70 dementz fortifioiẽt ⁊ donnoiẽt uer

384 210 617 55 tu/ ou ilz chargent/ aggrauẽt/ oeu¬

381 259 620 47 urantz ire cõme aguillõs de peche/

383 296 621 62 faisans que le peche abõde. Car ou

381 344 623 58 il nya point de loy il nya point de

384 388 614 63 trãsgression. Et pourtãt tous telz

385 431 605 73 ueulent ⁊ tachent par trãsgression

384 478 275 63 estre sanctifiez.

430 526 524 68 ¶ Pourquoy doiuẽt estre fai¬

465 576 440 67 ctes les bonnes oeuures.

543 621 281 58 Chapitre.xxii.

546 670 453 62 N ne doit faire les bõnes

543 720 456 58 oeuures pour auoir para

542 758 456 64 dis ⁊ uie eternelle. Car

545 812 452 60 cecy nest point dõne pour

371 856 622 61 oeuures: mais par grace/ par foy/

373 899 622 64 par le don de Dieu/ en ce quil a dõ¬

371 943 624 66 ne Iesus son filz qui est mort pour

371 994 622 61 nous. Ne pour la remission des pe¬

372 1033 621 66 chez: car elle est dõnee par le sãg de

373 1083 618 55 Iesus quil a espandu pour nous.

372 1130 618 59 Ne pour aucun bien ne proffit qui

369 1183 620 55 nous aduienne/ ne a nous ne a au¬

371 1220 616 87 tre: mais seulement en rendãt gra¬

890 1276 99 70 ces a

245 371 135 80 Romaĩs

241 429 68 58 iiii.

236 736 120 61 Ephes.

233 796 43 37 ii.

230 856 120 68 Ephes.

234 909 45 61 ii.
