1085 1619
58 178 622 62 ces a Dieu en recongnoissant son

58 221 622 63 infinie bõte/ grace ⁊ misericorde qͥl

58 267 619 64 nous a faict/ nous iustifiãt et sau¬

59 313 619 63 uant sans ce que leussiõs desseruy.

60 361 620 62 Mais encore quand nous estiõs ses

59 404 614 64 ennemis ⁊ en peche Iesus est mort

59 460 614 52 pour nous/ ⁊ auons este reconciliez

60 497 532 69 a Dieu par la mort de Iesus.

107 545 569 63 Et pourtant le coeur Chrestien

60 593 614 58 ardãt en lamour de nostre pere poͬ

64 636 624 70 son honneur ⁊ gloire/ affin q̃ Dieu

62 689 620 59 soit hõnore ⁊ magnifie/ ⁊ que tout

64 732 620 61 le mõde magnifie nostre Seigñr/

66 778 623 57 il tache daccõplir ses sainctz cõmã¬

66 825 626 56 demẽtz/ faisant bien a tous/ ⁊ mal

67 868 623 61 a nully/ aymant tous/ priant pour

67 916 621 56 tous/ desirant tous uenir a la con¬

70 957 622 71 gnoissance de uerite/ par une gran

68 1009 624 58 de affection quil a enuers Dieu/ cõ

70 1055 626 58 me loyal ⁊ uray filz enuers son pe¬

71 1102 623 60 re tresbõ ⁊ tressaige/ ne prenãt plai¬

74 1146 620 66 sir en autre chose/ sinon en ce qͥ sert

72 1194 624 66 a lhõneur du pere. Non point pour

75 1241 621 89 loyer quil en attende (cõbien que

524 1289 169 79 personne

682 391 137 94 Romaĩs

688 456 36 52 u.

682 538 139 61 i.Corin¬

684 594 94 46 tes.x.

696 682 131 65 Mat.u.
