1085 1619
363 169 619 56 personne ne peult estimer le bien de

364 221 618 52 lheritage que Dieu donne a ses en-

364 263 621 52 fans) car en ce il seruiroit cõe mer-

364 308 618 54 cẽnaire. Ne pour crainte des peines

363 356 619 59 qui doiuẽt uenir sur ceulx qͥ ne font

361 403 620 50 la uolunte de Dieu/ car ce seroit cõ

364 447 615 56 me serf. Mais sont faictes les bon-

361 493 620 57 nes oeuures commãdees de Dieu

363 542 612 52 (non point controuuees des hões)

363 585 618 62 par uraye liberte desperit sãs auoir

361 632 618 61 nul esgard que a la seule gloire de

361 678 616 55 Dieu/ ⁊ a son hõneur. Car tout biẽ/

363 724 615 61 salut/ grace ⁊ uie nous est dõne par

365 773 614 55 Iesuchrist/ ⁊ non par autre chose.

361 817 620 57 Chascun aduise ses oeuures/ sil ya

361 863 617 61 autre regard que lhõneur de Dieu.

412 909 520 62 ¶ De ieune. Chap̃.xxiii.

516 956 465 59 A ieune que nostre Seigͬ

515 1001 460 62 demãde est rõpre tous les

516 1048 459 61 liẽs de mauuaistie/ ⁊ tout

522 1102 455 52 ce poͬquoy on tiẽt sõ pro-

361 1138 616 62 chain lie cruellement/ donnãt a mã

361 1185 613 64 ger a celuy qͥ a faim. Logeãt ceulx

361 1242 611 62 qui nont logis/ uestant les nudz/

368 962 139 169 L

854 1287 120 59 ayant

215 968 110 47 Esaie

221 1006 92 59 luiii.
