1085 1619
385 151 625 56 enfans/ point ne ieunẽt: mais tuẽt

385 195 625 59 leurs enfans. Ainsi le seruiteur ou

388 245 621 57 ouurier qui ne faict ce qͥl doibt fai¬

388 288 622 56 re/ desrobe son maistre. Et pour¬

388 335 622 61 tant nostre Seigñr na point dõne

390 383 620 59 de loy/ de ieune/ ne de tẽps: ains noꝰ

388 426 624 59 cõmande de uiure sobrement/ pour

387 472 621 60 luy seruir/ ⁊ ayder a nostre ꝓchain

391 520 618 58 sãs aucune distinction des uiãdes.

431 570 579 60 Ceulx qui se disent chefz de legli

391 613 617 64 se ont mis grosses charges ⁊ impor

388 661 624 56 tables sur les paoures gens pour

390 708 624 58 fouler le peuple/ lesq̃lles ne ueulẽt

391 751 622 62 toucher du plus petit doigt. Aĩsi

388 800 622 58 fut il quilz ieunassent ung iour/ cõ

388 845 624 61 me ilz le cõmandẽt/ en trauaillant

390 891 622 56 comme faict celuy qui de sa sueur

391 939 618 55 nourrist sa famille/ ilz appren¬

391 984 621 58 droient de ne deffendre les uian¬

391 1030 619 57 des/ et aussi de ne commander ieu¬

391 1077 621 57 nes: mais tant seulemẽt ce q̃ Dieu

392 1122 618 59 commande ⁊ deffend/ sans charger

394 1173 612 57 autres charges/ donnãt cõsolation

394 1216 619 69 aux paoures laboureurs sans les

852 1261 157 78 affliger.

248 558 136 69 Matth.

246 613 106 58 xxiii.
