1085 1619
109 481 195 113 E

128 167 562 63 A tous ceulx qui ayment nostre

197 210 423 57 Seigneur/ ⁊ ont desir de

279 257 262 64 congnoistre la

341 306 132 51 uerite:

341 349 143 62 Salut.

302 395 410 56 N ce temps auquel il

302 441 407 63 plaict a nostre Seigñr

302 491 407 55 reueler sa saincte clarte

306 534 409 59 ⁊ lumiere sur ceulx qui

99 584 610 58 estoient es tresprofondes tenebres/

101 628 611 65 plus grãdes que celles quon attou

101 674 611 58 choit ⁊ tastoit en Egypte. Plu¬

102 724 611 53 sieurs sont qui ne peuuent croire

98 762 614 59 auoir este en telles tenebres/ neant¬

99 812 613 55 moins tous confessent bien quil ya

99 858 613 58 fort a dire sus lestat de ceulx qui

97 902 611 55 doiuẽt estre le mirouer des autres/

98 949 613 57 et quilz nont faict leur office deu¬

98 999 614 54 ment. Mais de congnoistre la prin

98 1042 613 52 cipale cause de lerreur: ilz ne peuuẽt

95 1088 616 54 a cause de la grosse cecite/ trouble/ ⁊

95 1133 614 52 barbouillement duquel le monde a

98 1181 611 58 este enuirõne ⁊ enueloppe/ ne po¬

95 1231 613 60 uans entẽdre ne croire quil ayt este

448 1281 263 56 A .ii. possi¬
