1085 1619
66 159 616 66 soit donne a autruy: cõme il appert

67 206 594 57 par son premier commandement.

113 250 568 61 Cest donc grosse idolatrie ⁊ fort

64 296 617 68 desplaisante a Dieu quon recoure

62 338 619 69 a autre que a luy. Car cela uiẽt par

63 385 617 71 deffiance de son infinie bõte ⁊ mise

60 434 621 61 ricorde/ cõme sil y en auoit de meil-

60 483 616 63 leurs ⁊ plus misericordieux q̃ luy/

60 524 620 69 ou de sa puissance ⁊ sagesse/ comme

60 573 617 65 sil ne pouoit ou scauoit nous ay-

60 617 618 67 der. Et pour nous ayder et oster

59 662 622 61 ceste ĩfidelite ⁊ deffiãce par soymes-

58 709 619 66 me habitant pleinemẽt en son filz/

56 752 621 69 il nous a rachepte/ il nous a sauuez

60 800 514 62 ⁊ guaris de tous noz maulx.

102 845 570 65 Et pourtãt quon aduise q̃ lorai-

55 890 613 67 son ne soit tournee en peche/ cõmet-

53 940 620 59 tant idolatrie en priant autre que

55 983 619 68 Dieu. Ne priãt aussi deuãt le mon

51 1030 615 64 de pour estre ueu/ ne barbottãt/ ne

52 1077 618 61 multipliant parolles: mais de grã

51 1121 621 59 de affection/ ⁊ peu de parolles/ tel-

51 1168 615 67 lemẽt que la langue cesse beaucoup

53 1214 613 86 plus tost que le coeur: ⁊ quelle com-

367 1273 295 74 E .ii. mence

676 845 131 72 Psalme

670 909 88 54 cuiii.

672 1003 140 106 Matth.

670 1098 54 71 ui.
