1085 1619
63 176 623 66 le feu ⁊ ses ennemys pour le secou¬

64 232 617 63 rir. Cecy aduiẽt aussi de frere a fre¬

66 275 318 59 re/ de amy a amy.

113 314 571 69 Ceste misericorde ⁊ affectiõ tres¬

66 362 615 69 affectueuse ⁊ ardẽte est attribuee a

66 411 604 65 Dieu par lescripture/ en laquelle il

63 461 607 61 est appelle pere misericordieux/ tar

62 504 612 65 dif a ire/ prompt a pitie. Lequel de¬

60 550 610 65 mandãt/ si la femme peult oublier

64 596 606 65 son filz sans en auoir pitie ne com¬

63 644 614 57 passiõ/ aussi si la mere nourrisse sõ

60 694 621 56 enfant lequel elle a allaicte ⁊ porte

59 735 622 58 en son uentre: dit/ cõbien quelle lou

59 782 619 57 blie neantmoins ie ne te oublieray

60 822 608 65 point. Ce quil a bien mõstre uoyãt

58 872 614 61 nostre tresgrande misere ⁊ paoure¬

59 917 617 63 te ayant pitie de nous. Cependant

59 963 619 62 q̃ nous estiõs ses ennemys selon le

58 1010 618 58 tẽps/ il a donne son filz trescher poͬ

58 1056 619 58 nous/ nous uiuifiãt ⁊ sauuãt/ don

59 1099 614 61 nãt pleine guarison/ ⁊ ostãt nostre

59 1148 613 60 maladie mortelle par les playes/

59 1199 615 55 mort ⁊ passion diceluy/ nous enri¬

62 1239 612 75 chissant par ses richesses quil nous

379 1297 299 60 E .iii. a donne

684 407 132 49 ii.Corin

685 446 78 45 tes.i.

688 480 106 56 Exode

685 523 123 54 xxxiiii.

682 574 96 52 Esaie

678 608 93 59 xlix.

673 813 142 68 Romaĩs

680 862 39 59 u.
