<?xml version="1.0" encoding="UTF-8"?>
<alto xmlns:xsi="http://www.w3.org/2001/XMLSchema-instance"
      xmlns="http://www.loc.gov/standards/alto/ns-v4#"
      xsi:schemaLocation="http://www.loc.gov/standards/alto/ns-v4# http://www.loc.gov/standards/alto/v4/alto-4-2.xsd">
  <Description>
    <MeasurementUnit>pixel</MeasurementUnit>
    <sourceImageInformation>
      <fileName>75_e161a_default.jpg</fileName>
      <fileIdentifier>https://www.e-rara.ch/gep_g/i3f/v20/1954134/full/full/0/default.jpg</fileIdentifier>
    </sourceImageInformation>
  </Description>
  
  <Tags>
    <OtherTag ID="BT766" LABEL="DropCapitalZone" DESCRIPTION="block type DropCapitalZone"/><OtherTag ID="BT767" LABEL="MainZone" DESCRIPTION="block type MainZone"/><OtherTag ID="BT768" LABEL="MarginTextZone" DESCRIPTION="block type MarginTextZone"/><OtherTag ID="BT769" LABEL="NumberingZone" DESCRIPTION="block type NumberingZone"/><OtherTag ID="BT771" LABEL="RunningTitleZone" DESCRIPTION="block type RunningTitleZone"/><OtherTag ID="BT772" LABEL="StampZone" DESCRIPTION="block type StampZone"/><OtherTag ID="BT773" LABEL="TableZone" DESCRIPTION="block type TableZone"/><OtherTag ID="BT996" LABEL="TitlePageZone" DESCRIPTION="block type TitlePageZone"/><OtherTag ID="BT999" LABEL="GraphicZone" DESCRIPTION="block type GraphicZone"/><OtherTag ID="BT1359" LABEL="QuireMarksZone" DESCRIPTION="block type QuireMarksZone"/>
    <OtherTag ID="LT265" LABEL="HeadingLine" DESCRIPTION="line type HeadingLine"/><OtherTag ID="LT266" LABEL="DefaultLine" DESCRIPTION="line type DefaultLine"/><OtherTag ID="LT267" LABEL="DropCapitalLine" DESCRIPTION="line type DropCapitalLine"/>
  </Tags>
  
  <Layout>
    <Page WIDTH="1085"
          HEIGHT="1619"
          PHYSICAL_IMG_NR="75"
          ID="eSc_dummypage_">
      <PrintSpace HPOS="0"
                  VPOS="0"
                  WIDTH="1085"
                  HEIGHT="1619">
        
        <TextBlock HPOS="358"
                   VPOS="151"
                   WIDTH="652"
                   HEIGHT="1129"
                   ID="eSc_textblock_900ee4a7"
                   TAGREFS="BT767">
          <Shape><Polygon POINTS="361 151 358 1280 1010 1273 1000 151"/></Shape>
          
          
          <TextLine ID="eSc_line_525d2a5f"
                    TAGREFS="LT266"
                    BASELINE="376 203 991 206" 
                    HPOS="375"
                    VPOS="156"
                    WIDTH="616"
                    HEIGHT="65">
            <Shape><Polygon POINTS="982 171 968 171 955 171 941 169 928 169 914 169 901 169 887 168 874 168 860 168 847 168 833 167 820 167 807 167 793 167 780 165 767 165 766 165 753 165 742 165 739 165 701 165 700 164 699 164 685 163 673 163 672 163 658 163 645 163 631 161 618 161 604 161 591 161 577 160 564 160 550 160 543 160 477 163 395 156 394 156 392 156 391 156 387 157 376 186 376 203 375 214 655 214 696 221 697 221 730 214 762 221 763 221 962 214 971 221 972 221 974 221 975 221 977 221 990 213 991 206 990 171 982 171"/></Shape>
	    <String CONTENT="Seigneur presente a toy/ ⁊ a qui tu"
                    HPOS="375"
                    VPOS="156"
                    WIDTH="616"
                    HEIGHT="65"></String>
          </TextLine>

          
          
          <TextLine ID="eSc_line_a0bb21ad"
                    TAGREFS="LT266"
                    BASELINE="376 248 991 252" 
                    HPOS="375"
                    VPOS="207"
                    WIDTH="616"
                    HEIGHT="57">
            <Shape><Polygon POINTS="376 248 375 264 990 264 991 252 990 213 376 207 376 248"/></Shape>
	    <String CONTENT="peulx bien faire ⁊ ayder/ sachant sa"
                    HPOS="375"
                    VPOS="207"
                    WIDTH="616"
                    HEIGHT="57"></String>
          </TextLine>

          
          
          <TextLine ID="eSc_line_668eeb88"
                    TAGREFS="LT266"
                    BASELINE="375 295 991 298" 
                    HPOS="373"
                    VPOS="250"
                    WIDTH="618"
                    HEIGHT="61">
            <Shape><Polygon POINTS="974 252 967 252 954 252 940 252 927 252 913 252 904 252 902 252 901 252 900 252 892 259 850 252 848 252 711 259 693 259 689 259 659 250 658 250 657 250 375 256 375 295 373 304 989 311 991 298 991 260 975 252 974 252"/></Shape>
	    <String CONTENT="necessite: car Dieu te commande de"
                    HPOS="373"
                    VPOS="250"
                    WIDTH="618"
                    HEIGHT="61"></String>
          </TextLine>

          
          
          <TextLine ID="eSc_line_e2591ea3"
                    TAGREFS="LT266"
                    BASELINE="377 339 960 342" 
                    HPOS="376"
                    VPOS="298"
                    WIDTH="584"
                    HEIGHT="56">
            <Shape><Polygon POINTS="377 339 376 354 959 354 960 342 959 308 921 299 920 299 865 306 808 299 807 299 701 307 688 307 686 307 670 298 669 298 668 298 600 306 599 306 597 306 549 299 547 299 546 299 545 299 537 306 537 307 475 307 472 306 446 298 445 298 443 298 377 304 377 339"/></Shape>
	    <String CONTENT="ayder a tous ceulx que tu peulx."
                    HPOS="376"
                    VPOS="298"
                    WIDTH="584"
                    HEIGHT="56"></String>
          </TextLine>

          
          
          <TextLine ID="eSc_line_40c6b5be"
                    TAGREFS="LT266"
                    BASELINE="425 389 995 389" 
                    HPOS="425"
                    VPOS="345"
                    WIDTH="570"
                    HEIGHT="58">
            <Shape><Polygon POINTS="425 389 425 403 995 396 995 389 994 345 425 350 425 389"/></Shape>
	    <String CONTENT="Mais dõner a ceulx qui peuuẽt"
                    HPOS="425"
                    VPOS="345"
                    WIDTH="570"
                    HEIGHT="58"></String>
          </TextLine>

          
          
          <TextLine ID="eSc_line_428cefe0"
                    TAGREFS="LT266"
                    BASELINE="375 431 994 434" 
                    HPOS="373"
                    VPOS="391"
                    WIDTH="621"
                    HEIGHT="58">
            <Shape><Polygon POINTS="982 391 978 391 929 396 894 391 887 391 874 391 867 391 842 396 809 391 807 391 793 391 780 391 766 391 753 391 742 391 623 395 619 392 618 391 604 391 603 392 599 395 568 392 549 391 537 391 523 391 510 391 496 391 483 391 469 391 456 391 375 393 375 431 373 439 441 449 442 449 993 446 994 434 991 391 982 391"/></Shape>
	    <String CONTENT="trauailler/ ⁊ qͥ ont laisse ung peu de"
                    HPOS="373"
                    VPOS="391"
                    WIDTH="621"
                    HEIGHT="58"></String>
          </TextLine>

          
          
          <TextLine ID="eSc_line_616c64fc"
                    TAGREFS="LT266"
                    BASELINE="375 476 993 480" 
                    HPOS="373"
                    VPOS="439"
                    WIDTH="620"
                    HEIGHT="57">
            <Shape><Polygon POINTS="375 476 373 491 990 496 993 480 990 439 375 439 375 476"/></Shape>
	    <String CONTENT="biẽs ou beaucop/ ⁊ ont laisse de tra¬"
                    HPOS="373"
                    VPOS="439"
                    WIDTH="620"
                    HEIGHT="57"></String>
          </TextLine>

          
          
          <TextLine ID="eSc_line_ffa1663e"
                    TAGREFS="LT266"
                    BASELINE="376 527 994 527" 
                    HPOS="376"
                    VPOS="481"
                    WIDTH="618"
                    HEIGHT="64">
            <Shape><Polygon POINTS="376 527 376 535 395 543 396 543 398 545 503 545 503 543 504 543 506 543 516 536 596 543 597 545 689 545 689 543 690 543 692 543 703 536 750 543 751 543 808 536 908 543 909 543 910 543 925 536 939 543 940 543 941 543 943 543 944 543 955 536 972 543 974 543 975 543 977 543 994 535 994 527 994 491 924 481 923 481 862 488 860 488 757 481 755 481 754 481 753 481 743 487 738 491 670 491 666 487 662 483 661 483 659 483 658 483 638 487 620 489 612 485 601 481 600 481 599 481 578 485 561 489 376 484 376 527"/></Shape>
	    <String CONTENT="uailler/ ou ilz pouuoiẽt uiure sans"
                    HPOS="376"
                    VPOS="481"
                    WIDTH="618"
                    HEIGHT="64"></String>
          </TextLine>

          
          
          <TextLine ID="eSc_line_9729947e"
                    TAGREFS="LT266"
                    BASELINE="376 573 994 573" 
                    HPOS="376"
                    VPOS="528"
                    WIDTH="618"
                    HEIGHT="57">
            <Shape><Polygon POINTS="963 528 962 528 960 528 947 535 932 528 931 528 929 528 928 528 909 535 906 535 871 534 709 528 708 528 707 528 694 532 684 536 534 536 519 530 515 528 514 528 512 528 500 530 456 535 376 528 376 573 376 585 994 582 994 573 994 535 964 528 963 528"/></Shape>
	    <String CONTENT="dõner charge a persõne: ⁊ ont faict"
                    HPOS="376"
                    VPOS="528"
                    WIDTH="618"
                    HEIGHT="57"></String>
          </TextLine>

          
          
          <TextLine ID="eSc_line_56c35d6b"
                    TAGREFS="LT266"
                    BASELINE="377 621 993 617" 
                    HPOS="376"
                    VPOS="576"
                    WIDTH="617"
                    HEIGHT="55">
            <Shape><Polygon POINTS="377 621 377 631 991 631 993 617 990 581 581 576 580 576 546 582 383 577 381 577 380 577 379 577 379 578 377 578 376 580 377 621"/></Shape>
	    <String CONTENT="ce poͬ estre sans trauailler ⁊ a leur"
                    HPOS="376"
                    VPOS="576"
                    WIDTH="617"
                    HEIGHT="55"></String>
          </TextLine>

          
          
          <TextLine ID="eSc_line_76c76cb5"
                    TAGREFS="LT266"
                    BASELINE="379 669 994 665" 
                    HPOS="377"
                    VPOS="621"
                    WIDTH="617"
                    HEIGHT="56">
            <Shape><Polygon POINTS="437 621 377 628 379 669 379 677 993 673 994 665 991 624 438 621 437 621"/></Shape>
	    <String CONTENT="ayse/ sans lafflictiõ quil ya a uiure"
                    HPOS="377"
                    VPOS="621"
                    WIDTH="617"
                    HEIGHT="56"></String>
          </TextLine>

          
          
          <TextLine ID="eSc_line_0ee5e617"
                    TAGREFS="LT266"
                    BASELINE="379 713 994 709" 
                    HPOS="377"
                    VPOS="669"
                    WIDTH="617"
                    HEIGHT="60">
            <Shape><Polygon POINTS="379 713 379 729 422 721 546 728 547 728 597 720 775 727 777 727 778 727 796 719 991 725 994 709 991 674 587 669 585 669 584 669 582 669 582 670 581 670 577 675 512 670 511 670 377 677 379 713"/></Shape>
	    <String CONTENT="parmy le mõde/ pour uiure oyseuse"
                    HPOS="377"
                    VPOS="669"
                    WIDTH="617"
                    HEIGHT="60"></String>
          </TextLine>

          
          
          <TextLine ID="eSc_line_a0b269f7"
                    TAGREFS="LT266"
                    BASELINE="379 756 991 759" 
                    HPOS="377"
                    VPOS="715"
                    WIDTH="614"
                    HEIGHT="58">
            <Shape><Polygon POINTS="379 756 377 764 666 771 668 771 669 771 682 764 684 764 686 764 703 773 704 773 705 773 990 764 991 759 989 715 379 717 379 756"/></Shape>
	    <String CONTENT="mẽt dedans ung monastere ou au¬"
                    HPOS="377"
                    VPOS="715"
                    WIDTH="614"
                    HEIGHT="58"></String>
          </TextLine>

          
          
          <TextLine ID="eSc_line_c0a53ad2"
                    TAGREFS="LT266"
                    BASELINE="379 804 991 804" 
                    HPOS="379"
                    VPOS="763"
                    WIDTH="612"
                    HEIGHT="54">
            <Shape><Polygon POINTS="379 804 379 810 990 817 991 804 991 766 379 763 379 804"/></Shape>
	    <String CONTENT="tre lieu/ ou ilz ne seruent q̃ de char¬"
                    HPOS="379"
                    VPOS="763"
                    WIDTH="612"
                    HEIGHT="54"></String>
          </TextLine>

          
          
          <TextLine ID="eSc_line_f710895c"
                    TAGREFS="LT266"
                    BASELINE="380 852 993 848" 
                    HPOS="379"
                    VPOS="810"
                    WIDTH="614"
                    HEIGHT="53">
            <Shape><Polygon POINTS="380 852 380 863 993 856 993 848 989 810 379 812 380 852"/></Shape>
	    <String CONTENT="ger le paoure monde/ ⁊ paoures la"
                    HPOS="379"
                    VPOS="810"
                    WIDTH="614"
                    HEIGHT="53"></String>
          </TextLine>

          
          
          <TextLine ID="eSc_line_4d5d6cbe"
                    TAGREFS="LT266"
                    BASELINE="377 897 991 894" 
                    HPOS="376"
                    VPOS="856"
                    WIDTH="615"
                    HEIGHT="49">
            <Shape><Polygon POINTS="377 897 377 905 990 903 991 894 989 856 376 856 377 897"/></Shape>
	    <String CONTENT="boureurs: cõme sont les ecclesiasti¬"
                    HPOS="376"
                    VPOS="856"
                    WIDTH="615"
                    HEIGHT="49"></String>
          </TextLine>

          
          
          <TextLine ID="eSc_line_f71d30c3"
                    TAGREFS="LT266"
                    BASELINE="376 944 991 939" 
                    HPOS="375"
                    VPOS="895"
                    WIDTH="616"
                    HEIGHT="57">
            <Shape><Polygon POINTS="376 944 376 952 990 951 991 939 987 895 946 902 912 897 910 897 651 905 375 901 376 944"/></Shape>
	    <String CONTENT="ques/ moynes ⁊ nonnains/ qui par"
                    HPOS="375"
                    VPOS="895"
                    WIDTH="616"
                    HEIGHT="57"></String>
          </TextLine>

          
          
          <TextLine ID="eSc_line_090bbe1e"
                    TAGREFS="LT266"
                    BASELINE="376 986 991 988" 
                    HPOS="375"
                    VPOS="943"
                    WIDTH="616"
                    HEIGHT="62">
            <Shape><Polygon POINTS="670 943 669 943 659 945 649 949 636 945 626 943 624 943 623 943 622 943 620 943 620 944 618 945 614 951 553 951 537 944 533 943 524 944 522 944 510 949 495 944 484 944 473 951 394 951 380 944 376 944 376 986 375 994 402 1003 403 1003 404 1003 406 1003 434 997 473 1003 475 1003 682 997 717 1005 719 1005 720 1005 990 997 991 988 990 951 761 944 759 944 758 944 746 947 731 951 700 947 672 943 670 943"/></Shape>
	    <String CONTENT="leͬs reigles ⁊ statutz se sõt separez"
                    HPOS="375"
                    VPOS="943"
                    WIDTH="616"
                    HEIGHT="62"></String>
          </TextLine>

          
          
          <TextLine ID="eSc_line_753033ef"
                    TAGREFS="LT266"
                    BASELINE="377 1034 993 1034" 
                    HPOS="377"
                    VPOS="995"
                    WIDTH="616"
                    HEIGHT="50">
            <Shape><Polygon POINTS="377 1034 377 1045 993 1044 993 1034 993 999 377 995 377 1034"/></Shape>
	    <String CONTENT="des autres: certes ce nest pas aul¬"
                    HPOS="377"
                    VPOS="995"
                    WIDTH="616"
                    HEIGHT="50"></String>
          </TextLine>

          
          
          <TextLine ID="eSc_line_ccea2b61"
                    TAGREFS="LT266"
                    BASELINE="379 1079 993 1076" 
                    HPOS="377"
                    VPOS="1036"
                    WIDTH="616"
                    HEIGHT="55">
            <Shape><Polygon POINTS="755 1036 742 1036 728 1036 715 1036 703 1036 692 1041 686 1036 677 1036 668 1042 666 1042 630 1036 628 1036 627 1036 626 1036 618 1042 618 1044 591 1044 481 1044 423 1036 422 1036 377 1044 379 1079 379 1087 990 1091 993 1076 990 1041 765 1036 755 1036"/></Shape>
	    <String CONTENT="mosne/ mais leur donner la corde"
                    HPOS="377"
                    VPOS="1036"
                    WIDTH="616"
                    HEIGHT="55"></String>
          </TextLine>

          
          
          <TextLine ID="eSc_line_ddeb2e04"
                    TAGREFS="LT266"
                    BASELINE="379 1129 993 1125" 
                    HPOS="377"
                    VPOS="1079"
                    WIDTH="616"
                    HEIGHT="63">
            <Shape><Polygon POINTS="379 1129 379 1135 576 1142 577 1142 578 1142 580 1142 585 1138 592 1133 717 1133 763 1138 782 1141 784 1141 785 1141 786 1141 786 1140 788 1140 793 1133 839 1133 990 1140 993 1125 991 1087 968 1079 967 1079 966 1079 964 1079 943 1086 715 1080 713 1080 712 1080 696 1087 584 1080 582 1080 581 1080 547 1088 539 1082 538 1082 537 1082 535 1082 439 1088 419 1082 418 1082 416 1082 377 1090 379 1129"/></Shape>
	    <String CONTENT="pour eulx pendre/ ⁊ le glaiue poͬ se"
                    HPOS="377"
                    VPOS="1079"
                    WIDTH="616"
                    HEIGHT="63"></String>
          </TextLine>

          
          
          <TextLine ID="eSc_line_aacba0e9"
                    TAGREFS="LT266"
                    BASELINE="377 1169 991 1172" 
                    HPOS="376"
                    VPOS="1127"
                    WIDTH="615"
                    HEIGHT="58">
            <Shape><Polygon POINTS="985 1134 972 1127 971 1127 970 1127 901 1135 898 1135 896 1135 854 1127 852 1127 794 1134 793 1134 792 1134 759 1127 755 1127 742 1127 728 1127 715 1127 701 1127 699 1127 697 1127 696 1127 694 1127 688 1133 685 1134 676 1133 634 1127 634 1127 620 1127 615 1127 595 1131 582 1135 543 1135 541 1131 537 1129 526 1129 522 1129 514 1131 503 1134 377 1130 377 1169 376 1185 990 1185 991 1172 990 1168 985 1134"/></Shape>
	    <String CONTENT="tuer/ en les nourrissãt en leur mes¬"
                    HPOS="376"
                    VPOS="1127"
                    WIDTH="615"
                    HEIGHT="58"></String>
          </TextLine>

          
          
          <TextLine ID="eSc_line_1f7122c4"
                    TAGREFS="LT266"
                    BASELINE="379 1219 885 1216" 
                    HPOS="377"
                    VPOS="1172"
                    WIDTH="508"
                    HEIGHT="58">
            <Shape><Polygon POINTS="809 1172 808 1172 794 1179 793 1179 778 1172 777 1172 775 1172 713 1179 701 1179 692 1177 654 1172 653 1172 627 1177 616 1180 612 1177 608 1173 607 1173 605 1173 557 1173 555 1173 554 1173 553 1173 553 1175 550 1177 546 1180 377 1176 379 1219 379 1226 883 1230 885 1216 882 1180 811 1172 809 1172"/></Shape>
	    <String CONTENT="chancete ⁊ estat de perdition."
                    HPOS="377"
                    VPOS="1172"
                    WIDTH="508"
                    HEIGHT="58"></String>
          </TextLine>

          
          
          <TextLine ID="eSc_line_6307e551"
                    TAGREFS="LT266"
                    BASELINE="429 1266 989 1262" 
                    HPOS="427"
                    VPOS="1216"
                    WIDTH="562"
                    HEIGHT="69">
            <Shape><Polygon POINTS="832 1218 829 1218 821 1223 805 1218 792 1218 762 1225 757 1225 747 1225 694 1218 684 1218 670 1218 657 1218 643 1218 630 1219 627 1219 616 1225 609 1226 427 1225 429 1266 429 1279 504 1276 516 1280 533 1285 534 1285 535 1285 537 1285 551 1280 564 1276 616 1280 665 1284 666 1284 668 1284 682 1280 701 1276 709 1281 715 1284 716 1284 717 1284 719 1285 793 1285 793 1284 794 1284 796 1284 798 1281 807 1276 883 1280 885 1280 931 1273 943 1281 943 1283 944 1283 946 1283 947 1283 989 1281 989 1262 986 1225 940 1216 939 1216 937 1216 936 1216 925 1225 851 1225 840 1218 832 1218"/></Shape>
	    <String CONTENT="Tout ce aussi quon faict poͬ les"
                    HPOS="427"
                    VPOS="1216"
                    WIDTH="562"
                    HEIGHT="69"></String>
          </TextLine>

          
        </TextBlock>
        
        <TextBlock HPOS="773"
                   VPOS="1273"
                   WIDTH="226"
                   HEIGHT="57"
                   ID="eSc_textblock_0df761fd"
                   TAGREFS="BT1359">
          <Shape><Polygon POINTS="773 1276 775 1330 999 1326 995 1273"/></Shape>
          
          
          <TextLine ID="eSc_line_32762b08"
                    TAGREFS="LT266"
                    BASELINE="790 1310 982 1310" 
                    HPOS="790"
                    VPOS="1264"
                    WIDTH="192"
                    HEIGHT="71">
            <Shape><Polygon POINTS="935 1264 902 1269 890 1270 790 1266 790 1310 790 1332 838 1324 862 1334 863 1334 865 1334 866 1334 885 1326 981 1335 982 1310 982 1272 936 1264 935 1264"/></Shape>
	    <String CONTENT="trespassez/"
                    HPOS="790"
                    VPOS="1264"
                    WIDTH="192"
                    HEIGHT="71"></String>
          </TextLine>

          
        </TextBlock>
        

        
      </PrintSpace>
    </Page>
  </Layout>
</alto>
