1085 1619
367 156 619 54 ture/ nen chose corporelle ne uisible:

369 203 620 58 mais es choses spirituelles/ lado¬

371 246 616 64 rant en esperit ⁊ uerite/ en noꝰmes¬

369 298 618 54 mes en noz coeurs. Car le royaume

371 337 619 66 de Dieu est dedãs noꝰ quand auõs

371 383 620 67 ferme foy en luy. Il nest en aucu

371 434 619 58 ne obseruation: car il ny a maniere

372 480 619 59 de faire par laquelle on aye ou trou

371 524 619 56 ue Dieu/ ne aussi lieu q̃lcõque. Car

371 569 616 62 Dieu ne se tiẽt ⁊ na son habitation

369 617 620 54 es choses faictes de mains des hõ¬

372 667 617 53 mes/ ne es choses uisibles: mais en

369 708 617 59 noꝰ faictz spirituelz ⁊ renouuellez/

372 752 621 60 uniz ⁊ conioinctz par uraye foy a

369 798 622 64 nostre chef Iesuchrist. Lequel est le

368 849 621 60 propitiatoire ou repose toute la di¬

367 891 623 60 uinite/ ou sont tous les thresors de

371 937 619 61 sciẽce ⁊ sagesse. Pourtãt en tout

372 986 611 55 ⁊ par tout nous deuons adresser en

369 1030 616 58 toutes noz necessitez a nostre pere/

369 1076 618 50 recourantz tousiours a son ayde/ le

373 1121 610 78 quel assiste continuellemẽt a ceulx

372 1168 237 70 qui layment.

869 1198 113 97 ¶ De

230 242 79 46 Luc

234 276 80 63 xuii.

228 601 95 50 Actes

232 642 63 52 uii.

228 849 133 61 Romaĩs

225 899 55 46 iii.
