<?xml version="1.0" encoding="UTF-8"?>
<alto xmlns:xsi="http://www.w3.org/2001/XMLSchema-instance"
      xmlns="http://www.loc.gov/standards/alto/ns-v4#"
      xsi:schemaLocation="http://www.loc.gov/standards/alto/ns-v4# http://www.loc.gov/standards/alto/v4/alto-4-2.xsd">
  <Description>
    <MeasurementUnit>pixel</MeasurementUnit>
    <sourceImageInformation>
      <fileName>79_1a74e_default.jpg</fileName>
      <fileIdentifier>https://www.e-rara.ch/gep_g/i3f/v20/1954138/full/full/0/default.jpg</fileIdentifier>
    </sourceImageInformation>
  </Description>
  
  <Tags>
    <OtherTag ID="BT766" LABEL="DropCapitalZone" DESCRIPTION="block type DropCapitalZone"/><OtherTag ID="BT767" LABEL="MainZone" DESCRIPTION="block type MainZone"/><OtherTag ID="BT768" LABEL="MarginTextZone" DESCRIPTION="block type MarginTextZone"/><OtherTag ID="BT769" LABEL="NumberingZone" DESCRIPTION="block type NumberingZone"/><OtherTag ID="BT771" LABEL="RunningTitleZone" DESCRIPTION="block type RunningTitleZone"/><OtherTag ID="BT772" LABEL="StampZone" DESCRIPTION="block type StampZone"/><OtherTag ID="BT773" LABEL="TableZone" DESCRIPTION="block type TableZone"/><OtherTag ID="BT996" LABEL="TitlePageZone" DESCRIPTION="block type TitlePageZone"/><OtherTag ID="BT999" LABEL="GraphicZone" DESCRIPTION="block type GraphicZone"/><OtherTag ID="BT1359" LABEL="QuireMarksZone" DESCRIPTION="block type QuireMarksZone"/>
    <OtherTag ID="LT265" LABEL="HeadingLine" DESCRIPTION="line type HeadingLine"/><OtherTag ID="LT266" LABEL="DefaultLine" DESCRIPTION="line type DefaultLine"/><OtherTag ID="LT267" LABEL="DropCapitalLine" DESCRIPTION="line type DropCapitalLine"/>
  </Tags>
  
  <Layout>
    <Page WIDTH="1085"
          HEIGHT="1619"
          PHYSICAL_IMG_NR="79"
          ID="eSc_dummypage_">
      <PrintSpace HPOS="0"
                  VPOS="0"
                  WIDTH="1085"
                  HEIGHT="1619">
        
        <TextBlock HPOS="345"
                   VPOS="146"
                   WIDTH="648"
                   HEIGHT="1144"
                   ID="eSc_textblock_c53a7c49"
                   TAGREFS="BT767">
          <Shape><Polygon POINTS="363 146 345 1281 993 1290 990 146"/></Shape>
          
          
          <TextLine ID="eSc_line_fd6f9c93"
                    TAGREFS="LT266"
                    BASELINE="375 205 608 202 990 209" 
                    HPOS="372"
                    VPOS="143"
                    WIDTH="617"
                    HEIGHT="72">
            <Shape><Polygon POINTS="373 203 372 205 458 214 460 214 461 214 462 214 473 207 476 207 562 207 564 207 573 215 574 215 576 215 577 215 618 209 619 209 620 209 636 215 638 215 639 215 987 213 989 207 987 155 766 145 765 145 763 145 754 149 746 153 734 149 720 145 719 145 717 145 716 145 715 145 711 149 704 153 622 148 600 147 599 147 597 147 596 147 584 153 572 147 562 143 561 143 560 143 526 147 469 152 452 145 446 143 445 143 443 143 442 143 441 143 439 144 430 151 373 144 373 203"/></Shape>
	    <String CONTENT="ont trouue ces choses/ soyẽt maul-"
                    HPOS="372"
                    VPOS="143"
                    WIDTH="617"
                    HEIGHT="72"></String>
          </TextLine>

          
          
          <TextLine ID="eSc_line_24d3e677"
                    TAGREFS="LT266"
                    BASELINE="372 245 990 256" 
                    HPOS="371"
                    VPOS="203"
                    WIDTH="619"
                    HEIGHT="60">
            <Shape><Polygon POINTS="979 209 966 209 952 209 939 209 925 209 604 209 591 206 581 203 574 203 561 203 547 203 545 203 533 205 522 206 515 205 508 203 507 203 493 203 480 205 472 205 468 206 460 205 453 205 439 205 426 205 412 205 399 205 385 205 372 205 372 245 371 256 987 263 990 256 987 209 979 209"/></Shape>
	    <String CONTENT="dictz/ uoire mesmes quand seroiẽt"
                    HPOS="371"
                    VPOS="203"
                    WIDTH="619"
                    HEIGHT="60"></String>
          </TextLine>

          
          
          <TextLine ID="eSc_line_5efe2877"
                    TAGREFS="LT266"
                    BASELINE="372 291 987 302" 
                    HPOS="371"
                    VPOS="248"
                    WIDTH="616"
                    HEIGHT="65">
            <Shape><Polygon POINTS="966 256 952 256 951 256 917 261 912 261 906 261 878 254 871 254 858 254 844 254 831 253 817 253 804 253 790 253 780 253 763 257 758 259 754 257 740 252 736 252 723 252 715 252 692 256 681 257 678 256 672 250 669 250 655 250 642 250 628 250 615 250 601 249 588 249 574 249 561 249 547 249 534 249 526 248 372 248 372 291 371 296 390 303 391 303 392 303 500 299 516 299 519 299 529 306 530 306 531 306 533 306 663 304 739 303 985 313 987 302 987 261 975 256 966 256"/></Shape>
	    <String CONTENT="anges du ciel. Car il ne ueult quon"
                    HPOS="371"
                    VPOS="248"
                    WIDTH="616"
                    HEIGHT="65"></String>
          </TextLine>

          
          
          <TextLine ID="eSc_line_9e841c2b"
                    TAGREFS="LT266"
                    BASELINE="372 343 989 345" 
                    HPOS="369"
                    VPOS="294"
                    WIDTH="618"
                    HEIGHT="63">
            <Shape><Polygon POINTS="936 300 923 300 909 300 896 299 882 299 869 299 856 299 855 300 852 299 842 299 828 298 825 298 811 302 809 302 801 302 628 295 626 295 612 295 600 294 595 294 593 294 592 294 591 294 580 302 576 302 527 294 526 294 371 300 371 342 369 349 468 348 476 352 484 356 485 356 487 356 488 356 489 356 495 352 503 348 553 348 562 353 565 354 566 354 568 354 569 354 570 354 574 353 584 348 603 353 614 356 615 356 616 356 628 353 653 348 666 353 672 356 673 356 674 357 742 357 742 356 758 354 808 349 831 354 833 356 835 356 836 356 838 356 840 356 860 348 875 356 877 356 878 356 879 357 986 357 987 344 986 303 946 300 936 300"/></Shape>
	    <String CONTENT="adiouste ou oste a sa parolle/ selon"
                    HPOS="369"
                    VPOS="294"
                    WIDTH="618"
                    HEIGHT="63"></String>
          </TextLine>

          
          
          <TextLine ID="eSc_line_0bdfc25b"
                    TAGREFS="LT266"
                    BASELINE="371 384 389 384 387 383 994 393" 
                    HPOS="368"
                    VPOS="342"
                    WIDTH="625"
                    HEIGHT="60">
            <Shape><Polygon POINTS="539 344 526 344 512 344 499 344 485 344 477 344 472 344 458 344 445 344 431 344 418 344 404 344 391 344 383 344 369 342 369 383 368 387 535 398 537 398 600 392 611 392 623 393 689 400 690 402 991 402 993 392 993 349 550 346 546 344 539 344"/></Shape>
	    <String CONTENT="laq̃lle il fault tout faire/ autremẽt"
                    HPOS="368"
                    VPOS="342"
                    WIDTH="625"
                    HEIGHT="60"></String>
          </TextLine>

          
          
          <TextLine ID="eSc_line_83f6cd8b"
                    TAGREFS="LT266"
                    BASELINE="371 430 990 439" 
                    HPOS="369"
                    VPOS="385"
                    WIDTH="621"
                    HEIGHT="64">
            <Shape><Polygon POINTS="883 392 870 392 856 392 843 392 829 391 816 391 802 391 789 391 775 391 762 389 748 389 735 389 721 389 708 389 707 389 704 392 677 392 650 392 641 388 641 388 627 388 614 387 600 387 587 387 573 387 560 387 546 387 538 385 371 388 371 430 369 435 724 447 726 447 792 442 811 449 812 449 813 449 989 443 990 439 989 396 886 392 883 392"/></Shape>
	    <String CONTENT="cest peche. Il deffend que noꝰ ne"
                    HPOS="369"
                    VPOS="385"
                    WIDTH="621"
                    HEIGHT="64"></String>
          </TextLine>

          
          
          <TextLine ID="eSc_line_a8d1f20b"
                    TAGREFS="LT266"
                    BASELINE="369 474 989 485" 
                    HPOS="368"
                    VPOS="431"
                    WIDTH="621"
                    HEIGHT="66">
            <Shape><Polygon POINTS="882 438 869 438 855 438 842 438 828 438 815 438 813 437 811 441 802 437 801 437 788 437 774 437 761 437 753 437 711 439 700 439 699 439 689 435 680 435 666 435 653 435 646 435 627 438 622 438 618 438 600 434 599 434 585 434 572 434 558 434 557 433 541 437 537 437 535 437 530 433 518 433 512 433 508 435 491 433 491 433 477 433 464 433 456 431 450 435 446 431 437 431 423 431 410 431 396 431 369 433 369 474 368 488 823 488 827 489 843 496 844 496 916 497 917 497 987 489 989 485 989 445 885 438 882 438"/></Shape>
	    <String CONTENT="faisons ce qͥ nous semble bon: mais"
                    HPOS="368"
                    VPOS="431"
                    WIDTH="621"
                    HEIGHT="66"></String>
          </TextLine>

          
          
          <TextLine ID="eSc_line_5f7d8dad"
                    TAGREFS="LT266"
                    BASELINE="368 520 987 532" 
                    HPOS="367"
                    VPOS="476"
                    WIDTH="620"
                    HEIGHT="67">
            <Shape><Polygon POINTS="975 485 962 485 948 485 935 485 921 485 655 485 650 481 646 480 638 480 624 480 611 480 605 478 591 481 576 483 572 481 565 478 557 478 543 478 530 478 520 477 499 480 497 480 491 477 489 477 476 477 462 477 449 477 435 476 434 476 368 478 368 520 367 528 985 543 987 532 987 485 975 485"/></Shape>
	    <String CONTENT="tant seulement ce quil nous cõman"
                    HPOS="367"
                    VPOS="476"
                    WIDTH="620"
                    HEIGHT="67"></String>
          </TextLine>

          
          
          <TextLine ID="eSc_line_d088bebb"
                    TAGREFS="LT266"
                    BASELINE="368 566 950 576" 
                    HPOS="367"
                    VPOS="523"
                    WIDTH="583"
                    HEIGHT="58">
            <Shape><Polygon POINTS="368 566 367 577 947 581 950 576 948 535 368 523 368 566"/></Shape>
	    <String CONTENT="de/ sans y adiouster ne diminuer."
                    HPOS="367"
                    VPOS="523"
                    WIDTH="583"
                    HEIGHT="58"></String>
          </TextLine>

          
          
          <TextLine ID="eSc_line_162a1c3f"
                    TAGREFS="LT266"
                    BASELINE="368 615 985 624" 
                    HPOS="367"
                    VPOS="567"
                    WIDTH="618"
                    HEIGHT="69">
            <Shape><Polygon POINTS="908 576 894 576 881 576 867 576 862 574 820 580 811 580 808 580 797 574 786 574 775 573 740 578 735 578 727 573 719 573 713 573 709 577 631 572 624 572 611 570 597 570 584 570 558 576 553 576 535 574 433 567 422 567 408 567 402 567 368 572 368 615 367 620 982 636 985 624 985 582 912 576 908 576"/></Shape>
	    <String CONTENT="Et puis q̃ sommes seruiteurs ⁊ filz"
                    HPOS="367"
                    VPOS="567"
                    WIDTH="618"
                    HEIGHT="69"></String>
          </TextLine>

          
          
          <TextLine ID="eSc_line_a921f30c"
                    TAGREFS="LT266"
                    BASELINE="368 658 985 673" 
                    HPOS="367"
                    VPOS="616"
                    WIDTH="618"
                    HEIGHT="69">
            <Shape><Polygon POINTS="773 621 759 621 747 621 715 626 712 626 701 620 692 620 678 620 665 620 603 623 601 623 595 619 584 619 570 619 557 619 543 619 530 617 516 617 514 617 441 619 433 616 422 616 408 616 395 616 387 616 368 617 368 658 367 662 426 673 427 673 510 667 534 675 535 675 537 675 638 670 728 679 730 679 731 679 754 673 774 681 775 681 777 681 862 675 879 684 881 684 882 684 923 677 928 684 929 684 929 685 931 685 932 685 933 685 983 677 985 673 985 632 784 621 773 621"/></Shape>
	    <String CONTENT="de Dieu seigneur ⁊ pere si tressage"
                    HPOS="367"
                    VPOS="616"
                    WIDTH="618"
                    HEIGHT="69"></String>
          </TextLine>

          
          
          <TextLine ID="eSc_line_d005bdfa"
                    TAGREFS="LT266"
                    BASELINE="368 706 985 717" 
                    HPOS="367"
                    VPOS="661"
                    WIDTH="618"
                    HEIGHT="66">
            <Shape><Polygon POINTS="975 673 962 673 954 673 939 675 935 673 935 673 921 671 908 671 894 671 883 671 858 674 846 670 840 670 827 670 813 669 811 669 797 673 782 669 773 669 759 667 746 667 732 667 730 667 677 671 668 666 665 666 651 666 638 665 624 665 611 665 607 665 550 669 530 665 516 662 503 662 489 662 476 661 468 661 368 663 368 706 367 711 982 727 985 717 983 673 975 673"/></Shape>
	    <String CONTENT="⁊ si tresbõ/ il nous fault aller ⁊ fai-"
                    HPOS="367"
                    VPOS="661"
                    WIDTH="618"
                    HEIGHT="66"></String>
          </TextLine>

          
          
          <TextLine ID="eSc_line_28d664f7"
                    TAGREFS="LT266"
                    BASELINE="365 751 983 764" 
                    HPOS="364"
                    VPOS="704"
                    WIDTH="619"
                    HEIGHT="74">
            <Shape><Polygon POINTS="946 717 932 717 925 717 913 721 909 716 905 716 893 716 881 720 877 721 873 720 859 716 851 716 838 716 824 715 811 715 797 715 784 715 775 715 773 717 770 719 759 716 750 713 743 713 730 713 716 713 703 713 694 715 676 717 673 713 672 712 662 712 651 712 646 713 630 716 608 712 595 711 581 711 568 711 560 711 538 713 530 711 527 711 514 709 500 709 489 713 477 709 473 709 460 709 446 709 433 708 419 708 414 708 380 711 367 704 365 751 364 755 404 764 406 764 457 759 470 758 473 759 485 767 487 767 488 767 489 767 592 763 649 762 655 766 659 770 661 770 662 770 663 770 665 770 678 767 693 763 699 767 701 770 703 770 704 770 705 770 720 769 747 764 800 771 827 774 828 774 829 774 831 774 832 773 840 766 894 773 896 773 897 773 912 767 920 775 921 775 921 777 923 777 924 777 925 778 982 778 983 764 982 724 948 717 946 717"/></Shape>
	    <String CONTENT="re selon ses sainctz cõmandemẽtz ⁊"
                    HPOS="364"
                    VPOS="704"
                    WIDTH="619"
                    HEIGHT="74"></String>
          </TextLine>

          
          
          <TextLine ID="eSc_line_411d7d39"
                    TAGREFS="LT266"
                    BASELINE="368 796 985 810" 
                    HPOS="367"
                    VPOS="752"
                    WIDTH="618"
                    HEIGHT="72">
            <Shape><Polygon POINTS="921 764 912 763 904 767 901 769 897 767 886 763 881 763 867 763 854 762 844 762 816 764 804 764 796 763 782 760 773 760 759 760 746 760 732 759 719 759 709 759 654 763 643 758 638 758 624 758 611 756 466 758 453 754 449 754 435 754 425 752 411 756 406 752 395 752 381 752 368 752 368 796 367 802 487 810 488 810 507 806 519 805 522 808 533 816 534 816 535 816 537 816 538 816 558 809 561 808 564 809 584 816 585 816 587 816 588 816 589 816 599 809 601 808 604 810 612 817 614 817 615 817 616 817 673 812 703 809 719 813 744 820 746 820 747 820 748 820 761 814 767 812 805 812 811 816 817 821 817 822 819 822 820 822 821 822 823 822 824 822 831 816 835 813 847 817 870 824 871 824 873 824 913 818 936 816 982 820 985 810 985 771 935 771 931 769 924 764 921 764"/></Shape>
	    <String CONTENT="uolunte/ ⁊ non point selon la phan"
                    HPOS="367"
                    VPOS="752"
                    WIDTH="618"
                    HEIGHT="72"></String>
          </TextLine>

          
          
          <TextLine ID="eSc_line_d15c1479"
                    TAGREFS="LT266"
                    BASELINE="364 843 823 851" 
                    HPOS="363"
                    VPOS="794"
                    WIDTH="460"
                    HEIGHT="65">
            <Shape><Polygon POINTS="809 806 796 806 782 806 769 806 763 805 759 809 758 810 755 809 742 805 742 805 728 805 717 805 715 808 711 809 520 808 497 800 485 800 472 798 439 802 388 797 377 797 376 796 364 794 364 843 363 847 820 859 823 851 823 809 819 806 809 806"/></Shape>
	    <String CONTENT="tasie de nous ou dautres."
                    HPOS="363"
                    VPOS="794"
                    WIDTH="460"
                    HEIGHT="65"></String>
          </TextLine>

          
          
          <TextLine ID="eSc_line_ff76dfeb"
                    TAGREFS="LT266"
                    BASELINE="412 890 978 901" 
                    HPOS="411"
                    VPOS="844"
                    WIDTH="567"
                    HEIGHT="63">
            <Shape><Polygon POINTS="817 851 807 851 807 852 742 852 730 849 723 849 709 849 696 849 682 849 669 848 658 848 649 849 645 848 642 848 628 848 615 848 601 848 588 847 578 848 573 847 561 847 547 847 534 847 520 847 507 845 506 845 496 847 491 845 480 845 466 845 453 845 439 844 426 844 419 844 412 844 412 890 411 894 553 905 554 905 619 899 623 899 639 906 641 906 642 907 977 907 978 901 978 852 928 847 927 847 925 847 917 851 910 854 897 851 874 845 873 845 871 845 870 845 865 851 862 852 850 849 819 844 817 851"/></Shape>
	    <String CONTENT="Et ceulx qui disent q̃ les sainctz"
                    HPOS="411"
                    VPOS="844"
                    WIDTH="567"
                    HEIGHT="63"></String>
          </TextLine>

          
          
          <TextLine ID="eSc_line_127e7bcc"
                    TAGREFS="LT266"
                    BASELINE="363 934 979 947" 
                    HPOS="361"
                    VPOS="890"
                    WIDTH="618"
                    HEIGHT="67">
            <Shape><Polygon POINTS="970 901 956 901 943 901 941 901 919 903 913 899 902 899 889 899 875 899 870 899 851 902 847 898 835 898 821 898 808 898 796 898 774 901 720 897 713 897 700 897 686 895 673 895 659 895 646 895 632 895 619 894 605 894 596 894 573 897 363 890 363 934 361 945 767 947 790 949 858 956 859 956 889 951 890 951 892 951 909 957 910 957 912 957 978 951 979 947 978 897 970 897 970 901"/></Shape>
	    <String CONTENT="sont noz intercesseurs/ aduocatz/ et"
                    HPOS="361"
                    VPOS="890"
                    WIDTH="618"
                    HEIGHT="67"></String>
          </TextLine>

          
          
          <TextLine ID="eSc_line_6d0d73cb"
                    TAGREFS="LT266"
                    BASELINE="363 980 978 992" 
                    HPOS="361"
                    VPOS="937"
                    WIDTH="617"
                    HEIGHT="62">
            <Shape><Polygon POINTS="363 980 361 984 975 999 978 992 978 951 363 937 363 980"/></Shape>
	    <String CONTENT="moyẽneurs entre Dieu ⁊ nous/ le"
                    HPOS="361"
                    VPOS="937"
                    WIDTH="617"
                    HEIGHT="62"></String>
          </TextLine>

          
          
          <TextLine ID="eSc_line_66dc1774"
                    TAGREFS="LT266"
                    BASELINE="360 1025 975 1038" 
                    HPOS="358"
                    VPOS="983"
                    WIDTH="617"
                    HEIGHT="68">
            <Shape><Polygon POINTS="967 992 954 992 940 992 927 992 913 992 901 991 886 991 886 991 873 991 859 991 846 991 838 990 798 990 792 990 778 990 774 988 711 988 711 988 709 987 360 983 360 1025 358 1036 466 1034 477 1038 484 1041 485 1041 487 1041 506 1038 543 1034 595 1040 635 1044 636 1044 638 1044 653 1040 665 1037 674 1041 688 1045 689 1045 690 1045 759 1041 789 1040 796 1041 817 1048 819 1048 820 1048 892 1042 897 1042 900 1042 932 1051 933 1051 935 1051 974 1042 975 1038 975 992 967 992"/></Shape>
	    <String CONTENT="chemin/ la uie/ ⁊ lesperãce/ ilz blas-"
                    HPOS="358"
                    VPOS="983"
                    WIDTH="617"
                    HEIGHT="68"></String>
          </TextLine>

          
          
          <TextLine ID="eSc_line_306e1c31"
                    TAGREFS="LT266"
                    BASELINE="355 1077 421 1076 974 1084" 
                    HPOS="353"
                    VPOS="1026"
                    WIDTH="619"
                    HEIGHT="68">
            <Shape><Polygon POINTS="962 1037 948 1037 935 1037 921 1037 631 1037 619 1034 591 1029 584 1029 570 1029 566 1029 518 1033 503 1034 497 1033 473 1026 472 1026 470 1026 354 1032 354 1076 353 1082 360 1087 361 1087 363 1087 364 1087 469 1082 492 1080 496 1082 507 1090 508 1090 510 1090 511 1090 512 1090 534 1083 537 1082 541 1083 560 1090 561 1090 562 1090 597 1084 599 1084 605 1090 605 1091 607 1091 608 1091 609 1091 658 1086 684 1083 716 1087 757 1092 758 1094 971 1094 972 1083 972 1037 962 1037"/></Shape>
	    <String CONTENT="phemẽt/ faisãtz oultrage aux saĩctz"
                    HPOS="353"
                    VPOS="1026"
                    WIDTH="619"
                    HEIGHT="68"></String>
          </TextLine>

          
          
          <TextLine ID="eSc_line_46828a26"
                    TAGREFS="LT266"
                    BASELINE="352 1123 530 1121 972 1129" 
                    HPOS="350"
                    VPOS="1077"
                    WIDTH="622"
                    HEIGHT="61">
            <Shape><Polygon POINTS="838 1083 824 1083 811 1083 797 1083 784 1082 770 1082 757 1082 743 1082 730 1082 720 1082 699 1086 696 1086 694 1086 684 1080 676 1080 662 1080 649 1080 635 1080 630 1080 587 1084 577 1084 573 1084 555 1079 554 1079 541 1079 527 1079 515 1083 514 1083 493 1077 487 1077 473 1077 460 1077 446 1077 433 1077 419 1077 412 1077 394 1077 392 1079 391 1079 352 1080 352 1123 350 1125 700 1137 701 1137 748 1130 755 1130 758 1130 777 1138 778 1138 780 1138 971 1133 972 1129 971 1090 844 1083 838 1083"/></Shape>
	    <String CONTENT="⁊ deshõneur a nostre Seigneur. Ie"
                    HPOS="350"
                    VPOS="1077"
                    WIDTH="622"
                    HEIGHT="61"></String>
          </TextLine>

          
          
          <TextLine ID="eSc_line_438b966c"
                    TAGREFS="LT266"
                    BASELINE="358 1163 457 1165 968 1175" 
                    HPOS="356"
                    VPOS="1121"
                    WIDTH="611"
                    HEIGHT="64">
            <Shape><Polygon POINTS="627 1122 614 1122 600 1121 597 1121 587 1121 573 1121 560 1121 546 1121 533 1121 519 1121 506 1121 492 1121 479 1121 465 1121 452 1121 438 1122 425 1122 411 1122 398 1122 390 1122 384 1122 371 1122 357 1122 357 1162 356 1176 742 1176 773 1179 846 1184 847 1184 882 1179 886 1179 889 1179 912 1185 913 1185 914 1185 966 1179 967 1173 966 1133 638 1122 627 1122"/></Shape>
	    <String CONTENT="sus: leq̃l seul est nostre mediateur/"
                    HPOS="356"
                    VPOS="1121"
                    WIDTH="611"
                    HEIGHT="64"></String>
          </TextLine>

          
          
          <TextLine ID="eSc_line_f4188c30"
                    TAGREFS="LT266"
                    BASELINE="355 1217 970 1223" 
                    HPOS="353"
                    VPOS="1168"
                    WIDTH="615"
                    HEIGHT="57">
            <Shape><Polygon POINTS="962 1173 948 1173 935 1173 927 1173 901 1176 850 1172 840 1172 827 1172 813 1171 800 1171 786 1171 773 1171 759 1171 751 1169 699 1175 681 1169 678 1169 665 1168 651 1168 638 1168 624 1168 611 1168 354 1168 354 1216 353 1222 966 1225 968 1222 967 1169 962 1169 962 1173"/></Shape>
	    <String CONTENT="qui intercede pour nous enuers le"
                    HPOS="353"
                    VPOS="1168"
                    WIDTH="615"
                    HEIGHT="57"></String>
          </TextLine>

          
          
          <TextLine ID="eSc_line_aa5d8f9d"
                    TAGREFS="LT266"
                    BASELINE="360 1252 968 1268" 
                    HPOS="356"
                    VPOS="1218"
                    WIDTH="611"
                    HEIGHT="92">
            <Shape><Polygon POINTS="952 1222 948 1222 929 1227 927 1229 927 1227 919 1222 912 1222 898 1222 894 1222 877 1225 856 1222 844 1222 831 1222 817 1222 804 1220 792 1220 777 1223 770 1220 763 1220 750 1220 736 1220 723 1220 709 1220 708 1220 697 1222 689 1222 685 1220 682 1220 669 1220 655 1219 642 1219 628 1219 615 1219 601 1219 588 1219 574 1219 562 1219 561 1219 547 1219 534 1219 520 1219 507 1218 493 1218 480 1218 466 1218 453 1218 439 1218 426 1218 412 1218 399 1218 385 1218 372 1218 358 1218 358 1250 356 1308 538 1310 539 1310 541 1310 566 1300 601 1287 638 1297 650 1300 651 1300 653 1300 685 1295 719 1289 727 1293 744 1303 746 1303 747 1303 748 1303 788 1291 820 1281 964 1283 967 1266 967 1226 960 1222 952 1222"/></Shape>
	    <String CONTENT="pere/ nostre aduocat/ qͥ parle pour"
                    HPOS="356"
                    VPOS="1218"
                    WIDTH="611"
                    HEIGHT="92"></String>
          </TextLine>

          
        </TextBlock>
        
        <TextBlock HPOS="833"
                   VPOS="1284"
                   WIDTH="130"
                   HEIGHT="45"
                   ID="eSc_textblock_ca0b8e3c"
                   TAGREFS="BT1359">
          <Shape><Polygon POINTS="833 1284 833 1329 963 1329 963 1284"/></Shape>
          
          
          <TextLine ID="eSc_line_1b694651"
                    TAGREFS="LT266"
                    BASELINE="840 1316 960 1314" 
                    HPOS="839"
                    VPOS="1270"
                    WIDTH="121"
                    HEIGHT="76">
            <Shape><Polygon POINTS="950 1280 928 1270 927 1270 925 1270 890 1277 855 1270 854 1270 852 1270 851 1270 839 1277 840 1316 840 1330 885 1330 905 1339 923 1346 924 1346 925 1346 960 1345 960 1314 959 1310 950 1280"/></Shape>
	    <String CONTENT="nous/"
                    HPOS="839"
                    VPOS="1270"
                    WIDTH="121"
                    HEIGHT="76"></String>
          </TextLine>

          
        </TextBlock>
        
        <TextBlock HPOS="224"
                   VPOS="153"
                   WIDTH="142"
                   HEIGHT="68"
                   ID="eSc_textblock_0d86b745"
                   TAGREFS="BT768">
          <Shape><Polygon POINTS="224 153 224 221 366 221 366 153"/></Shape>
          
          
          <TextLine ID="eSc_line_6e717378"
                    TAGREFS="LT266"
                    BASELINE="236 208 374 207" 
                    HPOS="233"
                    VPOS="138"
                    WIDTH="140"
                    HEIGHT="100">
            <Shape><Polygon POINTS="234 207 234 217 267 217 286 225 314 237 315 237 372 238 373 206 369 138 233 156 234 207"/></Shape>
	    <String CONTENT="Gala.i."
                    HPOS="233"
                    VPOS="138"
                    WIDTH="140"
                    HEIGHT="100"></String>
          </TextLine>

          
        </TextBlock>
        
        <TextBlock HPOS="213"
                   VPOS="290"
                   WIDTH="160"
                   HEIGHT="106"
                   ID="eSc_textblock_83ac7451"
                   TAGREFS="BT768">
          <Shape><Polygon POINTS="227 290 213 396 373 390 371 290"/></Shape>
          
          
          <TextLine ID="eSc_line_e8cb3a2f"
                    TAGREFS="LT266"
                    BASELINE="239 329 371 328" 
                    HPOS="238"
                    VPOS="290"
                    WIDTH="131"
                    HEIGHT="54">
            <Shape><Polygon POINTS="238 290 238 327 241 332 263 342 278 332 306 333 309 338 309 344 315 341 338 339 346 329 352 333 362 337 369 327 369 300 252 290"/></Shape>
	    <String CONTENT="Deuter."
                    HPOS="238"
                    VPOS="290"
                    WIDTH="131"
                    HEIGHT="54"></String>
          </TextLine>

          
          
          <TextLine ID="eSc_line_8828d907"
                    TAGREFS="LT266"
                    BASELINE="233 368 362 367" 
                    HPOS="232"
                    VPOS="330"
                    WIDTH="129"
                    HEIGHT="81">
            <Shape><Polygon POINTS="232 391 261 391 272 398 277 383 294 382 315 381 318 381 322 382 319 404 330 389 358 411 361 366 360 334 309 338 294 337 252 330 251 330 249 330 232 338 232 366"/></Shape>
	    <String CONTENT="iiii. ⁊ .xii"
                    HPOS="232"
                    VPOS="330"
                    WIDTH="129"
                    HEIGHT="81"></String>
          </TextLine>

          
        </TextBlock>
        
        <TextBlock HPOS="202"
                   VPOS="1037"
                   WIDTH="163"
                   HEIGHT="237"
                   ID="eSc_textblock_47d40f13"
                   TAGREFS="BT768">
          <Shape><Polygon POINTS="214 1039 202 1274 351 1273 365 1037"/></Shape>
          
          
          <TextLine ID="eSc_line_4ed17fb9"
                    TAGREFS="LT266"
                    BASELINE="217 1092 356 1091" 
                    HPOS="214"
                    VPOS="1036"
                    WIDTH="140"
                    HEIGHT="62">
            <Shape><Polygon POINTS="215 1091 215 1098 354 1094 354 1090 350 1046 294 1046 292 1045 280 1036 279 1036 277 1036 226 1036 225 1036 224 1036 222 1036 214 1040 215 1091"/></Shape>
	    <String CONTENT="i.Timo."
                    HPOS="214"
                    VPOS="1036"
                    WIDTH="140"
                    HEIGHT="62"></String>
          </TextLine>

          
          
          <TextLine ID="eSc_line_bdfda534"
                    TAGREFS="LT266"
                    BASELINE="224 1127 273 1125" 
                    HPOS="219"
                    VPOS="1091"
                    WIDTH="53"
                    HEIGHT="40">
            <Shape><Polygon POINTS="246 1091 233 1091 228 1091 219 1095 222 1126 222 1131 272 1127 272 1123 269 1094 259 1091 246 1091"/></Shape>
	    <String CONTENT="ii."
                    HPOS="219"
                    VPOS="1091"
                    WIDTH="53"
                    HEIGHT="40"></String>
          </TextLine>

          
          
          <TextLine ID="eSc_line_5587082d"
                    TAGREFS="LT266"
                    BASELINE="214 1171 357 1170" 
                    HPOS="213"
                    VPOS="1127"
                    WIDTH="143"
                    HEIGHT="57">
            <Shape><Polygon POINTS="213 1176 269 1176 272 1177 282 1184 283 1184 284 1184 286 1184 356 1179 356 1169 356 1130 213 1127 213 1169"/></Shape>
	    <String CONTENT="Romaĩs"
                    HPOS="213"
                    VPOS="1127"
                    WIDTH="143"
                    HEIGHT="57"></String>
          </TextLine>

          
          
          <TextLine ID="eSc_line_3c145490"
                    TAGREFS="LT266"
                    BASELINE="217 1211 301 1211" 
                    HPOS="215"
                    VPOS="1171"
                    WIDTH="85"
                    HEIGHT="49">
            <Shape><Polygon POINTS="269 1171 256 1171 242 1171 238 1171 215 1173 215 1210 215 1220 300 1216 300 1210 300 1176 286 1171 283 1171"/></Shape>
	    <String CONTENT="uiii."
                    HPOS="215"
                    VPOS="1171"
                    WIDTH="85"
                    HEIGHT="49"></String>
          </TextLine>

          
          
          <TextLine ID="eSc_line_7add0760"
                    TAGREFS="LT266"
                    BASELINE="219 1255 354 1258" 
                    HPOS="217"
                    VPOS="1211"
                    WIDTH="136"
                    HEIGHT="55">
            <Shape><Polygon POINTS="217 1266 352 1265 353 1257 353 1214 218 1211 218 1254"/></Shape>
	    <String CONTENT="i.Ieh.ii."
                    HPOS="217"
                    VPOS="1211"
                    WIDTH="136"
                    HEIGHT="55"></String>
          </TextLine>

          
        </TextBlock>
        

        
      </PrintSpace>
    </Page>
  </Layout>
</alto>
