1085 1619
106 140 576 55 Chrestiẽs dõnez hõneur a dieu/

63 186 610 51 ⁊ seruez a luy seul/ comme ont faict

60 233 614 48 tous les sainctz ⁊ bienheureux qui

66 276 611 58 uoꝰ p̃cedẽt au royaume des cieulx/

60 322 620 61 affin que ne soyez iugez ⁊ condãnez

58 366 616 60 auec ceulx qui ont hõnore la creatu

59 414 501 56 te ⁊ loeuure de leurs mains.

109 464 567 54 Nous deuõs tous prier lũg poͬ

58 505 620 61 lautre/ tant q̃ sõmes icy/ ou pouons

60 553 618 59 declairer noz necessitez lung a lau-

59 600 618 55 tre/ corriger ⁊ enhorter/ auoir ioye

59 644 621 57 du biẽ ⁊ grace ⁊ releuemẽt de nostre

60 692 617 59 prochain/ ⁊ tristesse aussi de sõ mal/

60 735 621 54 erreur/ tombemẽt ⁊ paourete. De-

60 783 616 57 quoy la saĩcte escripture est pleine/

60 827 622 62 ⁊ sont faictes plusieͬs requestes de

59 872 619 54 lung a lautre/ qͥl layde par ses orai-

63 922 615 56 sons. Et ce point ne doubtant de la

63 966 602 56 bõte de Dieu: mais affin q̃ la chari

63 1009 615 56 te soit cõseruee ⁊ augmẽtee/ quand

63 1059 618 52 inuitõs les ungz les autres a prier

70 1104 614 58 ⁊ que graces soyent rẽdues a Dieu

67 1153 617 51 de plusieurs/ quand il donne ce que

67 1198 618 70 plusieurs ont demãde ⁊ prie: ⁊ ainsi

565 1250 117 57 Dieu

688 178 128 59 Matth.

681 225 59 54 iiii.

684 361 133 63 Esaie.ii.

678 941 142 58 ii.Corĩ-

684 997 85 52 tes.i.
