1085 1619
62 138 618 57 prescher le sainct euãgile/ reprẽdre

62 186 616 54 ⁊ admõnester/ ueu quil seroit beau

62 232 616 59 coup plus necessaire ⁊ utile q̃ sainct

60 275 620 62 Andre ⁊ sainct Thomas/ ⁊ les au¬

60 319 621 64 tres apostres preschassent mainte¬

62 366 618 65 nant q̃ iamais/ ueu que le mõde ne

63 412 617 62 scait quil doit faire. Car de croire

60 461 616 59 au Pape/ ce quil faict ⁊ ordõne/ on

64 504 612 63 uoit biẽ qͥl ne faict rien selõ Dieu:

60 553 620 63 mais quil a paradis ⁊ enfer (cõme

60 599 618 66 il dit) a uẽdre. Iesus aux paoures

60 647 621 53 donne le royaume des cieulx: mais

58 689 620 62 le Pape ne dõne ses pardõs/ indul

63 735 617 66 gences ⁊ remissiõs fors a ceulx qui

63 782 615 62 ont argẽt/ les paoures ny ont rien.

67 825 613 66 Il les donne aussi a ceulx qui font

64 872 614 60 grosses fondations: ⁊ par ainsi les

62 920 616 68 paoures ny ont rien. Croire aussi

60 964 617 70 aux uniuersitez on ne peult: car on

60 1010 621 63 ny uoit q̃ meschancete/ ambition ⁊

62 1057 620 65 ordure/ si gros orgueil qͥlz ueulent

63 1104 618 65 quon les croye sans escripture par

60 1153 620 59 leur auctorite/ par le mouuemẽt de

62 1194 615 79 leur teste/ ou de leur main. Ce que

419 1251 255 75 F Iesus

686 675 133 77 Mat.u.
