1085 1619
49 165 621 71 Roys/ ⁊ nations/ persecutãt ⁊ met¬

48 215 621 57 tant a mort tous ceulx qͥ sont pour

47 261 618 60 la uerite: parquoy le peuple igno¬

47 304 616 67 rant ne peult croire que ce soit la ue

45 352 618 59 rite/ cõme il feit demandant Iesus

47 400 618 60 estre mis a mort/ ne pouãt croire qͥl

45 439 620 64 fust filz de Dieu/ ueu que tous les

47 489 616 61 gros ⁊ le cõseil des estimez sages la

47 539 433 57 uoyent condãne a mort.

91 581 572 61 Si les sainctz donc prient pour

44 631 617 58 nous cõe par auãt/ poͬquoy ayãtz

43 671 622 65 charite si grande ne mõstrent ilz le

44 717 618 66 chemin tout clairemẽt cõment de¬

41 763 620 65 uõs cheminer/ ⁊ fõt les autres oeu¬

41 809 614 63 ures quilz ont faict en ce mõde poͬ

40 855 618 70 nostre instruction. Laissons dõc

40 906 615 64 ces opiniõs ⁊ resueries que les hõ¬

40 949 614 61 mes ont songe/ ⁊ nous tenõs pure¬

39 995 618 64 mẽt a ce qui nous est clairement cõ

37 1042 618 61 mande. Seruõs a Dieu seul ⁊ lin¬

37 1090 618 58 uocquõs par nostre seul mediateur

37 1134 613 66 ⁊ aduocat nostre Seigñr Iesus/ qͥ

33 1181 616 65 nous a promis que tout ce q̃ nous

35 1226 608 71 demãderõs au pere en son nom que

406 1289 255 57 F .ii. nous

654 1202 104 68 Iehan

658 1260 82 54 xiiii.
