1085 1619
404 301 154 182 N

395 151 618 59 nous lobtiendrons. Tenons nous

399 192 613 72 fermes en sa ꝑolle ⁊ en nulle autre.

442 240 551 67 ¶ Des festes. Chap̃.xxuiii.

554 279 462 73 Ostre Seigñr cõmandãt

546 331 466 61 le repos au septiesme ioͬ/

557 375 461 66 uoulant quon sanctifiast

558 423 462 58 ce iour sãs faire oeuure ser

404 466 616 62 uile: cõme labeur de terre ⁊ sembla¬

404 516 617 60 ble/ ce na pas este pourtãt q̃ ouurer

407 561 615 69 en ce iour de soy fust mal faict/ au¬

407 608 615 61 tremẽt iamais il neust cõmande de

406 652 619 65 trauailler ⁊ gaigner sa uie a la

410 701 614 66 sueur de sõ uisage: ains la ainsi or¬

410 747 614 63 donne/ affin quon gardast charite/

411 791 617 68 ayant cõpassion des ouuriers ⁊ ser

410 840 619 58 uiteurs/ ne les opprimãt point par

412 883 616 65 continuel labeur ⁊ trauail. Mais

415 929 614 68 quon leur donnast ung iour de re¬

415 978 616 66 pos apres qͥlz ont besõgne six ioͬs

416 1026 586 57 cõme il a dõne a entendre/ disant:

421 1069 615 68 Le septiesme iour est le repos du

422 1118 615 59 Seigͬ Dieu. Tu ne feras aucune

422 1160 613 66 oeuure/ toy ton filz/ ta fille/ et ton

429 1207 606 107 seruiteur/ ⁊ ta chãberiere/ ton boeuf

939 1253 90 90 ⁊ ton

267 300 121 64 Exode

267 352 75 63 xx.

269 648 127 63 Genese

265 697 54 69 iii.

276 1060 142 57 Deuter.

280 1102 33 54 u.
