1085 1619
64 186 616 67 ⁊ ton asne/ ⁊ toutes tes bestes/ ⁊ le¬

67 242 609 54 stranger qui est dedans tes portes/

63 281 615 65 affin que tõ seruiteur ⁊ ta chãbriere

63 326 610 67 reposent cõme toy. Aye souuenãce q̃

64 372 616 63 tu as este serf en Egypte. Tou

66 420 612 67 chant ce q̃ nostre Seigñr crea le ciel

72 468 602 62 ⁊ la terre en six iours/ ⁊ se reposa le

67 516 607 61 samedy qͥ est le septiesme/ cela nous

64 559 616 65 designe le grãd repos q̃ nostre Sei¬

66 616 614 53 gneur Iesus nous a annõce/ nous

62 650 616 74 cõmandãt de cesser de noz oeuures

68 700 170 63 de peche.

114 720 568 88 Et ne fault que le chrestien face

66 787 614 67 distinction entre iour ⁊ iour/ tẽps ⁊

68 837 609 58 tẽps/ annee ⁊ annee/ cõme si lung

66 879 608 68 estoit plus digne/ plꝰ saĩct ou meil¬

66 934 608 57 leur que lautre. Car proprement

63 972 615 66 le fidele ne cõpte q̃ ung iour de tou

64 1019 616 60 te sa uie/ lequel par le mouuement

67 1067 615 58 du sainct esperit il tache de sãctifier

67 1114 614 57 en toute purete de coeur/ destruisãt

68 1158 613 61 peche ⁊ uiuãt a iustice/ faisãt loeu¬

66 1204 615 60 ure ⁊ labeur qui est a lhonneur de

70 1247 606 73 Dieu/ ⁊ au proffit de son prochain

404 1307 274 62 F .iii. pour

677 450 139 73 Ebrieux

681 500 61 54 iiii.

681 859 111 63 Gala.

681 913 53 58 iiii.
