1085 1619
408 176 614 60 pour ayder ceulx qui ont necessite/

407 218 619 66 rendant tesmoignage de sa foy ue¬

408 268 620 61 nant auec les fideles poͬ ouyr la pa

406 313 622 62 rolle de Dieu/ ⁊ receuant ⁊ prenãt

406 361 620 62 le pain de action de graces/ uenant

406 407 619 59 a la table de nostre Seigneur auec

404 450 620 64 ses freres/ en dõnãt repos aux siẽs

403 497 621 65 ainsi q̃ la charite requiert. Non pas

403 547 621 60 par obseruation des iours ne pour

402 592 622 54 les hõnorer (car cela est demoure de

400 636 624 62 lidolatrie des payẽs ⁊ de la supersti

402 682 620 61 tion des iuifz/ desq̃lz Lantechrist a

402 728 618 62 cõpose ses loix ⁊ coustumes) Mais

395 778 626 61 faict tout en lhonneur de Dieu/ et

398 821 622 60 poͬ garder charite auec sõ ꝓchain.

443 868 577 60 Au regard de ceste multitude de

399 913 619 63 festes que ceulx qͥ sõt de leglise des

396 967 622 55 iniques ont trouue pour auoir des

400 1013 620 56 messes/ offrandes/ ⁊ seblables cho¬

400 1057 620 52 ses/ cest toute presumptiõ sur la pa

399 1098 619 56 rolle de Dieu. Le Chrestien quãd

399 1146 614 61 il peult sãs le scãdale des simples/

400 1194 614 53 qͥ nont encore rien ouy de la uerite/

398 1238 622 72 ne laissera point de faire sõ oeuure

916 1287 100 81 pour
