1085 1619
103 147 613 102 nir ainst quil a este/ ⁊ telle seductiõ

105 232 612 60 deuoit uenir/ ⁊ q̃ tout deuoit estre

107 279 606 65 gaste ⁊ destruit plus quon ne pour¬

106 325 610 60 roit croire. Or uoyez uous dont

107 371 613 63 il uient que uous ne pouez croire

109 418 614 62 que si grãde tromperie ayt obtenu

107 462 613 66 ⁊ regne. Et en regardant la saincte

106 512 617 61 escripture plus en congnoistrez par

105 558 615 55 la reuelation de Dieu. Mais don¬

105 604 616 59 nez uous garde en la lisant/ que ne

105 648 615 63 la tirez a uostre sens/ la faisant ser

105 693 618 62 uir a uoz affections en foulant la

106 740 617 60 pasture des brebis/ la parolle de

107 785 614 52 Dieu/ qui est contenue en lescriptu

106 832 614 61 re/ ⁊ marchant sus aux piedz/ ou

105 876 615 63 que par icelle uous traictez cruelle

103 926 610 58 ment uoz freres/ troublant tout/

105 968 610 60 frappant de uoz cornes: Mais en

107 1014 613 62 usez a ce quelle est ordonnee/ pour

106 1061 615 50 donner honneur et gloire au seul

107 1104 612 64 Dieu/ sãs se arrester a aucune crea

106 1158 614 49 ture/ ne mettre le salut en autre que

107 1198 614 55 en Dieu/ sans estimer autre chose

109 1249 612 62 que luy. Faictes que tout uoꝰ serue

390 1297 326 60 A .iii. a charite/

723 175 131 62 ii.Thes

717 222 141 54 salo.ii.

720 264 134 54 Daniel

723 308 73 65 uiii.
