1085 1619
394 151 628 66 chascun eust faict comme on faisoit

395 196 618 68 en la primitiue eglise. Apres quon

392 248 621 60 auoit ouy la ꝑolle de Dieu/ ⁊ prins

392 288 620 66 le pain de benediction tous ensẽble

390 331 620 73 en la table de nostre Seigͬ/ chascun

390 380 623 66 alloit a son oeuure. Helas cõ-

388 433 625 62 bien de meschancete ordure ⁊ iniqͥte

390 473 616 66 eust on euite? Mais il a fallu q̃

390 520 615 64 Lantechrist ayt eu son regne: affin

390 566 620 68 que Iesus triumphast de luy cõme

387 611 625 66 de tous ceulx qͥ uiennẽt contre luy/

387 655 629 69 sur lesquelz il a estendu sa main for

385 708 621 63 te/ laquelle il ne retirera iusque a ce

388 750 617 71 quil ayt accomply tout ce quil a

391 798 166 61 propose.

427 839 578 73 ¶ De la cõfession enuers Dieu.

433 889 568 64 De la recõciliatiõ enuers le ꝓ-

434 934 564 72 chain. De la cõfessiõ au p̃bstre.

578 983 231 62 Chap̃.xxix.

547 1024 466 67 Onfession en lescripture

545 1073 454 62 est dõner gloire a Dieu/

543 1123 455 60 le magnifier ⁊ exaulcer/

551 1165 447 76 cõfessant sa bõte/ puissan

377 1210 226 86 ce et sagesse.

384 1013 169 210 C

796 1266 195 64 Pourtant

236 1038 139 73 Matth.

238 1092 54 49 xi.
