1085 1619
101 167 569 65 Pourtãt lhõe regardãt soymes¬

55 217 615 59 me ⁊ ses meffaictz/ il se condemne ⁊

55 260 618 55 iuge estre tout autre q̃ Dieu/ don¬

56 307 617 58 nant lhõneur a Dieu quil est bon ⁊

55 357 617 55 iuste/ ainsi q̃ lhõe est mauuais/ in¬

56 396 617 58 iuste ⁊ inique. Quãd en ceste sor

55 445 619 62 te humilie pour son peche/ regarde

56 492 620 58 ⁊ retourne a la bonte infinie. Dieu

56 539 618 61 mesprisãt les choses haultes ⁊ esle¬

58 582 620 62 uees/ dõnant grace aux humbles ⁊

58 631 618 58 deprimees/ par Iesuchrist pardõne

59 675 619 61 a cest hõme. Ainsi le sainct ꝓphete

59 723 615 60 Daniel a ꝯfesse a Dieu ses pechez

59 773 611 52 ⁊ ceulx du peuple. De ceste con¬

60 813 618 62 fession est pleine lescripture/ disant

60 860 571 58 quil nya rien pur ne net/ q̃ Dieu.

107 909 570 58 Il ya oultre cecy la recõciliatiõ

58 951 611 64 fraternelle/ quand on a offense son

59 999 618 62 prochain ⁊ quil en desplaict. Alors

59 1044 619 60 on uient demander pardon lung a

59 1090 617 60 lautre. Pourtant nostre Seigñr

62 1142 615 54 deffendant hayne ⁊ rancune/ nous

62 1184 616 58 cõmande quãd nostre frere (nous

58 1227 620 70 donnant a entẽdre q̃ nous sommes

578 1279 98 62 tous

682 719 122 72 Daniel

678 769 54 91 ix.
