<?xml version="1.0" encoding="UTF-8"?>
<alto xmlns:xsi="http://www.w3.org/2001/XMLSchema-instance"
      xmlns="http://www.loc.gov/standards/alto/ns-v4#"
      xsi:schemaLocation="http://www.loc.gov/standards/alto/ns-v4# http://www.loc.gov/standards/alto/v4/alto-4-2.xsd">
  <Description>
    <MeasurementUnit>pixel</MeasurementUnit>
    <sourceImageInformation>
      <fileName>93_2dbdc_default.jpg</fileName>
      <fileIdentifier>https://www.e-rara.ch/gep_g/i3f/v20/1954152/full/full/0/default.jpg</fileIdentifier>
    </sourceImageInformation>
  </Description>
  
  <Tags>
    <OtherTag ID="BT766" LABEL="DropCapitalZone" DESCRIPTION="block type DropCapitalZone"/><OtherTag ID="BT767" LABEL="MainZone" DESCRIPTION="block type MainZone"/><OtherTag ID="BT768" LABEL="MarginTextZone" DESCRIPTION="block type MarginTextZone"/><OtherTag ID="BT769" LABEL="NumberingZone" DESCRIPTION="block type NumberingZone"/><OtherTag ID="BT771" LABEL="RunningTitleZone" DESCRIPTION="block type RunningTitleZone"/><OtherTag ID="BT772" LABEL="StampZone" DESCRIPTION="block type StampZone"/><OtherTag ID="BT773" LABEL="TableZone" DESCRIPTION="block type TableZone"/><OtherTag ID="BT996" LABEL="TitlePageZone" DESCRIPTION="block type TitlePageZone"/><OtherTag ID="BT999" LABEL="GraphicZone" DESCRIPTION="block type GraphicZone"/><OtherTag ID="BT1359" LABEL="QuireMarksZone" DESCRIPTION="block type QuireMarksZone"/>
    <OtherTag ID="LT265" LABEL="HeadingLine" DESCRIPTION="line type HeadingLine"/><OtherTag ID="LT266" LABEL="DefaultLine" DESCRIPTION="line type DefaultLine"/><OtherTag ID="LT267" LABEL="DropCapitalLine" DESCRIPTION="line type DropCapitalLine"/>
  </Tags>
  
  <Layout>
    <Page WIDTH="1085"
          HEIGHT="1619"
          PHYSICAL_IMG_NR="93"
          ID="eSc_dummypage_">
      <PrintSpace HPOS="0"
                  VPOS="0"
                  WIDTH="1085"
                  HEIGHT="1619">
        
        <TextBlock HPOS="395"
                   VPOS="133"
                   WIDTH="640"
                   HEIGHT="1153"
                   ID="eSc_textblock_80088cdc"
                   TAGREFS="BT767">
          <Shape><Polygon POINTS="395 133 403 1286 1035 1261 1033 144"/></Shape>
          
          
          <TextLine ID="eSc_line_9d83c678"
                    TAGREFS="LT266"
                    BASELINE="404 188 1017 191" 
                    HPOS="403"
                    VPOS="145"
                    WIDTH="614"
                    HEIGHT="66">
            <Shape><Polygon POINTS="1010 149 997 145 983 145 970 145 956 145 943 145 929 145 916 145 902 145 889 145 875 145 869 145 860 149 858 152 807 152 802 149 790 145 781 145 767 145 757 145 736 149 730 151 726 149 713 145 713 145 700 145 686 145 673 145 665 145 641 149 636 151 511 151 508 149 500 145 497 145 484 145 481 145 477 149 476 149 464 145 457 145 443 145 430 145 426 145 404 148 404 188 403 205 411 210 412 210 414 210 415 211 495 211 495 210 496 210 497 210 497 209 504 202 519 210 520 210 522 211 651 211 651 210 653 210 654 210 654 209 662 202 666 198 735 198 743 202 753 207 754 207 755 207 757 207 767 202 773 199 777 202 786 211 788 211 789 211 790 211 792 211 813 203 823 199 881 199 887 203 900 211 901 211 902 211 904 211 905 211 932 203 947 199 1014 203 1017 191 1017 153 1010 149"/></Shape>
	    <String CONTENT="toꝰ freres/ ayãt ung pere celestiel)"
                    HPOS="403"
                    VPOS="145"
                    WIDTH="614"
                    HEIGHT="66"></String>
          </TextLine>

          
          
          <TextLine ID="eSc_line_fed9b078"
                    TAGREFS="LT266"
                    BASELINE="406 237 1017 233" 
                    HPOS="404"
                    VPOS="192"
                    WIDTH="613"
                    HEIGHT="61">
            <Shape><Polygon POINTS="406 237 406 245 415 252 416 252 418 252 419 253 456 253 456 252 457 252 458 252 458 250 466 244 502 252 503 253 608 253 608 252 609 252 611 252 611 250 619 242 634 242 650 242 651 242 674 250 676 250 677 250 678 250 680 250 689 242 690 242 759 242 773 250 774 250 775 250 777 250 778 250 812 241 815 241 817 241 844 249 846 249 847 249 848 249 869 242 958 249 959 249 960 249 962 249 972 241 1016 241 1017 233 1014 201 813 192 812 192 811 192 809 192 798 202 797 203 716 203 624 203 616 195 615 195 614 195 612 195 611 195 609 195 609 196 608 196 603 203 603 205 568 205 529 205 502 195 500 195 499 195 497 195 496 195 496 196 488 203 445 196 443 196 404 205 406 237"/></Shape>
	    <String CONTENT="a peche contre nous/ ⁊ il sen repẽt/"
                    HPOS="404"
                    VPOS="192"
                    WIDTH="613"
                    HEIGHT="61"></String>
          </TextLine>

          
          
          <TextLine ID="eSc_line_03371354"
                    TAGREFS="LT266"
                    BASELINE="406 286 1021 281" 
                    HPOS="404"
                    VPOS="237"
                    WIDTH="617"
                    HEIGHT="63">
            <Shape><Polygon POINTS="406 286 406 295 412 300 414 300 415 300 416 300 418 300 449 291 452 291 462 291 587 300 588 300 589 300 614 290 657 290 753 290 765 299 766 299 767 299 769 300 812 300 812 299 813 299 835 288 878 295 879 295 927 288 940 298 941 298 943 298 944 298 990 291 1006 298 1008 298 1009 298 1010 298 1012 298 1012 296 1021 287 1021 281 1020 246 993 237 991 237 990 237 941 245 933 238 933 237 932 237 931 237 885 237 883 237 882 237 881 237 869 245 759 238 758 238 757 238 755 238 755 240 747 246 701 240 700 240 651 246 635 238 634 238 632 238 631 238 605 248 461 240 460 240 404 249 406 286"/></Shape>
	    <String CONTENT="noꝰ luy deuons pardõner. Et affin"
                    HPOS="404"
                    VPOS="237"
                    WIDTH="617"
                    HEIGHT="63"></String>
          </TextLine>

          
          
          <TextLine ID="eSc_line_a672b05a"
                    TAGREFS="LT266"
                    BASELINE="410 331 1028 326" 
                    HPOS="408"
                    VPOS="284"
                    WIDTH="620"
                    HEIGHT="62">
            <Shape><Polygon POINTS="410 331 410 338 547 346 549 346 550 346 551 346 565 337 566 337 572 337 626 345 627 345 628 345 657 338 697 345 699 345 700 345 701 345 711 337 750 344 751 344 753 344 766 337 775 344 777 344 778 344 780 345 862 345 862 344 863 344 889 334 914 341 916 341 917 341 1028 331 1028 326 1022 284 990 292 914 287 881 284 879 284 878 284 877 284 877 286 874 287 866 294 750 291 624 287 623 287 622 287 620 287 614 294 611 295 600 294 545 288 543 288 542 288 541 288 531 296 530 296 518 296 426 291 425 291 423 291 408 296 410 331"/></Shape>
	    <String CONTENT="que nous ne laissons a pardõner/ il"
                    HPOS="408"
                    VPOS="284"
                    WIDTH="620"
                    HEIGHT="62"></String>
          </TextLine>

          
          
          <TextLine ID="eSc_line_90123de3"
                    TAGREFS="LT266"
                    BASELINE="411 380 1026 372" 
                    HPOS="410"
                    VPOS="329"
                    WIDTH="616"
                    HEIGHT="67">
            <Shape><Polygon POINTS="411 380 411 396 497 385 514 393 515 393 516 395 615 395 615 393 616 393 631 389 651 385 673 389 694 392 696 392 697 392 712 388 732 381 758 387 777 389 778 389 801 385 824 380 850 383 877 387 878 387 879 387 881 387 885 383 889 379 946 379 948 380 952 384 952 385 954 385 955 385 956 385 958 385 959 385 966 380 968 379 1025 379 1026 372 1024 331 932 329 931 329 929 329 928 329 928 330 924 333 919 341 866 341 856 335 847 330 846 330 844 330 843 330 842 330 833 335 827 341 777 341 757 338 717 331 716 331 715 331 686 339 681 341 674 339 649 335 647 335 609 342 595 344 574 342 477 335 476 335 410 346 411 380"/></Shape>
	    <String CONTENT="ueult que en priãt nous damãdõs"
                    HPOS="410"
                    VPOS="329"
                    WIDTH="616"
                    HEIGHT="67"></String>
          </TextLine>

          
          
          <TextLine ID="eSc_line_dac1447a"
                    TAGREFS="LT266"
                    BASELINE="410 425 425 426 426 423 1028 419" 
                    HPOS="407"
                    VPOS="377"
                    WIDTH="619"
                    HEIGHT="65">
            <Shape><Polygon POINTS="408 424 408 442 442 441 443 441 445 441 445 439 453 433 473 439 475 439 476 439 477 439 506 431 515 439 515 441 516 441 518 441 519 441 530 439 581 431 607 438 615 439 616 439 618 441 721 441 721 439 723 439 734 434 743 430 762 434 774 435 775 435 789 433 808 429 838 429 840 431 846 435 846 437 847 437 848 437 850 437 851 437 852 437 859 431 860 429 867 430 889 437 890 437 892 437 893 437 921 429 925 429 929 429 990 438 991 438 993 438 1026 426 1026 418 1024 385 852 377 851 377 850 377 833 385 820 377 819 377 817 377 816 377 815 377 813 377 813 379 804 387 802 387 798 387 750 379 748 379 747 379 746 379 738 387 736 388 666 388 666 387 649 379 647 379 646 379 609 388 604 388 589 388 477 380 476 380 475 380 473 380 460 388 458 389 407 389 408 424"/></Shape>
	    <String CONTENT="pardon a nostre pere/ ainsi q̃ uraye"
                    HPOS="407"
                    VPOS="377"
                    WIDTH="619"
                    HEIGHT="65"></String>
          </TextLine>

          
          
          <TextLine ID="eSc_line_409dbef6"
                    TAGREFS="LT266"
                    BASELINE="410 472 1028 464" 
                    HPOS="408"
                    VPOS="423"
                    WIDTH="620"
                    HEIGHT="62">
            <Shape><Polygon POINTS="410 472 410 477 491 485 492 485 493 485 511 476 514 476 562 476 923 480 924 480 925 480 952 470 955 470 1026 470 1028 464 1026 431 1008 423 1006 423 1005 423 920 431 904 423 902 423 901 423 900 423 898 423 889 431 866 423 865 423 863 423 862 423 844 431 831 423 829 423 828 423 827 423 825 423 805 433 728 424 727 424 726 424 724 424 724 426 713 434 457 429 456 429 408 438 410 472"/></Shape>
	    <String CONTENT="mẽt pardõnons. Car ainsi q̃ nous"
                    HPOS="408"
                    VPOS="423"
                    WIDTH="620"
                    HEIGHT="62"></String>
          </TextLine>

          
          
          <TextLine ID="eSc_line_6e0b795b"
                    TAGREFS="LT266"
                    BASELINE="411 519 1028 509" 
                    HPOS="410"
                    VPOS="465"
                    WIDTH="618"
                    HEIGHT="70">
            <Shape><Polygon POINTS="1004 465 994 465 968 473 939 468 937 468 873 474 847 477 802 477 800 473 792 468 788 468 782 468 769 473 759 477 742 473 715 468 707 469 704 469 688 473 666 480 608 480 599 473 595 470 585 470 584 470 576 473 554 480 410 473 411 519 411 535 489 535 489 534 500 531 531 524 565 530 570 530 572 530 573 530 574 530 588 523 616 528 636 531 638 531 665 527 678 524 690 526 723 530 724 530 726 530 727 530 734 524 735 523 743 524 770 528 771 528 833 522 856 519 870 520 936 527 937 527 939 527 959 518 1009 524 1010 524 1012 524 1028 515 1028 509 1026 474 1006 465 1004 465"/></Shape>
	    <String CONTENT="faisons il nous sera faict/ nous cõ-"
                    HPOS="410"
                    VPOS="465"
                    WIDTH="618"
                    HEIGHT="70"></String>
          </TextLine>

          
          
          <TextLine ID="eSc_line_13d5f8fb"
                    TAGREFS="LT266"
                    BASELINE="411 565 1028 558" 
                    HPOS="410"
                    VPOS="516"
                    WIDTH="618"
                    HEIGHT="62">
            <Shape><Polygon POINTS="411 565 411 570 531 578 533 578 576 570 584 577 585 577 587 577 588 577 589 577 619 570 655 577 657 577 658 577 686 569 688 569 689 569 778 576 780 576 781 576 782 576 794 567 797 566 812 567 874 574 875 574 877 574 878 574 889 566 890 566 908 573 909 573 910 573 912 573 913 573 921 566 924 565 951 565 952 566 959 572 959 573 960 573 962 573 963 573 1026 565 1028 558 1024 516 900 524 816 520 773 519 771 519 770 519 763 522 754 526 744 523 734 519 732 519 731 519 696 523 680 526 677 524 673 520 673 519 672 519 670 519 669 519 668 519 657 524 651 527 604 526 492 522 491 522 410 530 411 565"/></Shape>
	    <String CONTENT="mandant sus tout charite ⁊ prõpti"
                    HPOS="410"
                    VPOS="516"
                    WIDTH="618"
                    HEIGHT="62"></String>
          </TextLine>

          
          
          <TextLine ID="eSc_line_f1246aa7"
                    TAGREFS="LT266"
                    BASELINE="411 611 1028 603" 
                    HPOS="410"
                    VPOS="561"
                    WIDTH="618"
                    HEIGHT="65">
            <Shape><Polygon POINTS="863 561 862 561 852 565 843 569 817 566 786 562 785 562 784 562 782 562 782 563 778 566 774 570 757 567 724 562 723 562 721 562 720 562 720 563 713 569 709 572 682 569 615 563 614 563 612 563 595 572 593 573 511 574 508 574 477 566 476 566 475 566 438 573 431 567 431 566 430 566 429 566 427 566 426 566 410 574 411 611 411 617 585 626 587 626 588 626 614 616 616 615 623 615 680 624 681 624 682 624 701 616 769 623 770 623 894 613 916 621 917 621 919 621 920 621 921 621 921 620 932 611 935 611 963 620 964 620 966 620 1026 609 1028 603 1024 561 923 567 890 563 865 561 863 561"/></Shape>
	    <String CONTENT="tude a pardõner. Tellemẽt q̃ nous"
                    HPOS="410"
                    VPOS="561"
                    WIDTH="618"
                    HEIGHT="65"></String>
          </TextLine>

          
          
          <TextLine ID="eSc_line_2048bc3a"
                    TAGREFS="LT266"
                    BASELINE="410 655 1029 651" 
                    HPOS="408"
                    VPOS="609"
                    WIDTH="621"
                    HEIGHT="61">
            <Shape><Polygon POINTS="410 655 410 663 542 670 543 670 605 663 628 661 645 663 680 669 681 670 762 670 762 669 763 669 765 669 771 662 774 661 785 662 812 666 813 666 815 666 828 662 838 659 995 659 999 661 1008 667 1009 667 1010 667 1012 667 1013 667 1029 661 1029 651 1025 609 967 617 866 612 854 612 852 612 831 613 731 619 707 616 682 612 681 612 680 612 669 616 662 619 650 616 626 612 624 612 623 612 622 612 615 617 609 620 558 619 418 613 416 613 415 613 414 613 408 616 410 655"/></Shape>
	    <String CONTENT="deuons tout laisser pour nous recõ"
                    HPOS="408"
                    VPOS="609"
                    WIDTH="621"
                    HEIGHT="61"></String>
          </TextLine>

          
          
          <TextLine ID="eSc_line_21151d05"
                    TAGREFS="LT266"
                    BASELINE="415 697 1029 697" 
                    HPOS="414"
                    VPOS="655"
                    WIDTH="614"
                    HEIGHT="64">
            <Shape><Polygon POINTS="414 696 414 717 524 709 539 716 543 717 545 717 546 719 623 719 623 717 624 717 626 717 628 715 634 711 646 713 661 717 662 717 663 717 665 717 666 717 670 713 674 711 678 713 682 717 684 717 685 717 686 717 688 717 701 713 715 709 736 712 771 717 773 717 774 717 786 712 793 708 798 711 804 715 805 715 807 715 808 715 809 715 811 715 811 713 813 711 817 708 859 708 866 711 885 717 886 717 887 717 889 717 890 717 890 716 897 709 900 708 909 709 943 715 944 715 1028 706 1028 696 1026 658 995 665 967 658 954 655 952 655 951 655 936 659 921 662 904 659 879 655 878 655 855 659 833 665 828 661 824 657 824 655 823 655 821 655 767 655 766 655 765 655 763 655 754 661 747 666 686 666 680 662 668 657 666 657 665 657 663 657 662 657 662 658 657 662 654 666 623 666 618 663 600 655 599 655 597 655 596 655 595 655 584 663 581 666 475 666 473 665 439 655 438 655 437 655 435 655 414 665 414 696"/></Shape>
	    <String CONTENT="cilier a nostre frere. Cõme il dõne a"
                    HPOS="414"
                    VPOS="655"
                    WIDTH="614"
                    HEIGHT="64"></String>
          </TextLine>

          
          
          <TextLine ID="eSc_line_f6378490"
                    TAGREFS="LT266"
                    BASELINE="411 747 1026 743" 
                    HPOS="410"
                    VPOS="700"
                    WIDTH="616"
                    HEIGHT="63">
            <Shape><Polygon POINTS="411 747 411 755 500 755 502 755 515 762 516 762 518 762 558 755 570 754 578 755 595 760 596 760 597 760 599 760 609 755 616 752 636 756 663 760 665 760 666 760 674 756 678 754 682 756 690 762 692 762 693 762 694 763 747 763 747 762 775 756 798 752 808 756 817 762 819 762 820 762 846 758 875 751 885 758 887 760 889 760 890 760 892 760 893 760 900 758 912 751 921 758 925 760 927 760 928 760 929 760 944 758 979 751 1024 758 1026 743 1022 708 970 708 968 708 954 700 952 700 951 700 950 700 921 708 920 708 897 700 896 700 894 700 893 700 860 708 820 700 819 700 777 701 775 701 774 701 774 702 766 709 766 711 720 711 688 711 669 701 668 701 666 701 665 701 645 711 605 711 595 711 582 702 581 702 580 702 578 702 577 702 547 711 535 702 534 702 533 702 531 702 489 709 479 702 477 702 476 702 475 702 410 712 411 747"/></Shape>
	    <String CONTENT="entendre de celuy qui offre son don"
                    HPOS="410"
                    VPOS="700"
                    WIDTH="616"
                    HEIGHT="63"></String>
          </TextLine>

          
          
          <TextLine ID="eSc_line_edda725e"
                    TAGREFS="LT266"
                    BASELINE="412 797 1032 790" 
                    HPOS="411"
                    VPOS="746"
                    WIDTH="621"
                    HEIGHT="66">
            <Shape><Polygon POINTS="412 797 412 808 500 812 502 812 526 806 543 802 549 806 553 810 554 810 555 810 557 810 585 806 599 804 607 805 627 810 628 810 630 810 631 810 650 805 662 801 669 805 676 809 677 809 678 809 680 809 727 804 751 801 757 804 770 809 771 809 773 809 774 809 775 809 775 808 782 802 786 800 820 802 892 808 893 808 894 808 896 808 904 801 908 798 924 801 955 805 956 805 1032 798 1032 790 1029 755 977 747 975 747 935 754 916 746 914 746 913 746 912 746 910 746 910 747 901 755 870 747 869 747 867 747 866 747 848 756 771 756 753 748 751 748 750 748 748 748 728 758 611 758 603 751 603 750 601 750 600 750 537 750 535 750 534 750 511 759 437 751 435 751 434 751 411 760 412 797"/></Shape>
	    <String CONTENT="a lautel. Car en ce tẽps quil cõmẽca"
                    HPOS="411"
                    VPOS="746"
                    WIDTH="621"
                    HEIGHT="66"></String>
          </TextLine>

          
          
          <TextLine ID="eSc_line_fc28700f"
                    TAGREFS="LT266"
                    BASELINE="411 843 1028 836" 
                    HPOS="410"
                    VPOS="794"
                    WIDTH="618"
                    HEIGHT="62">
            <Shape><Polygon POINTS="411 843 411 854 654 856 655 856 694 849 709 847 717 849 738 855 739 855 740 855 742 855 769 848 781 845 793 848 828 854 829 854 831 854 832 854 832 852 839 847 839 845 842 847 851 851 852 851 854 851 1026 843 1028 836 1024 794 894 802 815 798 742 796 740 796 739 796 738 796 738 797 734 801 730 804 708 801 657 796 655 796 654 796 639 804 635 805 614 804 533 797 531 797 472 806 434 800 433 800 431 800 410 806 411 843"/></Shape>
	    <String CONTENT="a prescher en Ierusalem ⁊ es enui-"
                    HPOS="410"
                    VPOS="794"
                    WIDTH="618"
                    HEIGHT="62"></String>
          </TextLine>

          
          
          <TextLine ID="eSc_line_8ab72ab1"
                    TAGREFS="LT266"
                    BASELINE="410 889 1029 883" 
                    HPOS="408"
                    VPOS="839"
                    WIDTH="621"
                    HEIGHT="64">
            <Shape><Polygon POINTS="410 889 410 894 462 901 464 901 495 894 496 894 497 894 531 903 533 903 534 903 535 903 537 903 537 902 546 894 654 902 655 902 657 902 678 893 747 901 748 901 750 901 751 901 751 899 761 891 786 891 788 891 798 901 800 901 801 901 802 902 829 902 829 901 831 901 832 901 843 891 874 898 875 898 929 890 932 890 947 899 948 899 950 899 951 899 952 899 978 893 995 899 997 899 998 899 999 899 1029 889 1029 883 1024 839 995 847 923 840 912 840 910 840 902 841 860 848 852 841 851 841 850 841 848 841 836 843 785 848 761 844 744 841 743 841 742 841 731 844 716 849 708 845 705 843 704 843 703 843 701 843 668 845 632 849 623 847 608 843 607 843 605 843 604 843 603 843 596 848 591 849 554 848 439 844 438 844 408 851 410 889"/></Shape>
	    <String CONTENT="rõs/ on ne faisoit estime de riẽ sinõ"
                    HPOS="408"
                    VPOS="839"
                    WIDTH="621"
                    HEIGHT="64"></String>
          </TextLine>

          
          
          <TextLine ID="eSc_line_39fde459"
                    TAGREFS="LT266"
                    BASELINE="415 936 546 933 1031 928" 
                    HPOS="412"
                    VPOS="885"
                    WIDTH="617"
                    HEIGHT="62">
            <Shape><Polygon POINTS="414 934 414 940 612 947 614 947 689 939 750 945 751 945 753 945 777 937 865 944 866 944 867 944 869 944 869 943 870 943 875 936 935 943 936 943 1029 933 1029 926 1025 885 981 893 946 886 944 886 908 893 882 886 881 886 879 886 878 886 877 886 875 886 856 894 788 887 784 887 782 887 781 887 780 887 753 895 707 889 705 889 704 889 703 889 630 897 412 893 414 934"/></Shape>
	    <String CONTENT="de donner ⁊ offrir au temple. Ainsi"
                    HPOS="412"
                    VPOS="885"
                    WIDTH="617"
                    HEIGHT="62"></String>
          </TextLine>

          
          
          <TextLine ID="eSc_line_ba2a9f08"
                    TAGREFS="LT266"
                    BASELINE="411 980 1029 975" 
                    HPOS="410"
                    VPOS="932"
                    WIDTH="619"
                    HEIGHT="62">
            <Shape><Polygon POINTS="411 980 411 990 484 986 507 988 541 994 542 994 543 994 557 988 568 984 634 984 651 987 689 992 690 992 692 992 719 986 730 983 739 986 757 991 758 991 759 991 761 991 762 991 771 984 777 983 820 984 986 990 987 990 1028 980 1029 975 1026 940 936 932 935 932 933 932 932 932 932 933 925 940 883 940 875 932 874 932 873 932 871 932 870 932 869 932 858 940 856 940 850 940 785 933 784 933 735 940 731 940 721 933 720 933 719 933 717 933 716 933 715 933 707 940 705 941 703 940 690 934 689 934 688 934 686 934 672 940 668 941 661 940 632 934 631 934 630 934 611 940 605 941 410 941 411 980"/></Shape>
	    <String CONTENT="auoit surmõte la doctrine des Pha"
                    HPOS="410"
                    VPOS="932"
                    WIDTH="619"
                    HEIGHT="62"></String>
          </TextLine>

          
          
          <TextLine ID="eSc_line_1ace5f01"
                    TAGREFS="LT266"
                    BASELINE="412 1026 1031 1021" 
                    HPOS="411"
                    VPOS="979"
                    WIDTH="620"
                    HEIGHT="59">
            <Shape><Polygon POINTS="412 1026 412 1033 558 1038 560 1038 561 1038 562 1038 562 1037 564 1037 568 1032 569 1029 771 1029 784 1029 850 1036 851 1036 963 1028 970 1028 971 1028 986 1034 987 1034 989 1034 1029 1026 1031 1021 1028 983 805 979 804 979 771 986 770 986 769 986 750 979 748 979 747 979 746 979 720 987 716 987 707 987 641 980 639 980 593 987 566 980 565 980 564 980 495 988 453 982 452 982 411 990 412 1026"/></Shape>
	    <String CONTENT="risiẽs pleins dauarice qͥlz ne crioiẽt"
                    HPOS="411"
                    VPOS="979"
                    WIDTH="620"
                    HEIGHT="59"></String>
          </TextLine>

          
          
          <TextLine ID="eSc_line_85e92c64"
                    TAGREFS="LT266"
                    BASELINE="411 1076 1028 1068" 
                    HPOS="408"
                    VPOS="1021"
                    WIDTH="618"
                    HEIGHT="66">
            <Shape><Polygon POINTS="975 1021 937 1029 898 1022 897 1022 896 1022 894 1022 881 1030 820 1024 819 1024 817 1024 816 1024 816 1025 815 1025 809 1033 753 1033 739 1024 738 1024 736 1024 735 1024 674 1025 673 1025 672 1025 672 1026 663 1033 562 1026 561 1026 527 1033 512 1026 511 1026 510 1026 408 1037 410 1075 410 1084 662 1076 689 1086 696 1087 697 1087 699 1087 700 1087 701 1087 704 1084 720 1075 767 1075 780 1084 780 1086 781 1086 782 1086 784 1086 785 1086 788 1084 812 1075 839 1084 840 1084 842 1086 878 1086 878 1084 879 1084 881 1084 881 1083 887 1077 893 1083 893 1084 894 1084 896 1084 897 1084 906 1084 989 1076 1024 1083 1026 1067 1024 1030 977 1021 975 1021"/></Shape>
	    <String CONTENT="que Corbã/ corbã/ don/ don/ faisãtz"
                    HPOS="408"
                    VPOS="1021"
                    WIDTH="618"
                    HEIGHT="66"></String>
          </TextLine>

          
          
          <TextLine ID="eSc_line_9ae72c4d"
                    TAGREFS="LT266"
                    BASELINE="414 1115 1029 1115" 
                    HPOS="414"
                    VPOS="1072"
                    WIDTH="615"
                    HEIGHT="63">
            <Shape><Polygon POINTS="414 1115 414 1135 512 1135 512 1134 514 1134 516 1133 534 1125 555 1133 561 1134 562 1134 564 1134 584 1131 635 1125 651 1130 661 1134 662 1134 663 1135 730 1135 730 1134 731 1134 742 1129 751 1125 870 1125 874 1126 879 1131 881 1131 882 1131 883 1131 885 1131 908 1126 914 1125 921 1126 964 1134 966 1134 967 1134 968 1134 978 1126 1006 1131 1008 1131 1009 1131 1029 1123 1029 1115 1028 1076 840 1079 832 1076 816 1072 815 1072 813 1072 753 1077 731 1079 726 1077 711 1072 709 1072 708 1072 707 1072 688 1077 684 1079 678 1077 661 1072 659 1072 658 1072 622 1077 616 1079 615 1079 609 1073 609 1072 608 1072 607 1072 527 1072 526 1072 524 1072 523 1072 516 1079 515 1080 414 1080 414 1115"/></Shape>
	    <String CONTENT="quon laissoit de secourir a pere et a"
                    HPOS="414"
                    VPOS="1072"
                    WIDTH="615"
                    HEIGHT="63"></String>
          </TextLine>

          
          
          <TextLine ID="eSc_line_575b4d49"
                    TAGREFS="LT266"
                    BASELINE="414 1164 1028 1158" 
                    HPOS="412"
                    VPOS="1117"
                    WIDTH="616"
                    HEIGHT="62">
            <Shape><Polygon POINTS="898 1117 885 1117 882 1117 862 1123 859 1125 858 1123 850 1117 844 1117 831 1117 817 1117 804 1117 792 1117 769 1125 713 1126 668 1126 666 1126 657 1118 657 1117 655 1117 654 1117 642 1117 628 1117 620 1117 619 1117 618 1117 599 1127 492 1127 472 1119 470 1119 469 1119 412 1129 414 1164 414 1172 457 1177 458 1177 460 1177 477 1172 488 1169 492 1172 499 1177 500 1177 502 1177 503 1179 546 1179 546 1177 547 1177 549 1177 549 1176 553 1172 557 1168 651 1168 668 1172 681 1176 682 1176 684 1176 685 1176 686 1176 686 1175 690 1172 694 1167 782 1167 797 1172 805 1175 807 1175 808 1175 823 1172 840 1168 858 1172 870 1175 871 1175 873 1175 933 1173 935 1173 936 1173 936 1172 937 1172 943 1165 955 1172 959 1173 960 1173 962 1173 1026 1171 1028 1158 1024 1122 937 1123 932 1122 905 1117 898 1117"/></Shape>
	    <String CONTENT="mere pour dõner au tẽple/ sans re-"
                    HPOS="412"
                    VPOS="1117"
                    WIDTH="616"
                    HEIGHT="62"></String>
          </TextLine>

          
          
          <TextLine ID="eSc_line_92beac0f"
                    TAGREFS="LT266"
                    BASELINE="409 1210 591 1210 1033 1207" 
                    HPOS="407"
                    VPOS="1158"
                    WIDTH="625"
                    HEIGHT="68">
            <Shape><Polygon POINTS="939 1158 887 1167 865 1169 854 1167 833 1160 832 1160 831 1160 829 1160 828 1160 820 1167 817 1169 811 1167 792 1160 790 1160 789 1160 750 1168 742 1169 739 1168 730 1160 717 1161 704 1161 690 1161 682 1161 666 1168 661 1171 653 1169 627 1161 626 1161 624 1161 623 1161 622 1161 622 1162 615 1169 612 1171 599 1169 553 1164 551 1164 519 1171 515 1171 514 1171 496 1162 488 1162 485 1162 473 1171 472 1172 407 1172 408 1208 408 1226 461 1226 461 1225 462 1225 464 1225 477 1216 574 1222 628 1225 630 1225 651 1220 676 1215 684 1219 686 1222 688 1222 689 1222 690 1222 705 1219 724 1215 732 1219 742 1223 743 1223 744 1223 808 1216 819 1216 821 1216 844 1223 846 1223 847 1223 848 1223 879 1215 882 1215 883 1215 894 1220 896 1220 897 1220 991 1214 994 1214 1013 1220 1014 1220 1016 1220 1017 1220 1032 1212 1032 1206 1028 1165 989 1168 974 1165 940 1158 939 1158"/></Shape>
	    <String CONTENT="garder q̃ nostre Seigñr ueult beni-"
                    HPOS="407"
                    VPOS="1158"
                    WIDTH="625"
                    HEIGHT="68"></String>
          </TextLine>

          
          
          <TextLine ID="eSc_line_8723b107"
                    TAGREFS="LT266"
                    BASELINE="414 1258 1026 1252" 
                    HPOS="412"
                    VPOS="1208"
                    WIDTH="614"
                    HEIGHT="85">
            <Shape><Polygon POINTS="951 1208 900 1216 821 1210 820 1210 819 1210 817 1210 807 1216 704 1211 703 1211 672 1218 658 1211 657 1211 655 1211 654 1211 638 1219 616 1212 615 1212 614 1212 523 1220 475 1214 473 1214 412 1222 414 1258 414 1276 453 1285 454 1285 456 1285 487 1277 516 1292 518 1292 519 1292 520 1292 549 1284 578 1293 580 1293 581 1293 582 1293 634 1279 658 1279 680 1292 681 1292 682 1292 684 1292 831 1279 843 1289 843 1291 844 1291 846 1291 847 1292 883 1292 883 1291 885 1291 914 1283 929 1288 931 1288 932 1288 933 1288 935 1288 954 1270 1026 1269 1026 1252 1024 1216 952 1208 951 1208"/></Shape>
	    <String CONTENT="gnite ⁊ misericorde/ ⁊ non sacrifice/"
                    HPOS="412"
                    VPOS="1208"
                    WIDTH="614"
                    HEIGHT="85"></String>
          </TextLine>

          
        </TextBlock>
        
        <TextBlock HPOS="928"
                   VPOS="1261"
                   WIDTH="105"
                   HEIGHT="50"
                   ID="eSc_textblock_4166df61"
                   TAGREFS="BT1359">
          <Shape><Polygon POINTS="928 1269 928 1311 1033 1311 1033 1261"/></Shape>
          
          
          <TextLine ID="eSc_line_84d603c0"
                    TAGREFS="LT266"
                    BASELINE="933 1301 1029 1301" 
                    HPOS="933"
                    VPOS="1250"
                    WIDTH="96"
                    HEIGHT="66">
            <Shape><Polygon POINTS="1014 1253 1001 1253 987 1253 974 1253 964 1253 948 1269 948 1270 941 1270 933 1293 933 1301 933 1310 1028 1316 1029 1301 1029 1265 1014 1250 1014 1253"/></Shape>
	    <String CONTENT="et la"
                    HPOS="933"
                    VPOS="1250"
                    WIDTH="96"
                    HEIGHT="66"></String>
          </TextLine>

          
        </TextBlock>
        
        <TextBlock HPOS="257"
                   VPOS="143"
                   WIDTH="112"
                   HEIGHT="95"
                   ID="eSc_textblock_8be1c193"
                   TAGREFS="BT768">
          <Shape><Polygon POINTS="257 143 257 238 369 238 369 143"/></Shape>
          
          
          <TextLine ID="eSc_line_098e5ea5"
                    TAGREFS="LT266"
                    BASELINE="269 186 345 183" 
                    HPOS="267"
                    VPOS="140"
                    WIDTH="78"
                    HEIGHT="54">
            <Shape><Polygon POINTS="336 159 322 156 309 152 295 149 280 147 279 141 267 140 269 186 269 194 345 194 345 183 337 159 336 159"/></Shape>
	    <String CONTENT="Luc"
                    HPOS="267"
                    VPOS="140"
                    WIDTH="78"
                    HEIGHT="54"></String>
          </TextLine>

          
          
          <TextLine ID="eSc_line_3b360951"
                    TAGREFS="LT266"
                    BASELINE="271 229 361 226" 
                    HPOS="268"
                    VPOS="184"
                    WIDTH="93"
                    HEIGHT="64">
            <Shape><Polygon POINTS="271 229 271 241 319 236 334 246 336 248 337 248 338 248 340 248 361 246 361 226 357 184 268 188 271 229"/></Shape>
	    <String CONTENT="xuiii."
                    HPOS="268"
                    VPOS="184"
                    WIDTH="93"
                    HEIGHT="64"></String>
          </TextLine>

          
        </TextBlock>
        
        <TextBlock HPOS="264"
                   VPOS="368"
                   WIDTH="140"
                   HEIGHT="102"
                   ID="eSc_textblock_2db273e0"
                   TAGREFS="BT768">
          <Shape><Polygon POINTS="264 368 264 470 404 470 404 368"/></Shape>
          
          
          <TextLine ID="eSc_line_c737730e"
                    TAGREFS="LT266"
                    BASELINE="270 421 408 421" 
                    HPOS="269"
                    VPOS="365"
                    WIDTH="138"
                    HEIGHT="64">
            <Shape><Polygon POINTS="269 420 269 429 407 427 407 420 407 372 269 365 269 420"/></Shape>
	    <String CONTENT="Matth."
                    HPOS="269"
                    VPOS="365"
                    WIDTH="138"
                    HEIGHT="64"></String>
          </TextLine>

          
          
          <TextLine ID="eSc_line_0dca3071"
                    TAGREFS="LT266"
                    BASELINE="273 456 325 453" 
                    HPOS="272"
                    VPOS="419"
                    WIDTH="53"
                    HEIGHT="43">
            <Shape><Polygon POINTS="272 450 273 456 273 462 325 461 325 453 321 422 302 419 300 419 299 419 279 429 272 450"/></Shape>
	    <String CONTENT="ui."
                    HPOS="272"
                    VPOS="419"
                    WIDTH="53"
                    HEIGHT="43"></String>
          </TextLine>

          
        </TextBlock>
        
        <TextBlock HPOS="267"
                   VPOS="652"
                   WIDTH="134"
                   HEIGHT="100"
                   ID="eSc_textblock_c5c7868e"
                   TAGREFS="BT768">
          <Shape><Polygon POINTS="267 652 267 752 401 752 401 652"/></Shape>
          
          
          <TextLine ID="eSc_line_7de3a4a7"
                    TAGREFS="LT266"
                    BASELINE="273 707 407 707" 
                    HPOS="272"
                    VPOS="651"
                    WIDTH="134"
                    HEIGHT="69">
            <Shape><Polygon POINTS="272 706 272 713 404 720 406 706 406 654 272 651 272 706"/></Shape>
	    <String CONTENT="Matth."
                    HPOS="272"
                    VPOS="651"
                    WIDTH="134"
                    HEIGHT="69"></String>
          </TextLine>

          
          
          <TextLine ID="eSc_line_ab1b1cda"
                    TAGREFS="LT266"
                    BASELINE="275 742 310 742" 
                    HPOS="273"
                    VPOS="708"
                    WIDTH="36"
                    HEIGHT="42">
            <Shape><Polygon POINTS="300 708 287 708 273 708 273 740 273 748 307 750 309 740 309 708 300 708"/></Shape>
	    <String CONTENT="u."
                    HPOS="273"
                    VPOS="708"
                    WIDTH="36"
                    HEIGHT="42"></String>
          </TextLine>

          
        </TextBlock>
        
        <TextBlock HPOS="262"
                   VPOS="889"
                   WIDTH="139"
                   HEIGHT="90"
                   ID="eSc_textblock_8ca99f75"
                   TAGREFS="BT768">
          <Shape><Polygon POINTS="262 889 262 979 401 979 401 889"/></Shape>
          
          
          <TextLine ID="eSc_line_19fda6bd"
                    TAGREFS="LT266"
                    BASELINE="272 935 407 932" 
                    HPOS="268"
                    VPOS="871"
                    WIDTH="138"
                    HEIGHT="70">
            <Shape><Polygon POINTS="271 934 271 941 325 936 404 941 406 930 403 879 345 871 344 871 342 871 321 881 303 875 302 875 300 875 268 882 271 934"/></Shape>
	    <String CONTENT="Matth."
                    HPOS="268"
                    VPOS="871"
                    WIDTH="138"
                    HEIGHT="70"></String>
          </TextLine>

          
          
          <TextLine ID="eSc_line_91d9f519"
                    TAGREFS="LT266"
                    BASELINE="275 974 333 971" 
                    HPOS="272"
                    VPOS="928"
                    WIDTH="61"
                    HEIGHT="59">
            <Shape><Polygon POINTS="326 929 314 928 272 932 275 974 275 987 333 983 333 971 327 929 326 929"/></Shape>
	    <String CONTENT="xu."
                    HPOS="272"
                    VPOS="928"
                    WIDTH="61"
                    HEIGHT="59"></String>
          </TextLine>

          
        </TextBlock>
        
        <TextBlock HPOS="262"
                   VPOS="1024"
                   WIDTH="127"
                   HEIGHT="87"
                   ID="eSc_textblock_61a7fa17"
                   TAGREFS="BT768">
          <Shape><Polygon POINTS="262 1024 262 1111 389 1111 389 1024"/></Shape>
          
          
          <TextLine ID="eSc_line_79e23109"
                    TAGREFS="LT266"
                    BASELINE="272 1072 384 1071" 
                    HPOS="269"
                    VPOS="1018"
                    WIDTH="114"
                    HEIGHT="62">
            <Shape><Polygon POINTS="271 1071 271 1075 380 1080 383 1069 380 1025 313 1018 311 1018 269 1025 271 1071"/></Shape>
	    <String CONTENT="Marc"
                    HPOS="269"
                    VPOS="1018"
                    WIDTH="114"
                    HEIGHT="62"></String>
          </TextLine>

          
          
          <TextLine ID="eSc_line_4e5466bf"
                    TAGREFS="LT266"
                    BASELINE="273 1110 341 1110" 
                    HPOS="273"
                    VPOS="1075"
                    WIDTH="68"
                    HEIGHT="47">
            <Shape><Polygon POINTS="273 1110 273 1122 341 1121 341 1110 341 1075 273 1075 273 1110"/></Shape>
	    <String CONTENT="uii."
                    HPOS="273"
                    VPOS="1075"
                    WIDTH="68"
                    HEIGHT="47"></String>
          </TextLine>

          
        </TextBlock>
        
        <TextBlock HPOS="267"
                   VPOS="1161"
                   WIDTH="134"
                   HEIGHT="70"
                   ID="eSc_textblock_5d24e993"
                   TAGREFS="BT768">
          <Shape><Polygon POINTS="267 1164 267 1231 401 1231 401 1161"/></Shape>
          
          
          <TextLine ID="eSc_line_8ca9a3c2"
                    TAGREFS="LT266"
                    BASELINE="278 1222 409 1220" 
                    HPOS="276"
                    VPOS="1161"
                    WIDTH="132"
                    HEIGHT="73">
            <Shape><Polygon POINTS="277 1220 277 1234 408 1234 408 1219 406 1161 286 1161 284 1161 283 1161 282 1161 276 1165 277 1220"/></Shape>
	    <String CONTENT="Ose.ui."
                    HPOS="276"
                    VPOS="1161"
                    WIDTH="132"
                    HEIGHT="73"></String>
          </TextLine>

          
        </TextBlock>
        

        
      </PrintSpace>
    </Page>
  </Layout>
</alto>
