1085 1619
64 168 618 70 ⁊ la science de Dieu plus que holo¬

67 218 615 66 causte. Pourtãt Iesus dict: quãd

64 264 617 62 tu auras a faire une chose si gran¬

64 310 610 63 de/ cõme on ta dict ⁊ appris/ du don

66 353 611 69 q̃ tu offre a lautel/ laisse le la ⁊ ua

66 402 599 63 te recõcilier a ton frere/ ⁊ si retour¬

66 449 604 60 ne en amour ⁊ charite auec luy. Car

60 496 612 65 la fin de la loy est charite: ⁊ qͥ ayme

66 545 606 63 son prochain il a accõply la loy. Et

66 590 475 71 qui pardonne/ il a pardon.

114 627 568 74 La cõfessiõ quon faict a laureil¬

64 679 616 67 le du prebstre a este cõtrouuee ⁊ cõ¬

64 721 622 68 mandee du Pape ⁊ des siens. Auq̃l

67 769 615 66 elle a tresbiẽ seruy pour scauoir les

63 820 618 65 secretz des Roys ⁊ Princes/ pour

64 864 612 68 troubler tout le mõde: affin que en

66 910 615 68 caue trouble il peschast pays ⁊ roy¬

64 957 621 61 aumes/ faisant son cas ce pendant

66 1003 615 66 que les Princes quil auoit mis en

66 1051 620 63 dissention se cõbatoient. Et par

66 1094 619 70 ceste cõfession cõtrouuee sãs lescri¬

67 1141 619 69 pture/ il a tout change/ ⁊ tous sub¬

66 1187 615 67 tilz moyens ont este cõtrouuez poͬ

67 1233 618 83 piller le monde. Car les prebstres/

514 1288 168 66 moynes/

682 300 131 60 Matth.

684 353 48 43 u.

677 380 143 58 i.Tim̃.i.

680 429 139 52 Romaĩs

677 469 81 49 xiii.

686 514 131 55 Matth.

686 555 53 53 ui.
