1085 1619
68 145 618 62 quelle charge cestoit/ ⁊ cõbien im¬

70 186 615 64 possible ⁊ importable/ de confesser

71 232 614 66 une foys lan a son propre prebstre

70 279 616 63 tous les pechez entierement quon a

72 325 616 66 pense/ dictz ⁊ faictz/ ueu q̃ creature

72 371 608 64 quelle que elle soit nentend ses pe¬

75 414 599 67 chez: ⁊ encore moins les pourroit di

74 461 604 63 re. Mais cecy a este cõtrouue affin

76 509 617 63 quil fust accomply en ceulx qui ont

76 555 618 58 mis ceste charge/ ce que parauant a

76 603 621 66 este predict/ quilz ont afflige les cõ¬

79 647 620 62 sciences de terreur uaine/ sans leur

80 694 610 56 dõner aucun repos ne asseurãce de

82 737 580 61 la grace ⁊ misericorde de Dieu.

82 785 617 64 Parle ⁊ dise Lescot ce qͥl uouldra:

83 832 617 63 cõbien quil barbouille/ ce nest assez

87 878 614 66 pour appaiser la consciẽce. Et dau¬

86 924 617 58 tre part les Thomistes contraires

87 970 617 59 a Lescot/ iamais par leur doctrine

90 1018 533 61 ne mettront lhomme en paix.

140 1060 567 66 Pourtãt Chrestiẽs retirez uous

91 1110 622 63 de la cruelle tyrannie de celuy qui a

94 1154 618 64 mis sur uoz dos ⁊ espaules char¬

97 1207 615 97 ges ĩportables/ ou il ne les touche

593 1249 120 78 a tout

685 393 140 68 Psalme

692 442 96 69 xuiii.

697 686 124 57 Apoca.

696 739 51 65 ix.
