1085 1619
391 116 607 70 a tout ung doigt. Uenez a celuy qͥ

390 174 615 56 a prins nostre charge ⁊ la mis sur

390 217 616 64 ses espaules ⁊ porte. Fiez uous et

394 265 611 58 uous asseurez en luy/ ⁊ uenez a luy

388 313 617 59 seul ⁊ a nul autre: nõ pas aux preb

388 362 620 57 stres/ ne au Pape: ⁊ il uous donne

387 410 614 48 ra repos ⁊ paix en uoz cõsciences/

388 453 620 61 portantz sa charge legiere. Ayez fiã

385 497 625 64 ce en luy/ ⁊ non pas en uoz confes¬

385 541 621 63 sions/ a luy uous adressez/ ⁊ non a

385 588 620 59 ces cruelz tyrãtz pleins de tout or¬

385 635 617 57 gueil ⁊ iniquite. Car ce bon Iesus

387 682 617 61 est humble ⁊ debonnaire/ il uous

387 724 617 66 sauuera de tous uoz pechez/ ⁊ par

385 775 614 58 luy aurez toute grace ⁊ benedictiõ

564 820 253 56 ¶ Contrition.

538 871 459 57 Ontrition de coeur/ ⁊ coeͬ

535 912 467 62 contrit/ nest pas une froi¬

535 956 464 57 de desplaisance ne douleur

538 1007 463 57 feincte comme monstrent

383 1048 615 65 ces papelardz et bigotz: mais ung

381 1100 617 54 grãd troublemẽt ⁊ emotion de coeͬ

380 1140 621 60 afflige de tous costez/ tellement qͥl

381 1187 617 74 est tout brise/ cõminue ⁊ rõpu: cõme

385 983 145 62 C

893 1241 105 86 porte

252 124 139 64 Esa.liii.

252 372 129 88 Matth.

253 449 49 50 xi.

252 630 121 58 Mat.i.

241 670 149 61 Iehan.i.

245 719 123 56 Gala¬

241 762 113 55 tes.iii.
