1085 1619
49 151 617 64 porte le mot/ signifiãt quil ny a riẽ

49 202 284 50 entier au coeur.

87 236 578 66 Cecy aduient au coeur congnois-

51 294 617 56 sant ⁊ sentãt le iugemẽt/ lire/ ⁊ indi

51 337 615 62 gnation de Dieu qͥl a desseruy par

52 385 614 64 son peche ⁊ trãsgression/ en sorte qͥl

49 431 612 56 na aucun refuge/ nul ayde/ nul se-

48 473 618 59 cours daucune part/ uoyant la loy

48 522 618 56 de Dieu iuste ⁊ saincte qui le cõdã-

48 570 620 60 ne a perdition. Sachant que creatu

48 616 620 62 re ne le peult deliurer/ soit au ciel

48 661 620 58 ou en la terre: car il fault que tout

48 706 615 64 ce qui est escrit aduienne/ ⁊ que tou

48 754 609 55 tes les menaces ⁊ maledictions tõ-

47 798 608 64 bent sur les trãsgresseurs de la loy.

48 845 607 57 Car ciel ⁊ terre passeront plus tost

48 891 613 64 q̃ ung seul point de la loy/ qͥ ne soit

49 940 616 62 pleinemẽt accõply. Dieu ne se ioue

51 987 568 62 ⁊ ne se mocque point en ce qͥl dit.

51 1037 618 57 Pourtant le coeur estãt en ceste an-

51 1076 614 65 goisse ainsi tormẽte de tous costez/

49 1123 623 56 na refuge que a la seule infinie mi-

52 1171 613 63 sericorde de Dieu/ recourant a luy

45 1216 608 67 cõme au pere de toute misericorde.

555 1262 111 69 Ainsi

674 692 135 63 Leuiticq̃

673 742 98 48 xxui.

668 781 125 54 Deute.

669 827 121 48 xxuiii.

669 862 136 60 Matth.

676 901 44 55 u.
