1085 1619
452 122 569 64 Ainsi Dieu tres misericordieux

400 169 620 63 ne mesprisant ce coeur ainsi brise et

402 223 619 54 rõpu/ le receoit a grace ⁊ mercy. Car

403 269 618 49 il est plus aggreable que chose que

403 311 621 57 lhõme sceut presẽter. Par ainsi par

402 357 622 61 la maledictiõ que Iesuchrist a por¬

403 404 622 57 te/ remect a ce paoure hõme toute la

400 447 625 61 malediction de la loy. Par la mort

404 493 620 60 q̃ Iesus a endure/ le pere luy faict

403 541 621 66 grace ⁊ dõne pardon/ affin quil ne

403 588 489 56 meure pas: mais quil uiue.

454 630 572 64 Et ainsi le coeur desole ⁊ afflige

407 678 617 61 a cause de lire ⁊ indignation qͥl sen

406 724 619 63 toit par ses pechez/ par Iesuchrist

406 773 620 59 recoit toute cõsolation/ paix ⁊ ioye/

408 817 620 61 se uoyant ⁊ sentant par foy deliure

410 866 615 58 ⁊ absoulz par Iesus. Et non seule¬

407 920 618 48 ment ce: mais incorpore ⁊ uny par

411 959 615 51 uraye foy en Iesus/ sont par icelle

408 1003 618 52 les dons ⁊ graces/ biẽs ⁊ heritages

411 1045 617 61 eternelz qui luy sont franchemẽt/ et

411 1098 618 51 sans quil les ayt gaignez/ donnez ⁊

410 1138 621 58 octroyez du pere eternel par Iesu¬

410 1183 619 86 christ. Aĩsi lamertume ⁊ tristesse est

901 1235 130 81 tourne

264 118 127 57 Psal.l.

264 299 115 55 Gala¬

264 342 107 69 tes.iii.
