1085 1619
380 163 613 50 a charite/ a garder amitie/ paix/ et

376 203 615 62 concorde auec tous/ tant quil est en

380 249 613 64 uous. Aprenez la benignite ⁊ doul

377 306 616 51 ceur du sauueur/ ⁊ non point la cru

376 341 614 65 aulte ⁊ rage des Pharisiens. Ta¬

375 389 615 64 chez a la destruction des uices ⁊ pe

373 437 617 60 chez/ ⁊ au salut des pecheurs en tou

372 481 617 62 te doulceur. Administrez les corre¬

372 530 617 58 ctions ameres en toute charite (ce

373 573 613 63 qͥ desplait au paoure pecheur) pui¬

373 619 617 62 sant ⁊ prenant tousiours de la sain

373 666 617 62 cte escripture. Car es maladies fort

372 711 615 59 dangereuses et mortelles ne fault

373 756 614 64 aller a la uolee: mais user de bons

373 805 613 61 ⁊ propres remedes. Ainsi en laf¬

372 851 615 56 faire du salut en ce qui touche lame

368 897 617 62 ne fault proposer que choses trescer

371 941 615 58 taines/ lesquelles on prend de lescri

369 988 616 50 pture saincte tãt seulemẽt/ laquelle

371 1032 615 62 cõtient le cõseil ⁊ uolunte de Dieu.

371 1079 612 59 Nul ne se espargne a ayder sõ pro¬

371 1123 615 64 chain. Nul aussi ne reiecte ladmoni

371 1169 615 68 tion ⁊ conseil daultruy: Mais que

371 1218 615 71 tout soit prouue/ et quon tienne ce

882 1261 99 65 quest
