<?xml version="1.0" encoding="UTF-8"?>
<alto xmlns:xsi="http://www.w3.org/2001/XMLSchema-instance"
      xmlns="http://www.loc.gov/standards/alto/ns-v4#"
      xsi:schemaLocation="http://www.loc.gov/standards/alto/ns-v4# http://www.loc.gov/standards/alto/v4/alto-4-2.xsd">
  <Description>
    <MeasurementUnit>pixel</MeasurementUnit>
    <sourceImageInformation>
      <fileName>102_33937_default.jpg</fileName>
      <fileIdentifier>https://www.e-rara.ch/gep_g/i3f/v20/1971613/full/full/0/default.jpg</fileIdentifier>
    </sourceImageInformation>
  </Description>
  
  <Tags>
    <OtherTag ID="BT742" LABEL="DropCapitalZone" DESCRIPTION="block type DropCapitalZone"/><OtherTag ID="BT743" LABEL="GraphicZone" DESCRIPTION="block type GraphicZone"/><OtherTag ID="BT744" LABEL="MainZone" DESCRIPTION="block type MainZone"/><OtherTag ID="BT745" LABEL="MarginTextZone" DESCRIPTION="block type MarginTextZone"/><OtherTag ID="BT746" LABEL="NumberingZone" DESCRIPTION="block type NumberingZone"/><OtherTag ID="BT747" LABEL="QuireMarksZone" DESCRIPTION="block type QuireMarksZone"/><OtherTag ID="BT748" LABEL="RunningTitleZone" DESCRIPTION="block type RunningTitleZone"/><OtherTag ID="BT749" LABEL="StampZone" DESCRIPTION="block type StampZone"/><OtherTag ID="BT750" LABEL="DamageZone" DESCRIPTION="block type DamageZone"/><OtherTag ID="BT794" LABEL="CustomZone" DESCRIPTION="block type CustomZone"/><OtherTag ID="BT795" LABEL="TableZone" DESCRIPTION="block type TableZone"/><OtherTag ID="BT800" LABEL="TitlePageZone" DESCRIPTION="block type TitlePageZone"/>
    <OtherTag ID="LT4" LABEL="Signature" DESCRIPTION="line type Signature"/><OtherTag ID="LT251" LABEL="DefaultLine" DESCRIPTION="line type DefaultLine"/><OtherTag ID="LT252" LABEL="HeadingLine" DESCRIPTION="line type HeadingLine"/><OtherTag ID="LT253" LABEL="DropCapitalLine" DESCRIPTION="line type DropCapitalLine"/>
  </Tags>
  
  <Layout>
    <Page WIDTH="1171"
          HEIGHT="1706"
          PHYSICAL_IMG_NR="102"
          ID="eSc_dummypage_">
      <PrintSpace HPOS="0"
                  VPOS="0"
                  WIDTH="1171"
                  HEIGHT="1706">
        
        <TextBlock HPOS="71"
                   VPOS="165"
                   WIDTH="792"
                   HEIGHT="1225"
                   ID="eSc_textblock_414833ab"
                   TAGREFS="BT744">
          <Shape><Polygon POINTS="71 165 71 1390 863 1390 863 165"/></Shape>
          
          
          <TextLine ID="eSc_line_6142962d"
                    TAGREFS="LT251"
                    BASELINE="91 208 849 214" 
                    HPOS="89"
                    VPOS="170"
                    WIDTH="760"
                    HEIGHT="53">
            <Shape><Polygon POINTS="845 186 830 186 816 186 802 186 788 186 774 184 759 184 745 184 731 184 717 183 702 183 688 183 674 183 660 181 645 181 631 181 617 181 603 181 589 180 574 180 560 180 546 180 532 179 517 179 503 179 489 179 475 177 461 177 446 177 432 177 418 177 404 176 389 176 375 176 361 176 347 174 332 174 318 174 304 174 290 174 278 173 234 174 231 172 219 172 204 172 190 172 176 172 167 170 101 174 92 189 91 208 89 216 846 223 849 214 846 196 845 186"/></Shape>
	    <String CONTENT="teresse; les mains qui respandent le sang des inno-"
                    HPOS="89"
                    VPOS="170"
                    WIDTH="760"
                    HEIGHT="53"></String>
          </TextLine>

          
          
          <TextLine ID="eSc_line_96dddf6b"
                    TAGREFS="LT251"
                    BASELINE="92 250 846 257" 
                    HPOS="91"
                    VPOS="210"
                    WIDTH="755"
                    HEIGHT="53">
            <Shape><Polygon POINTS="505 213 490 213 476 213 472 211 409 218 391 211 391 211 377 211 362 211 358 211 297 217 203 210 192 210 177 210 162 216 155 210 149 210 145 210 136 214 109 210 106 210 92 210 92 250 91 257 843 263 846 257 843 217 552 220 509 213 505 213"/></Shape>
	    <String CONTENT="cens, le coeur machinant le mauuais conseil, les"
                    HPOS="91"
                    VPOS="210"
                    WIDTH="755"
                    HEIGHT="53"></String>
          </TextLine>

          
          
          <TextLine ID="eSc_line_baa69a00"
                    TAGREFS="LT251"
                    BASELINE="92 291 839 297" 
                    HPOS="91"
                    VPOS="255"
                    WIDTH="748"
                    HEIGHT="54">
            <Shape><Polygon POINTS="92 291 91 304 836 309 839 297 838 261 92 255 92 291"/></Shape>
	    <String CONTENT="piedz qͥ courrẽt apres les maux, le faux tesmoing,"
                    HPOS="91"
                    VPOS="255"
                    WIDTH="748"
                    HEIGHT="54"></String>
          </TextLine>

          
          
          <TextLine ID="eSc_line_0deefab1"
                    TAGREFS="LT251"
                    BASELINE="93 334 843 339" 
                    HPOS="92"
                    VPOS="297"
                    WIDTH="751"
                    HEIGHT="51">
            <Shape><Polygon POINTS="93 334 92 344 840 348 843 339 842 302 93 297 93 334"/></Shape>
	    <String CONTENT="⁊ l autheur de dissention entre les freres. ꝓuer.6.c."
                    HPOS="92"
                    VPOS="297"
                    WIDTH="751"
                    HEIGHT="51"></String>
          </TextLine>

          
          
          <TextLine ID="eSc_line_6779a625"
                    TAGREFS="LT251"
                    BASELINE="133 372 840 381" 
                    HPOS="132"
                    VPOS="335"
                    WIDTH="708"
                    HEIGHT="61">
            <Shape><Polygon POINTS="660 339 658 338 486 338 475 338 473 336 310 336 304 336 290 336 287 335 133 335 133 372 132 379 155 388 156 388 157 388 159 388 160 388 172 381 216 388 217 388 318 382 344 382 396 382 398 385 404 389 404 390 405 390 406 390 408 390 409 390 426 385 432 383 439 386 452 390 453 390 455 390 497 388 526 385 530 388 534 392 536 392 537 392 539 392 559 389 574 386 613 390 648 393 650 393 667 392 702 386 717 392 722 395 724 395 725 396 839 396 840 381 839 341 663 339 660 339"/></Shape>
	    <String CONTENT="Tu nauras point hayne, en ton coeur cõtre ton"
                    HPOS="132"
                    VPOS="335"
                    WIDTH="708"
                    HEIGHT="61"></String>
          </TextLine>

          
          
          <TextLine ID="eSc_line_154a81d3"
                    TAGREFS="LT251"
                    BASELINE="92 417 479 417" 
                    HPOS="92"
                    VPOS="372"
                    WIDTH="387"
                    HEIGHT="57">
            <Shape><Polygon POINTS="377 376 367 375 357 375 348 375 334 375 320 375 305 375 291 375 290 375 284 381 220 381 179 373 177 373 163 373 162 373 130 379 120 372 119 372 118 372 116 372 115 372 92 379 92 417 92 429 479 426 479 417 479 381 387 376 377 376"/></Shape>
	    <String CONTENT="prochain. 3.Moyse.19.d."
                    HPOS="92"
                    VPOS="372"
                    WIDTH="387"
                    HEIGHT="57"></String>
          </TextLine>

          
          
          <TextLine ID="eSc_line_8549f930"
                    TAGREFS="LT251"
                    BASELINE="133 454 843 463" 
                    HPOS="132"
                    VPOS="419"
                    WIDTH="711"
                    HEIGHT="50">
            <Shape><Polygon POINTS="461 419 446 419 432 419 418 419 404 419 389 419 375 419 361 419 347 419 332 419 318 419 304 419 290 419 276 419 261 419 247 419 233 419 219 419 204 419 190 419 176 419 167 419 162 419 147 419 133 419 133 454 132 466 840 469 843 463 843 427 465 419 461 419"/></Shape>
	    <String CONTENT="Hayne esmeut debat; mais charite couure tous"
                    HPOS="132"
                    VPOS="419"
                    WIDTH="711"
                    HEIGHT="50"></String>
          </TextLine>

          
          
          <TextLine ID="eSc_line_b162a1b7"
                    TAGREFS="LT251"
                    BASELINE="93 497 473 500" 
                    HPOS="92"
                    VPOS="456"
                    WIDTH="381"
                    HEIGHT="51">
            <Shape><Polygon POINTS="463 459 435 464 408 459 406 459 392 459 378 459 364 457 362 457 335 459 261 463 254 460 248 456 236 456 221 460 212 463 203 460 186 456 179 456 165 456 163 456 93 462 93 497 92 507 472 506 473 500 470 459 463 459"/></Shape>
	    <String CONTENT="pechez. Prouerbes.10.b."
                    HPOS="92"
                    VPOS="456"
                    WIDTH="381"
                    HEIGHT="51"></String>
          </TextLine>

          
          
          <TextLine ID="eSc_line_f64a33f2"
                    TAGREFS="LT251"
                    BASELINE="133 537 843 545" 
                    HPOS="132"
                    VPOS="499"
                    WIDTH="711"
                    HEIGHT="52">
            <Shape><Polygon POINTS="404 500 389 500 375 500 361 500 347 500 332 500 318 500 304 500 290 500 276 499 261 499 247 499 233 499 219 499 204 499 190 499 176 499 162 499 147 499 133 499 133 537 132 544 840 551 843 545 843 508 416 500 404 500"/></Shape>
	    <String CONTENT="L hõme cõtentieux machine le mal; ⁊ tombera"
                    HPOS="132"
                    VPOS="499"
                    WIDTH="711"
                    HEIGHT="52"></String>
          </TextLine>

          
          
          <TextLine ID="eSc_line_c97f97fa"
                    TAGREFS="LT251"
                    BASELINE="91 577 843 587" 
                    HPOS="89"
                    VPOS="540"
                    WIDTH="754"
                    HEIGHT="52">
            <Shape><Polygon POINTS="91 577 89 582 840 592 843 587 842 547 91 540 91 577"/></Shape>
	    <String CONTENT="eis mains du cruel messagier. Si tu rendz le mal"
                    HPOS="89"
                    VPOS="540"
                    WIDTH="754"
                    HEIGHT="52"></String>
          </TextLine>

          
          
          <TextLine ID="eSc_line_2b48c664"
                    TAGREFS="LT251"
                    BASELINE="92 619 839 631" 
                    HPOS="91"
                    VPOS="582"
                    WIDTH="748"
                    HEIGHT="62">
            <Shape><Polygon POINTS="92 619 91 634 645 634 651 636 664 642 665 642 667 642 704 636 714 635 724 636 759 644 761 644 838 636 839 631 838 594 92 582 92 619"/></Shape>
	    <String CONTENT="pour mal; le mal ne se partira point de sa maison."
                    HPOS="91"
                    VPOS="582"
                    WIDTH="748"
                    HEIGHT="62"></String>
          </TextLine>

          
          
          <TextLine ID="eSc_line_deb44be3"
                    TAGREFS="LT251"
                    BASELINE="96 661 318 663" 
                    HPOS="95"
                    VPOS="621"
                    WIDTH="223"
                    HEIGHT="50">
            <Shape><Polygon POINTS="310 624 295 624 281 624 276 622 206 622 196 622 193 621 96 621 96 661 95 671 317 671 318 663 317 624 310 624"/></Shape>
	    <String CONTENT="Prouerb.17.c."
                    HPOS="95"
                    VPOS="621"
                    WIDTH="223"
                    HEIGHT="50"></String>
          </TextLine>

          
          
          <TextLine ID="eSc_line_ff508302"
                    TAGREFS="LT251"
                    BASELINE="135 700 843 710" 
                    HPOS="133"
                    VPOS="656"
                    WIDTH="710"
                    HEIGHT="67">
            <Shape><Polygon POINTS="305 663 291 663 277 663 263 663 248 663 240 663 234 663 220 663 206 662 192 662 177 662 163 662 149 662 135 662 135 700 133 715 636 715 640 716 648 722 650 722 651 722 653 722 722 716 732 716 735 716 754 723 755 723 756 723 842 716 843 710 843 672 745 662 744 662 671 668 647 669 644 666 638 662 638 661 637 661 636 661 634 661 583 665 557 668 534 665 500 659 499 659 425 662 354 665 345 661 340 656 338 656 337 656 335 656 307 658 305 663"/></Shape>
	    <String CONTENT="Uous auez ouy qͥl a este dit aux anciẽs; Tu ne"
                    HPOS="133"
                    VPOS="656"
                    WIDTH="710"
                    HEIGHT="67"></String>
          </TextLine>

          
          
          <TextLine ID="eSc_line_4af601ff"
                    TAGREFS="LT251"
                    BASELINE="92 742 843 749" 
                    HPOS="91"
                    VPOS="702"
                    WIDTH="752"
                    HEIGHT="54">
            <Shape><Polygon POINTS="803 710 789 710 788 710 783 715 783 716 701 716 698 715 682 709 675 709 661 709 647 709 640 707 569 713 554 713 553 713 546 706 533 706 530 706 502 712 490 706 479 706 470 712 459 712 332 705 331 705 261 710 247 710 244 710 221 702 220 702 219 702 92 707 92 742 91 750 840 756 843 749 843 716 811 710 803 710"/></Shape>
	    <String CONTENT="occiras point; car quiconque occira, sera coupable"
                    HPOS="91"
                    VPOS="702"
                    WIDTH="752"
                    HEIGHT="54"></String>
          </TextLine>

          
          
          <TextLine ID="eSc_line_ef1c7d83"
                    TAGREFS="LT251"
                    BASELINE="92 783 845 791" 
                    HPOS="91"
                    VPOS="743"
                    WIDTH="754"
                    HEIGHT="57">
            <Shape><Polygon POINTS="92 783 91 787 116 796 118 796 119 796 212 790 468 800 469 800 843 796 845 791 845 754 92 743 92 783"/></Shape>
	    <String CONTENT="de iugement. Mais moy ie uous dy que tout hom"
                    HPOS="91"
                    VPOS="743"
                    WIDTH="754"
                    HEIGHT="57"></String>
          </TextLine>

          
          
          <TextLine ID="eSc_line_dcec795a"
                    TAGREFS="LT251"
                    BASELINE="92 824 842 833" 
                    HPOS="91"
                    VPOS="784"
                    WIDTH="751"
                    HEIGHT="54">
            <Shape><Polygon POINTS="775 791 761 791 746 791 732 791 731 790 630 796 611 796 610 796 597 789 590 789 580 789 542 794 539 794 536 794 500 789 490 789 480 789 455 793 448 787 433 787 432 787 389 793 384 793 368 793 258 786 248 786 234 786 220 786 206 784 192 784 189 784 92 789 92 824 91 830 839 838 842 833 840 798 775 791 775 791"/></Shape>
	    <String CONTENT="me qui se courrouce a son frere; sera coupable de iu"
                    HPOS="91"
                    VPOS="784"
                    WIDTH="751"
                    HEIGHT="54"></String>
          </TextLine>

          
          
          <TextLine ID="eSc_line_6f3a4cb2"
                    TAGREFS="LT251"
                    BASELINE="93 865 842 874" 
                    HPOS="92"
                    VPOS="830"
                    WIDTH="750"
                    HEIGHT="55">
            <Shape><Polygon POINTS="93 865 92 877 839 885 842 874 840 840 93 830 93 865"/></Shape>
	    <String CONTENT="gement. Et quiconque aura dit a son frere, racha;"
                    HPOS="92"
                    VPOS="830"
                    WIDTH="750"
                    HEIGHT="55"></String>
          </TextLine>

          
          
          <TextLine ID="eSc_line_ca78c911"
                    TAGREFS="LT251"
                    BASELINE="92 907 843 915" 
                    HPOS="91"
                    VPOS="871"
                    WIDTH="752"
                    HEIGHT="48">
            <Shape><Polygon POINTS="92 907 91 916 840 919 843 915 843 880 92 871 92 907"/></Shape>
	    <String CONTENT="il sera coupable de cõcile. Et qͥcõque aura dit, fol;"
                    HPOS="91"
                    VPOS="871"
                    WIDTH="752"
                    HEIGHT="48"></String>
          </TextLine>

          
          
          <TextLine ID="eSc_line_d3cfcab3"
                    TAGREFS="LT251"
                    BASELINE="93 948 839 958" 
                    HPOS="92"
                    VPOS="911"
                    WIDTH="747"
                    HEIGHT="54">
            <Shape><Polygon POINTS="93 948 92 958 836 965 839 958 838 921 93 911 93 948"/></Shape>
	    <String CONTENT="il sera coupable de la gehẽne du feu. Mat.5.c.d."
                    HPOS="92"
                    VPOS="911"
                    WIDTH="747"
                    HEIGHT="54"></String>
          </TextLine>

          
          
          <TextLine ID="eSc_line_588437dc"
                    TAGREFS="LT251"
                    BASELINE="135 990 840 996" 
                    HPOS="133"
                    VPOS="949"
                    WIDTH="707"
                    HEIGHT="53">
            <Shape><Polygon POINTS="590 955 576 955 562 955 547 955 540 955 509 958 497 958 496 958 492 953 490 953 476 953 466 953 456 956 455 956 424 953 419 953 405 952 391 952 377 952 362 952 361 952 340 956 335 956 332 956 320 952 320 952 305 951 294 951 281 955 258 951 248 951 234 951 220 951 206 951 203 949 135 953 135 990 133 1000 838 1002 840 996 839 961 607 959 606 958 600 955 590 955"/></Shape>
	    <String CONTENT="Quicõque hayt son frere, est homicide; et uous"
                    HPOS="133"
                    VPOS="949"
                    WIDTH="707"
                    HEIGHT="53"></String>
          </TextLine>

          
          
          <TextLine ID="eSc_line_465b830d"
                    TAGREFS="LT251"
                    BASELINE="96 1029 843 1039" 
                    HPOS="95"
                    VPOS="990"
                    WIDTH="748"
                    HEIGHT="54">
            <Shape><Polygon POINTS="167 992 153 992 139 992 138 990 96 990 96 1029 95 1040 840 1044 843 1039 842 1003 179 992 167 992"/></Shape>
	    <String CONTENT="scauez que tout homicide na point la uie eternelle"
                    HPOS="95"
                    VPOS="990"
                    WIDTH="748"
                    HEIGHT="54"></String>
          </TextLine>

          
          
          <TextLine ID="eSc_line_d346e3ba"
                    TAGREFS="LT251"
                    BASELINE="95 1071 590 1079" 
                    HPOS="93"
                    VPOS="1034"
                    WIDTH="497"
                    HEIGHT="57">
            <Shape><Polygon POINTS="490 1034 489 1034 95 1034 95 1071 93 1083 173 1079 220 1084 241 1087 243 1087 257 1084 277 1080 285 1084 291 1088 293 1088 294 1088 295 1088 371 1084 401 1083 414 1084 456 1090 458 1090 459 1090 479 1084 483 1083 488 1084 513 1091 515 1091 516 1091 589 1083 590 1079 589 1043 507 1043 505 1042 492 1034 490 1034"/></Shape>
	    <String CONTENT="permanente en soy. 1.Iehan.3.c."
                    HPOS="93"
                    VPOS="1034"
                    WIDTH="497"
                    HEIGHT="57"></String>
          </TextLine>

          
          
          <TextLine ID="eSc_line_ea312cfc"
                    TAGREFS="LT251"
                    BASELINE="125 1114 843 1121" 
                    HPOS="123"
                    VPOS="1074"
                    WIDTH="720"
                    HEIGHT="54">
            <Shape><Polygon POINTS="566 1079 552 1079 537 1079 523 1079 509 1079 495 1079 480 1077 466 1077 452 1077 438 1077 436 1077 330 1080 303 1080 298 1080 278 1074 267 1074 253 1074 239 1074 224 1074 210 1074 209 1074 125 1077 125 1114 123 1124 840 1128 843 1121 842 1086 768 1086 766 1084 755 1077 754 1077 752 1077 751 1077 749 1077 725 1084 721 1084 714 1084 664 1077 663 1077 607 1083 600 1083 594 1083 570 1079 566 1079"/></Shape>
	    <String CONTENT="Ne resistez poĩt au mal, mais se aucun te frappe"
                    HPOS="123"
                    VPOS="1074"
                    WIDTH="720"
                    HEIGHT="54"></String>
          </TextLine>

          
          
          <TextLine ID="eSc_line_834d49c6"
                    TAGREFS="LT251"
                    BASELINE="95 1152 843 1161" 
                    HPOS="93"
                    VPOS="1117"
                    WIDTH="750"
                    HEIGHT="50">
            <Shape><Polygon POINTS="95 1152 93 1158 840 1167 843 1161 843 1125 95 1117 95 1152"/></Shape>
	    <String CONTENT="en la ioue dextre; baille luy lautre. Et a celuy qui"
                    HPOS="93"
                    VPOS="1117"
                    WIDTH="750"
                    HEIGHT="50"></String>
          </TextLine>

          
          
          <TextLine ID="eSc_line_001a3d5e"
                    TAGREFS="LT251"
                    BASELINE="96 1194 842 1204" 
                    HPOS="95"
                    VPOS="1154"
                    WIDTH="747"
                    HEIGHT="55">
            <Shape><Polygon POINTS="96 1194 95 1201 839 1209 842 1204 840 1170 96 1154 96 1194"/></Shape>
	    <String CONTENT="ueut ꝓceder en iugemẽt ꝯtre toy, ⁊ te oster ta robbe;"
                    HPOS="95"
                    VPOS="1154"
                    WIDTH="747"
                    HEIGHT="55"></String>
          </TextLine>

          
          
          <TextLine ID="eSc_line_a333f0d4"
                    TAGREFS="LT251"
                    BASELINE="95 1235 846 1243" 
                    HPOS="93"
                    VPOS="1195"
                    WIDTH="753"
                    HEIGHT="56">
            <Shape><Polygon POINTS="771 1204 742 1208 724 1211 704 1208 671 1202 664 1202 655 1202 633 1208 623 1209 608 1208 566 1201 564 1201 552 1201 539 1206 536 1209 482 1209 469 1206 426 1199 422 1199 412 1198 369 1206 364 1206 359 1206 330 1198 322 1198 314 1197 253 1202 219 1197 209 1197 202 1195 103 1204 95 1222 95 1235 93 1241 843 1251 846 1243 845 1209 772 1204 771 1204"/></Shape>
	    <String CONTENT="laisse luy aussi ton manteau. Et quicõque te ueut"
                    HPOS="93"
                    VPOS="1195"
                    WIDTH="753"
                    HEIGHT="56"></String>
          </TextLine>

          
          
          <TextLine ID="eSc_line_8a4df3c8"
                    TAGREFS="LT251"
                    BASELINE="96 1275 843 1285" 
                    HPOS="95"
                    VPOS="1236"
                    WIDTH="748"
                    HEIGHT="60">
            <Shape><Polygon POINTS="651 1242 637 1242 623 1242 621 1242 594 1248 584 1241 583 1241 581 1241 580 1241 536 1248 530 1248 529 1248 519 1241 509 1241 497 1241 441 1246 431 1246 429 1246 419 1239 409 1239 395 1239 381 1239 367 1239 352 1239 351 1238 351 1239 344 1245 341 1245 298 1238 295 1238 281 1238 260 1243 258 1243 256 1243 207 1236 196 1236 182 1236 176 1236 96 1241 96 1275 95 1283 584 1293 586 1293 587 1293 589 1293 597 1288 599 1288 611 1288 737 1296 738 1296 842 1289 843 1285 842 1252 655 1242 651 1242"/></Shape>
	    <String CONTENT="cõtraindre aller mille pas, ua auec luy deux autre"
                    HPOS="95"
                    VPOS="1236"
                    WIDTH="748"
                    HEIGHT="60"></String>
          </TextLine>

          
          
          <TextLine ID="eSc_line_2d2f8e9a"
                    TAGREFS="LT251"
                    BASELINE="96 1316 842 1327" 
                    HPOS="95"
                    VPOS="1282"
                    WIDTH="747"
                    HEIGHT="51">
            <Shape><Polygon POINTS="96 1316 95 1322 839 1333 842 1327 840 1293 96 1282 96 1316"/></Shape>
	    <String CONTENT="mille ⁊c. Aymez uoz ennemis, faictes bien a ceux"
                    HPOS="95"
                    VPOS="1282"
                    WIDTH="747"
                    HEIGHT="51"></String>
          </TextLine>

          
          
          <TextLine ID="eSc_line_00773f1b"
                    TAGREFS="LT251"
                    BASELINE="98 1359 842 1367" 
                    HPOS="98"
                    VPOS="1322"
                    WIDTH="744"
                    HEIGHT="72">
            <Shape><Polygon POINTS="838 1332 98 1322 98 1359 98 1386 123 1374 146 1386 147 1386 149 1386 150 1386 152 1386 152 1384 166 1373 210 1373 250 1387 254 1388 256 1388 257 1390 303 1390 303 1388 304 1388 305 1388 305 1387 315 1380 351 1387 364 1390 365 1390 367 1390 368 1390 371 1388 385 1377 439 1376 462 1388 468 1391 469 1391 470 1393 505 1393 505 1391 506 1391 512 1388 534 1377 606 1390 626 1393 627 1393 628 1393 637 1390 667 1379 688 1386 690 1386 691 1386 731 1381 746 1391 751 1394 752 1394 754 1394 755 1394 775 1391 820 1383 838 1391 842 1367 840 1340 838 1332"/></Shape>
	    <String CONTENT="qui uous hayẽt, ⁊ priez pour ceux qui uous perse-"
                    HPOS="98"
                    VPOS="1322"
                    WIDTH="744"
                    HEIGHT="72"></String>
          </TextLine>

          
        </TextBlock>
        

        
      </PrintSpace>
    </Page>
  </Layout>
</alto>
