1171 1706
120 136 736 75 ¶La fin de l accõplissement de la loy,

230 193 497 77 en Christ ⁊ par Christ.

138 311 718 58 Ie ne suis point uenu rompre la loy, mais l accõ

98 348 286 52 plir. Matth.5.c.

140 375 713 71 La loy ne meine rien a perfectiõ; mais est l intro

95 433 757 67 duction de meilleure esperance, par laquelle appro

95 473 357 50 chons a dieu. Heb.7.c.

135 497 720 68 Si la ꝑolle qͥ a este dicte par les anges a este fai-

93 555 760 53 cte ferme, ⁊ se toute trãsgressiõ ⁊ inobediẽce a receu

93 597 756 48 iuste retributiõ du loyer; cõmẽt euiterõs noꝰ se noꝰ

92 636 758 53 mettõs a non chalãce si grãd salut? Lequel cõme

93 679 756 56 ainsi soit quil ayt cõmẽce d estre racõte par nostre

92 722 757 57 Seigneur; il a este cõferme en noꝰ par ceux qͥ lont

91 766 758 47 ouy, ⁊ approuue de dieu par signes ⁊ miracles ⁊ di

91 807 758 51 uerses puissances ⁊ distributions du sainct esperit

93 845 412 56 selon sa uolunte. Heb.2.a.

132 885 716 60 La fin de la loy, est Christ, en salut a tout

85 929 327 50 croyant. Rom̃.10.a.

132 968 714 51 La loy de l esperit de uie en Iesus Christ, ma

88 1012 755 52 deliure de la loy de peche et de mort. Car ce qui

86 1053 757 54 estoit impossible a la loy, en ce en quoy elle estoit

86 1101 759 46 infirme par la chair; Dieu a enuoye son filz en si-

86 1138 754 53 militude de la chair de peche, et de peche a cõdem-

85 1179 753 49 ne le peche en la chair, affin que la iustification

86 1221 750 52 de la loy fusse accomplie en nous qui ne chemi-

82 1263 736 69 nons point selon la chair, mais selon l esperit ⁊c.

83 1305 232 72 Romains.8.a.
