1171 1706
342 159 722 45 Il est nostre paix, leq̃l a faict de tous les deux

303 200 762 48 un, ⁊ a rõpu la paroy du milieu de la closture, les

300 240 765 51 inimitiez, par sa chair; mettant a neant la loy des

301 281 766 48 cõmandemẽs qui estoit en decretz; affin quil consti

303 319 764 50 tue deux en soymesme en un hõme nouueau, fai-

304 363 758 53 sant paix, affin quil rallia les deux a Dieu en un

301 405 763 57 corps par la croix, destruisant les inimitiez par

310 444 343 60 soymesme. Ephe.2.d.

348 480 669 57 ¶A ce propos principallemẽt faict L epistre

344 530 597 48 aux Rõmains, Gala. Ephe. ⁊ Hebr.

369 574 622 67 ¶Le cõmandement que Dieu faict aux

371 625 622 57 peres ⁊ maistres de familles, affin quilz

375 675 616 45 ꝓposent a enseignẽt sa loy, principalle-

372 712 420 58 ment a leurs domestiques.

359 750 703 68 Et ces parolles cy, lesquelles moy

303 804 765 64 mesme te cõmande auiourdhuy, seront

303 867 764 72 en ton coeur, ⁊ les racõteras a tes filz, et

307 921 758 71 leur diras, toy estant assis en ta maison

307 976 761 73 ⁊ cheminant en la uoye, ⁊ en te couchãt

305 1039 760 64 ⁊ en te leuant. Et les lieras pour signe

307 1091 758 66 sur ta main, ⁊ seront pour frõteaux en-

305 1152 760 73 tre tes yeux, ⁊ les escriras a l entree de

308 1211 754 67 ta maison, ⁊ a tes portes. 5.Moy.6.b.

391 1265 593 57 ¶Cõment ne faut adiouster ne dimi-

388 1313 595 64 nuer, a la loy ⁊ parolle de Dieu, mais
