1171 1706
342 164 681 37 [-], selon les anciens, principalle-

342 193 665 57 ment Hebrieux ⁊ Grecz. Exode.20.

350 278 673 54 ¶La premiere table contient cinq comman-

426 321 517 52 demens, cõcernans singulieremẽt

544 362 289 55 l hõneur de Dieu.

579 408 190 62 Preface.

313 484 118 93 M

418 460 646 71 Oymesme suis l Eternel, tõ Di-

452 523 610 66 eu, qui tay tire hors de la terre

355 577 689 72 d'Egypte, de la maison de seruitude.

459 636 470 54 ¶Le premier commandement.

322 675 739 75 Tu nauras point d autres dieux de-

364 742 220 61 uant moy.

475 793 387 51 ¶Le .ii. commandement.

322 833 740 72 Tu ne te feras image taillee, ne simi-

330 892 732 69 litude quelconque, des choses qui sont

332 949 732 61 la sus au ciel, ne ca bas en la terre, ne

334 1005 728 62 eis eaues dessoubz la terre. Tu ne t'en

331 1061 736 70 clineras point à icelles, ⁊ ne les serui-

332 1118 732 67 ras. Car moy mesme suis l'Eternel,

332 1174 733 74 ton Dieu, Dieu ialoux, punissãt l'ini-

334 1236 730 66 quite des peres sur les enfans, en la

337 1290 725 87 troysiesme ⁊ quatriesme generation, de
