1171 1706
95 170 762 57 ceux qui me hayent. Et saisant mise-

92 214 761 61 ricorde en mille generations, à ceulx qui

92 272 721 69 maymẽt, ⁊ gardẽt mes cõmandemẽs.

288 341 396 52 ¶Le .iii. commandement.

165 381 684 71 Tu ne prẽdras point le nom de l'E-

92 437 761 76 ternel, tõ Dieu, en uain. Car l'Eternel

95 501 755 66 ne tiendra point innocent, celuy qui prẽ

95 554 398 80 dra son nom en uain.

274 628 406 55 ¶Le .iiii. commandement.

153 675 696 61 Aye souuenãce du iour du repos poꝰ

93 725 759 66 le sãctifier. Six iours tu trauailleras, ⁊

96 784 754 71 feras toute ton oeuure. Mais le septies-

93 844 756 60 me iour est le repos de l'Eternel, ton

95 901 754 62 Dieu. Tu ne feras aucune oeuure en

95 956 753 63 iceluy, toy, ton filz, ta fille, ton seruiteur,

95 1013 758 68 ta seruante, ton bestial ⁊ l'estrangier qui

96 1073 754 61 est dedens tes portes. Car en six iours

98 1128 754 69 l'Eternel feit le ciel ⁊ la terre, ⁊ la mer, ⁊

98 1188 752 67 tout ce qui est en iceux; ⁊ se reposa au se-

101 1248 751 67 ptiesme iour. Et pourtant l'Eternel be-

85 1300 677 80 neit le iour du repos, ⁊ le sanctifia.

577 1360 142 81 A iiii
