1171 1706
345 159 715 69 Se aucun uous dit; uoicy icy est Christ, ou la,

304 201 754 67 ne le croyez point. Car faux Christz ⁊ faux pro-

308 244 752 61 phetes se esleuerõt, ⁊ ferõt grandz signes et prodi-

310 284 752 65 ges, tellemẽt que les esleux seront induis a erreur,

311 326 754 63 se il est possible. Uoicy ie le uoꝰ ay predit. Si dõc

310 368 754 61 il uous disent; Uoicy il est au desert, ne y allez

313 406 756 70 point. Uoicy il est au dedans de la maison, ne le

311 452 757 62 croyez point. Car ainsi que l esclair sort de Oriẽt,

314 493 757 60 ⁊ apparoit iusque en Occidẽt, ainsi sera aussi l ad-

314 530 758 64 uenement du filz de l hõme. Matth.24.b. Marc

315 584 313 69 13.c. Luc.17.e.⁊.21.c.

452 629 494 77 Dont uiendra iuger ⁊c.

361 690 718 70 Nul ne uous seduise. Car le Seigñr ne uiẽdra

321 736 757 64 point q̃ premieremẽt ne soit uenue la defaillance, ⁊

321 776 758 59 l hõme de peche soit reuele, le filz de perdition qͥ est

322 817 757 61 aduersaire, ⁊ se eslieue sur tout ce qui est dit Dieu,

325 860 757 59 ou que on adore; ⁊ en telle maniere quil se sied au

325 901 757 65 temple de Dieu, se mõstrant cõme sil estoit Dieu.

327 953 264 50 2.Thessalo.2.a.

372 979 710 64 Ainsi quil est ordõne aux hommes de mourir

330 1026 757 62 une foys, ⁊ apres ce le iugemẽt, ainsi aussi Christ

331 1067 756 64 a este offert une foys pour abolir les pechez de plu

334 1107 754 67 sieurs, ⁊ il apparoistra secondemẽt sans peche, a

334 1155 671 59 tous ceux qui lattendent en salut. Heb.9.g.

378 1192 710 61 Si ie men uoys uous preparer le lieu; ie retour

337 1239 751 53 neray de rechief, ⁊ uous receuray moymesme, affin

342 1278 624 61 que uous soyez la ou ie suis. Iehã.14.a.

385 1312 709 89 Il auoit este cõstitue de Dieu, iuge des uifz et
