1171 1706
361 164 713 52 Celuy qui nous conferme auec uous en Christ,

322 203 752 61 ⁊ qui nous a oingt, est Dieu; ⁊ celuy qui nous a

324 244 747 64 signe et donne le arre de l esperit en noz coeurs.

321 291 238 54 2.Corinth.1.d.

367 328 707 54 Quiconque na l esperit de Christ, il nest point

322 372 271 55 sien. Roma.8.b.

368 408 706 61 Quicõques sont menez par l esperit de Dieu,

322 453 584 58 iceux sont enfans de Dieu. Rom̃.8.c.

365 489 714 64 Pource que uous estes enfans de dieu; dieu a

322 533 756 62 enuoye l esperit de sõ filz en uoz coeurs criãt Abba

327 578 438 54 (cest a dire) pere. Gala.4.a.

367 611 711 64 Certes celuy esperit rend tesmoignage a nostre

325 661 750 58 esperit, que nous sommes enfans de dieu. Ro.8.c.

367 698 708 62 Dieu le nous a reuele par sõ esperit. Car l espe-

324 740 751 57 rit enquiert profondement toutes choses; aussi les

324 784 753 61 choses profondes de dieu. Car qui est ce des hõmes

325 820 750 67 qui scait les choses de l homme; sinon l esperit de

324 867 751 55 l homme qui est en iceluy? En telle maniere aussi;

324 908 751 61 les choses qui sont de Dieu nul ne les a congneu,

325 951 749 59 sinon l esperit de Dieu. Et nous nauons point re-

322 992 752 54 ceu l esperit de ce monde; mais l esperit qͥ est de dieu,

324 1033 750 60 affin que nous congnoissions les choses qui nous

325 1071 612 63 sont donnees de Dieu ⁊c. 1.Corin.2.c.d.

365 1113 712 61 Pour ce ie uous fay ascauoir; que nul parlant

324 1154 751 58 par l esperit de dieu, ne dit parolle execrable de Ie-

324 1194 747 58 sus. Et nul ne poeut dire seigneur Iesus, sinõ par

324 1238 750 59 le sainct esperit. Il ya diuisions de graces; mais il

325 1280 624 56 ny a que un mesme esperit ⁊c. 1.Cor.12.a.

369 1315 706 88 Un mesme esperit faict toutes ces choses, de-
