1171 1706
82 170 760 46 partant a un chascun ainsi quil ueut. Car nous

83 207 750 63 sommes tous baptizez en un esperit, en un corps.

81 250 210 47 1.Corin.12.b.

126 280 716 62 Allez ⁊ enseignez toutes gens; ⁊ les baptisez au

79 331 759 51 nom du pere ⁊ du filz ⁊ du saĩct esperit. Mat.28.d.

118 371 721 55 Tous pechez seront pardonnez aux filz des hõ-

81 413 757 54 mes, ⁊ les blasphemes qͥlz aurõt blaspheme; mais

81 454 759 53 qui blasphemera contre le sainct esperit, il naura

81 496 758 51 point remission eternellemẽt, mais sera tenu coul-

79 538 760 63 pable de eternel iugemẽt. Marc.3.d. Matth.12.c.

81 580 303 54 Luc.12.b. Hebr.6.a.

180 617 578 75 L eglise uniuerselle, la cõmu-

283 680 348 67 nion des sainctz.

122 727 717 66 La maison de Dieu, qui est l eglise de Dieu ui-

81 777 720 57 uant, colomne ⁊ fermete de uerite. 1.Timo.3.d.

122 820 718 54 Les femmes soiẽt subiectes a leur maris, ainsi

79 862 761 50 que a nostre Seigneur; car le mary est chief de la

81 904 754 57 femme; ainsi que Christ est chief de l eglise; ⁊ iceluy

79 945 757 51 est le sauueur de son corps. Et ainsi que l eglise est

81 986 757 54 subiecte a Christ; ainsi aussi les femmes soient a

79 1027 756 50 leͬs maris en toutes choses. Uous marys, aymez

82 1067 756 51 uoz femmes ainsi que Christ a ayme l eglise, ⁊ sest

79 1110 757 48 dõne soymesme pour elle, affin qui la sanctifiast,

81 1151 755 53 la nettoyant par le lauemẽt d eaue par la parolle

81 1192 754 57 de uie, affin quil rendist a soy l eglise glorieuse,

81 1232 755 54 nayant q̃lque tache, ou ride, ou aucune telle cho-

82 1273 751 54 se, mais affin quelle soit saincte et sans tache ⁊c.

69 1315 766 78 Nous sommes membres de son corps, de sa chair,

636 1357 93 76 D
