1171 1706
301 159 753 57 baille; que nostre Seigneur Iesus; en la nuict en

304 197 753 58 laquelle il fut liure, print le pain, ⁊ quand il eut rẽ

304 235 753 64 du graces le rompit, ⁊ dit; Prenez, mangez; ce, est

304 275 748 64 mon corps, qui est rompu pour uous. Faictes cecy

304 315 754 61 en memoire de moy. Semblablement aussi le cali

304 358 753 65 ce, apres qͥl eut souppe; disãt, Ce calice est le nou-

305 405 752 54 ueau testament en mon sang. Faictes cecy, toutes

304 446 756 57 les foys que le beuurez, en memoire de moy. Car

307 487 753 54 toutes les foys, que uous mangerez ce pain ⁊ beu-

308 524 754 64 urez ce calice, uous annoncez la mort de nostre sei-

310 562 751 74 gneur, iusque a ce quil uienne ⁊c. 1.Corinthiens

308 618 104 75 11.e.f.

439 699 492 65 La remission des pechez.

352 764 713 61 Et affin que sachez que le filz de l hõme a puis-

314 808 753 57 sance en la terre de pardonner les pechez; il dit au

315 850 699 58 Paraliticque; Ie te dy, lieue toy ⁊c. Marc.2.b.

344 897 723 55 Et il dit a icelle, tes pechez te sont pardõnez; Ua

314 942 575 48 ten en paix ⁊ ne peche plus. Luc.7.g.

359 973 709 69 Uoicy l aigneau de Dieu, qui oste le peche du

315 1022 311 49 monde. Iehan.1.d.

358 1054 710 67 Il est un Dieu ⁊ un mediateur de Dieu ⁊ des

317 1094 748 68 hommes, l homme Iesus Christ; qui sest dõne soy-

317 1140 704 58 mesme en redemption pour tous. 1.Timo.2.b.

359 1177 710 64 Si aucun a peche nous auons un aduocat

318 1218 751 62 enuers le pere, Iesus Christ le iuste. Et celuy est

320 1263 751 56 l apointement pour noz pechez, et non seullement

320 1302 749 75 pour les nostres, mais aussi pour ceux de tout le
