1171 1706
313 147 200 50 1.Iehan.3.a.

357 181 718 60 Quãd la benignite ⁊ amour du sauueur nostre

315 224 760 60 Dieu est uers les hommes apparue, nõ point par

314 274 758 44 les oeuures de iustice, que nous faisions, mais par

317 309 758 59 sa misericorde nous a sauuez, par le lauemẽt de la

313 352 761 58 regeneration ⁊ renouatiõ du sainct esperit, lequel

314 390 758 57 a espandu abondãment en nous par Iesus Christ

313 433 758 57 nostre sauueur, affin que nous estans iustifiez par

317 477 757 57 sa grace, soyõs heritiers selon l esperance de la uie

314 517 347 51 eternelle. Tit.3.a.2.c.

358 557 714 60 Le filz de l homme est uenu sauuer ce qui estoit

315 598 503 51 pery. Matthieu.18.b. Luc.19.b.

359 639 713 60 Appaisant par le sang de sa passion les choses

314 680 684 56 qui sont, soit en terre ou eis cieux. Colos.1.c.

359 723 708 66 Faisant la purgation de noz pechez par soy-

314 766 287 52 mesme. Hebre.1.a.

358 798 716 60 Pour reparer toutes choses par Christ, lesquel

315 848 753 57 les sont aux cieux, ⁊ lesquelles sõt en la terre par

314 891 757 57 iceluy, par lequel aussi nous sommes appellez a

314 931 734 67 l heritage, predestinez selon son bon plaisir ⁊c.

314 972 239 48 Ephesiens.1.b.

358 1010 714 56 Nous donc qui sommes iustifiez par foy, nous

315 1056 756 57 auons paix enuers Dieu, par nostre Seigneur Ie

315 1097 754 54 sus Christ, par lequel nous auõs acces par foy en

315 1137 756 57 ceste grace ⁊c. Par plus forte raison dõc nous qui

315 1184 756 52 maintenant sommes iustifiez en son sang, serons

315 1225 757 51 deliurez de ire par luy. Car lorsque nous estions

317 1262 755 53 ennemys, auons este reconciliez a Dieu par la

317 1302 754 86 mort de son filz; par plus forte raison nous qui
