1171 1706
355 145 719 52 Uous estiez ces choses, mais uoꝰ estes nettoyez.

318 190 754 51 uous estes sanctifiez, uoꝰ estes iustifiez par le nom

317 228 760 56 du Seigneur Iesus ⁊ par l esperit de nostre Dieu.

320 268 200 51 1.Corin.6.c.

361 307 718 56 La iustice de dieu, est par la foy de Iesus Christ

318 352 760 56 a tous ⁊ sur tous ceux qui croyent en luy. Certes

317 395 761 49 il ny a point de differẽce. Tous ont peche ⁊ ont be-

320 437 757 46 soing de la gloire de Dieu, iustifiez sans desserte,

317 480 760 48 par la grace diceluy, par la redẽption laquelle est

318 518 759 52 en Iesus Christ, lequel Dieu a mis deuãt soy, re-

317 560 758 57 cõciliateur par le sang diceluy, a ceux qui ont foy.

317 597 254 52 Romains.3.c.d.

424 642 563 93 La resurrection de la chair.

364 723 713 58 Ie scay que mõ redempteur uit, ⁊ que au dernier

320 770 749 51 iour ie resusciteray de la terre. Et derechief ie seray

318 810 757 57 resuestu de ma peau, ⁊ uerray Dieu en ma chair.

322 850 151 57 Iob.19.d.

362 895 716 46 Comme les eaues se retirẽt de la mer ⁊ le fleuue

322 934 756 52 esuyde se deseiche, ainsi l hõme apres qͥl est endor-

320 979 757 48 my, ne se releuera plus. Il ne se resueillera pas

320 1016 757 51 iusque a ce que le ciel soit brise, ⁊ ne se releuera pas

322 1057 386 54 de son somme. Iob.14.b.

368 1097 697 57 Tes mortz uiuront, mes occis resusciteront.

324 1133 151 62 Isa.16.d.

365 1177 710 57 Pourtãt attendz moy (dit le Seigneur) au iour

322 1222 756 50 de ma resurrectiõ au temps aduenir. Car mon iu-

325 1269 752 47 gement est, de assembler les nations ⁊ recueiller les

324 1306 371 70 royaumes. Sopho.3.b.
