1171 1706
113 173 726 48 L eternel Dieu dit ces choses a ces os; Uoicy ie

73 213 762 51 metteray dedãs uous l esperit, ⁊ uous uiuerez; ⁊ sur

75 261 761 44 uous donneray des nerfz, et feray uenir sur uous

73 297 763 51 la chair, ⁊ estenderay sur uous la peau, ⁊ uous dõ

73 338 763 50 neray esperit ⁊ uous uiuerez, ⁊ congnoistrez que ie

79 386 757 47 suis le Seigneur ⁊c. Et l esperit est entre en eux, et

81 427 754 46 sont resuscitez, ⁊ se sõt mis debout sur leurs piedz,

76 463 759 47 ⁊ estoit un moult grand exercite ⁊c. Et uous tous

78 503 758 51 peuple cõgnoistrez que ie suis le Seigneur, quand

78 547 760 47 ie ouuriray uoz sepulchres, ⁊ uous retireray hors

79 589 759 53 de uoz fosses, ⁊ donneray en uous mon esperit, ⁊

81 628 360 51 uiuerez. Ezech.37.a.b.

122 671 717 45 Et en ce temps la sera sauue mon peuple, qui-

79 710 760 53 conque sera trouue escrit au liure. Lors plusieurs

81 752 757 51 de ceux qui dorment en la poudre ⁊ en la terre, ses-

82 798 754 46 ueilleront, aucuns en uie eternelle; les autres en

85 840 741 47 opprobre, affin que tousiours ilz le uoyent ⁊c.

85 875 210 53 Daniel.12.a.

130 915 715 51 Ie suis le Dieu de Abrahã, ⁊ le Dieu de Isaac,

85 959 758 51 ⁊ le Dieu de Iacob. Il nest pas le Dieu des mortz;

85 1003 486 51 mais des uiuans. Matth.25.c.

128 1046 512 45 Car tous uiuent a luy. Luc.20.g.

126 1087 720 51 Ie scay quil resuscitera a la resurrection au der-

89 1130 317 47 nier iour. Iehã.11.c.

136 1167 710 51 Ie sers ainsi au pere ⁊ a mon Dieu croyant en

89 1206 759 53 toutes les choses qui sont escriptes en la loy ⁊ eis

91 1248 758 49 prophetes, ayant esperance en Dieu, que la resur-

91 1290 758 56 rection des iustes ⁊ iniustes aduiendra, laq̃lle aussi

85 1339 519 54 eux mesmes attendent. Act.24.d.
