1171 1706
71 169 761 71 mortz. Et cõme tous meurẽt par Adam, ainsi aussi

71 226 759 59 tous serõt uiuifiez par Christ, ⁊ un chascun en son

72 271 761 50 ordre. Le premier est Christ; apres ceux qui sont de

72 309 760 57 Christ, lesquelz ont creu en son aduenement ⁊c.

73 351 759 52 Uoicy ie uous dy un mystere. Certes nous ne dor-

71 398 759 48 mirons point tous, toutesfoys nous tous serons

71 436 757 50 muez, en un moment, en un iect d oeil, en la der-

69 480 756 50 niere trompe. Car la trompe sonnera, et les mortz

69 514 756 56 resusciteront incorruptibles; ⁊ nous serons muez.

71 557 754 52 Car il faut que ce corruptible, ueste incorruption;

72 598 662 54 ⁊ ce mortel, ueste immortalite. 1.Corin.15.d.

115 638 711 54 Nul ne poeut uenir a moy; se mon pere qui ma

69 683 757 56 enuoye, ne le tire; ⁊ ie le resusciteray au dernier ioͬ.

73 722 161 54 Iehã.6.d.

115 760 715 53 Mais nostre cõuersation est eis cieux, dõt aussi

69 804 759 50 nous attendõs le sauueur, nostre Seigneur Iesus

71 847 758 51 Christ, qui reformera le corps de nostre humilite

72 889 754 47 en le conformant au corps de sa clarte selon l ope-

71 931 754 52 ratiõ de sa puissance, par laquelle aussi poeut as-

73 972 600 54 subiectir toutes choses a soy. Phil.3.d.

108 1012 717 52 Appelle paoures, debiles, boiteux, aueugles ⁊c.

72 1053 750 60 Certainemẽt il te sera retribue en la resurrection

72 1097 319 46 des iustes. Luc.14.c.

115 1131 711 53 La creature sera deliuree de la seruitude de cor-

69 1177 757 52 ruptiõ, en la liberte de la gloire des enfãs de dieu.

72 1224 753 49 Nous scauõs certes que toute creature gemit ⁊ tra

72 1261 751 54 uaille iusque a present, ⁊ non point seullemẽt elle;

73 1309 752 45 mais nous aussi qui auõs les premiers fruictz de

51 1342 772 66 l esperit gemissons mesme par dedẽs nous en attẽ-
