<?xml version="1.0" encoding="UTF-8"?>
<alto xmlns:xsi="http://www.w3.org/2001/XMLSchema-instance"
      xmlns="http://www.loc.gov/standards/alto/ns-v4#"
      xsi:schemaLocation="http://www.loc.gov/standards/alto/ns-v4# http://www.loc.gov/standards/alto/v4/alto-4-2.xsd">
  <Description>
    <MeasurementUnit>pixel</MeasurementUnit>
    <sourceImageInformation>
      <fileName>86_db439_default.jpg</fileName>
      <fileIdentifier>https://www.e-rara.ch/gep_g/i3f/v20/1971597/full/full/0/default.jpg</fileIdentifier>
    </sourceImageInformation>
  </Description>
  
  <Tags>
    <OtherTag ID="BT742" LABEL="DropCapitalZone" DESCRIPTION="block type DropCapitalZone"/><OtherTag ID="BT743" LABEL="GraphicZone" DESCRIPTION="block type GraphicZone"/><OtherTag ID="BT744" LABEL="MainZone" DESCRIPTION="block type MainZone"/><OtherTag ID="BT745" LABEL="MarginTextZone" DESCRIPTION="block type MarginTextZone"/><OtherTag ID="BT746" LABEL="NumberingZone" DESCRIPTION="block type NumberingZone"/><OtherTag ID="BT747" LABEL="QuireMarksZone" DESCRIPTION="block type QuireMarksZone"/><OtherTag ID="BT748" LABEL="RunningTitleZone" DESCRIPTION="block type RunningTitleZone"/><OtherTag ID="BT749" LABEL="StampZone" DESCRIPTION="block type StampZone"/><OtherTag ID="BT750" LABEL="DamageZone" DESCRIPTION="block type DamageZone"/><OtherTag ID="BT794" LABEL="CustomZone" DESCRIPTION="block type CustomZone"/><OtherTag ID="BT795" LABEL="TableZone" DESCRIPTION="block type TableZone"/><OtherTag ID="BT800" LABEL="TitlePageZone" DESCRIPTION="block type TitlePageZone"/>
    <OtherTag ID="LT4" LABEL="Signature" DESCRIPTION="line type Signature"/><OtherTag ID="LT251" LABEL="DefaultLine" DESCRIPTION="line type DefaultLine"/><OtherTag ID="LT252" LABEL="HeadingLine" DESCRIPTION="line type HeadingLine"/><OtherTag ID="LT253" LABEL="DropCapitalLine" DESCRIPTION="line type DropCapitalLine"/>
  </Tags>
  
  <Layout>
    <Page WIDTH="1171"
          HEIGHT="1706"
          PHYSICAL_IMG_NR="86"
          ID="eSc_dummypage_">
      <PrintSpace HPOS="0"
                  VPOS="0"
                  WIDTH="1171"
                  HEIGHT="1706">
        
        <TextBlock HPOS="82"
                   VPOS="147"
                   WIDTH="783"
                   HEIGHT="1245"
                   ID="eSc_textblock_4db116e6"
                   TAGREFS="BT744">
          <Shape><Polygon POINTS="82 147 82 1392 865 1392 865 147"/></Shape>
          
          
          <TextLine ID="eSc_line_47f3975a"
                    TAGREFS="LT251"
                    BASELINE="140 201 846 217" 
                    HPOS="138"
                    VPOS="154"
                    WIDTH="707"
                    HEIGHT="73">
            <Shape><Polygon POINTS="139 200 138 210 139 211 140 211 140 213 142 213 143 213 145 213 266 208 280 216 281 216 283 216 327 210 330 210 332 210 367 217 368 217 369 217 391 211 394 211 399 213 424 218 425 218 426 218 451 214 459 213 842 227 845 216 845 176 663 174 658 170 654 166 654 164 653 164 651 164 650 164 591 167 542 170 517 166 499 162 497 162 496 162 485 164 468 169 463 163 462 162 461 162 461 160 459 160 458 160 456 160 439 163 424 166 409 162 398 159 396 159 395 159 375 162 338 166 236 157 204 154 203 154 202 154 197 156 177 162 139 154 139 200"/></Shape>
	    <String CONTENT="Ie suis L eternel, cest mon nom; ie ne donneray"
                    HPOS="138"
                    VPOS="154"
                    WIDTH="707"
                    HEIGHT="73"></String>
          </TextLine>

          
          
          <TextLine ID="eSc_line_bfad8984"
                    TAGREFS="LT251"
                    BASELINE="98 240 835 257" 
                    HPOS="96"
                    VPOS="203"
                    WIDTH="739"
                    HEIGHT="64">
            <Shape><Polygon POINTS="781 216 766 216 761 214 751 220 744 220 614 210 613 210 611 210 590 216 574 208 573 208 571 208 570 208 544 216 543 216 542 216 529 207 527 207 526 207 525 207 490 214 488 214 482 214 419 206 418 206 377 211 374 211 372 211 348 204 340 204 331 204 293 210 287 210 283 210 260 203 254 203 240 203 226 203 212 203 200 203 102 204 98 211 98 240 96 247 281 260 283 260 341 254 352 261 354 261 355 261 357 261 404 255 589 267 590 267 833 264 835 257 835 223 788 216 781 216"/></Shape>
	    <String CONTENT="a aucun ma gloire, ne ma louenge aux images."
                    HPOS="96"
                    VPOS="203"
                    WIDTH="739"
                    HEIGHT="64"></String>
          </TextLine>

          
          
          <TextLine ID="eSc_line_b4b65810"
                    TAGREFS="LT251"
                    BASELINE="99 287 284 282" 
                    HPOS="98"
                    VPOS="241"
                    WIDTH="186"
                    HEIGHT="54">
            <Shape><Polygon POINTS="254 244 240 244 234 244 219 248 212 250 203 248 182 243 169 243 155 241 142 241 98 245 99 287 99 294 281 295 284 282 283 250 260 244 254 244"/></Shape>
	    <String CONTENT="Isaie.42.b."
                    HPOS="98"
                    VPOS="241"
                    WIDTH="186"
                    HEIGHT="54"></String>
          </TextLine>

          
          
          <TextLine ID="eSc_line_c9e4acb5"
                    TAGREFS="LT251"
                    BASELINE="140 322 852 336" 
                    HPOS="139"
                    VPOS="282"
                    WIDTH="713"
                    HEIGHT="64">
            <Shape><Polygon POINTS="183 285 169 285 155 287 140 287 140 322 139 329 849 346 852 336 852 301 802 292 801 292 799 292 786 298 785 299 785 298 778 292 778 291 776 291 775 291 774 291 741 297 731 298 712 297 670 291 668 291 623 294 586 295 571 292 552 287 550 287 549 287 527 291 509 294 458 288 425 285 424 285 408 287 377 291 364 285 355 282 354 282 352 282 308 284 213 288 189 285 183 285"/></Shape>
	    <String CONTENT="L eternel uostre dieu a parle du millieu du feu,"
                    HPOS="139"
                    VPOS="282"
                    WIDTH="713"
                    HEIGHT="64"></String>
          </TextLine>

          
          
          <TextLine ID="eSc_line_cbd1ff02"
                    TAGREFS="LT251"
                    BASELINE="99 363 853 381" 
                    HPOS="98"
                    VPOS="321"
                    WIDTH="755"
                    HEIGHT="67">
            <Shape><Polygon POINTS="583 332 536 334 483 336 478 332 475 329 473 329 472 329 470 329 451 331 421 335 414 331 411 328 409 328 408 328 406 328 372 329 295 332 287 326 284 326 270 325 264 325 179 329 99 321 99 363 98 373 850 388 853 381 853 345 584 332 583 332"/></Shape>
	    <String CONTENT="Uous auez ouy la uoix des parolles, mais pas na"
                    HPOS="98"
                    VPOS="321"
                    WIDTH="755"
                    HEIGHT="67"></String>
          </TextLine>

          
          
          <TextLine ID="eSc_line_bcfe83ce"
                    TAGREFS="LT251"
                    BASELINE="98 403 853 420" 
                    HPOS="96"
                    VPOS="366"
                    WIDTH="757"
                    HEIGHT="60">
            <Shape><Polygon POINTS="781 379 766 379 765 379 751 383 749 383 746 383 731 378 724 378 709 378 704 378 682 382 680 382 675 382 650 376 638 376 624 376 610 376 603 375 553 379 540 379 539 379 529 373 525 373 510 373 496 373 482 373 479 372 433 376 421 376 412 376 377 371 368 371 354 371 340 369 337 369 321 373 318 375 294 375 294 373 290 368 283 368 268 368 254 368 240 368 226 368 213 366 98 368 98 403 96 410 850 426 853 420 852 386 793 386 792 385 785 379 781 379"/></Shape>
	    <String CONTENT="uez ueu la semblance; fors que la uoix. Et uoꝰ an-"
                    HPOS="96"
                    VPOS="366"
                    WIDTH="757"
                    HEIGHT="60"></String>
          </TextLine>

          
          
          <TextLine ID="eSc_line_5eed48bd"
                    TAGREFS="LT251"
                    BASELINE="98 444 848 462" 
                    HPOS="96"
                    VPOS="408"
                    WIDTH="752"
                    HEIGHT="59">
            <Shape><Polygon POINTS="98 444 96 450 845 467 848 462 848 425 98 408 98 444"/></Shape>
	    <String CONTENT="nõcea son alliãce, laquelle uous cõmanda a faire;"
                    HPOS="96"
                    VPOS="408"
                    WIDTH="752"
                    HEIGHT="59"></String>
          </TextLine>

          
          
          <TextLine ID="eSc_line_d6f19e1a"
                    TAGREFS="LT251"
                    BASELINE="96 487 852 504" 
                    HPOS="95"
                    VPOS="450"
                    WIDTH="757"
                    HEIGHT="63">
            <Shape><Polygon POINTS="680 459 665 459 651 457 637 457 623 457 608 457 594 456 587 456 552 460 544 460 540 456 537 456 523 454 509 454 495 454 480 454 466 453 452 453 438 453 424 453 415 452 96 450 96 487 95 494 849 513 852 504 852 467 684 459 680 459"/></Shape>
	    <String CONTENT="cestascauoir dix parolles, ⁊ les escrit sur deux ta-"
                    HPOS="95"
                    VPOS="450"
                    WIDTH="757"
                    HEIGHT="63"></String>
          </TextLine>

          
          
          <TextLine ID="eSc_line_33b38989"
                    TAGREFS="LT251"
                    BASELINE="96 527 849 545" 
                    HPOS="95"
                    VPOS="489"
                    WIDTH="754"
                    HEIGHT="65">
            <Shape><Polygon POINTS="224 491 219 490 190 490 182 490 167 490 157 489 143 489 139 489 125 489 110 489 96 489 96 527 95 533 846 554 849 545 849 510 237 491 224 491"/></Shape>
	    <String CONTENT="bles de pierre. Et me cõmanda L eternel en ce tẽps"
                    HPOS="95"
                    VPOS="489"
                    WIDTH="754"
                    HEIGHT="65"></String>
          </TextLine>

          
          
          <TextLine ID="eSc_line_873cb82c"
                    TAGREFS="LT251"
                    BASELINE="96 568 849 585" 
                    HPOS="95"
                    VPOS="528"
                    WIDTH="754"
                    HEIGHT="70">
            <Shape><Polygon POINTS="637 541 623 541 608 540 607 540 594 540 580 540 566 540 552 538 537 538 523 538 509 538 495 537 480 537 466 537 452 537 438 535 375 538 362 538 361 538 354 534 352 534 338 534 324 533 310 533 295 533 281 533 280 531 199 534 182 534 180 534 169 530 167 530 153 528 143 528 96 531 96 568 95 580 532 584 550 587 600 594 601 594 647 588 655 588 657 588 671 595 673 595 674 595 712 589 718 589 724 589 795 598 796 598 848 591 849 585 849 550 641 541 637 541"/></Shape>
	    <String CONTENT="la, de uous enseigner les ordõnances, ⁊ iugemẽs;"
                    HPOS="95"
                    VPOS="528"
                    WIDTH="754"
                    HEIGHT="70"></String>
          </TextLine>

          
          
          <TextLine ID="eSc_line_69b433bd"
                    TAGREFS="LT251"
                    BASELINE="98 611 849 625" 
                    HPOS="96"
                    VPOS="572"
                    WIDTH="753"
                    HEIGHT="59">
            <Shape><Polygon POINTS="98 611 96 618 846 631 849 625 849 591 98 572 98 611"/></Shape>
	    <String CONTENT="affin que uous les faciez en la terre, a laq̃lle uous"
                    HPOS="96"
                    VPOS="572"
                    WIDTH="753"
                    HEIGHT="59"></String>
          </TextLine>

          
          
          <TextLine ID="eSc_line_fe977846"
                    TAGREFS="LT251"
                    BASELINE="96 653 849 668" 
                    HPOS="95"
                    VPOS="617"
                    WIDTH="754"
                    HEIGHT="58">
            <Shape><Polygon POINTS="665 622 651 622 637 622 623 621 608 621 606 621 563 625 554 625 553 625 547 619 537 619 533 619 506 624 503 624 500 624 486 619 480 619 466 618 452 618 438 618 424 618 409 618 395 617 381 617 367 617 352 617 338 617 324 617 96 617 96 653 95 659 846 675 849 668 849 631 678 622 665 622"/></Shape>
	    <String CONTENT="passez pour la posseder. Et prenez garde songneu-"
                    HPOS="95"
                    VPOS="617"
                    WIDTH="754"
                    HEIGHT="58"></String>
          </TextLine>

          
          
          <TextLine ID="eSc_line_e747ea66"
                    TAGREFS="LT251"
                    BASELINE="96 692 849 707" 
                    HPOS="95"
                    VPOS="655"
                    WIDTH="754"
                    HEIGHT="58">
            <Shape><Polygon POINTS="808 668 793 668 781 668 755 671 749 671 742 671 715 666 708 666 694 665 680 665 665 665 651 665 637 665 631 665 604 666 580 668 576 666 570 663 566 663 552 663 539 662 522 665 510 666 509 665 506 662 495 662 480 662 478 661 469 663 461 665 456 663 449 661 438 661 424 661 409 661 405 659 392 662 372 663 359 661 354 659 352 659 338 659 324 659 321 658 321 659 317 662 314 659 313 658 310 658 295 658 281 658 278 658 271 659 258 661 251 658 250 656 239 656 224 656 221 656 219 658 212 659 204 656 196 656 182 656 167 655 153 655 139 655 125 655 110 655 96 655 96 692 95 698 846 713 849 707 848 673 820 668 808 668"/></Shape>
	    <String CONTENT="semẽt a uoz ames, car uous nauez ueu nulle sem-"
                    HPOS="95"
                    VPOS="655"
                    WIDTH="754"
                    HEIGHT="58"></String>
          </TextLine>

          
          
          <TextLine ID="eSc_line_a76ddf19"
                    TAGREFS="LT251"
                    BASELINE="96 733 845 749" 
                    HPOS="95"
                    VPOS="699"
                    WIDTH="750"
                    HEIGHT="55">
            <Shape><Polygon POINTS="96 733 95 739 842 754 845 749 845 715 96 699 96 733"/></Shape>
	    <String CONTENT="blance au iour q̃ L eternel, uostre dieu parla a uoꝰ"
                    HPOS="95"
                    VPOS="699"
                    WIDTH="750"
                    HEIGHT="55"></String>
          </TextLine>

          
          
          <TextLine ID="eSc_line_53c96cea"
                    TAGREFS="LT251"
                    BASELINE="95 773 848 791" 
                    HPOS="93"
                    VPOS="735"
                    WIDTH="755"
                    HEIGHT="62">
            <Shape><Polygon POINTS="735 747 721 747 712 746 644 752 636 752 633 752 608 744 607 744 594 744 574 750 573 750 571 750 557 743 550 743 544 743 519 749 515 749 510 749 469 742 465 742 451 742 436 742 433 740 367 744 361 744 358 744 335 739 322 739 310 739 297 743 295 743 293 743 258 737 251 737 237 737 223 736 176 740 170 740 169 740 162 735 152 735 138 735 129 735 95 737 95 773 93 779 845 797 848 791 848 757 738 747 735 747"/></Shape>
	    <String CONTENT="en Horeb du millieu du feu; affin que ne soyez cor-"
                    HPOS="93"
                    VPOS="735"
                    WIDTH="755"
                    HEIGHT="62"></String>
          </TextLine>

          
          
          <TextLine ID="eSc_line_3c23168c"
                    TAGREFS="LT251"
                    BASELINE="95 814 846 834" 
                    HPOS="93"
                    VPOS="776"
                    WIDTH="753"
                    HEIGHT="64">
            <Shape><Polygon POINTS="749 790 735 790 721 789 707 789 692 789 678 789 674 787 604 790 584 790 580 790 567 786 564 786 550 784 536 784 522 784 507 784 506 783 449 786 433 786 431 786 418 781 408 781 394 781 379 780 330 783 317 783 308 781 288 779 280 779 266 777 251 777 237 777 223 777 209 776 194 776 180 776 175 776 95 776 95 814 93 820 843 840 846 834 846 797 754 790 749 790"/></Shape>
	    <String CONTENT="rõpus, ⁊ faciez pour uous tailleure, similitude de"
                    HPOS="93"
                    VPOS="776"
                    WIDTH="753"
                    HEIGHT="64"></String>
          </TextLine>

          
          
          <TextLine ID="eSc_line_d16a8d18"
                    TAGREFS="LT251"
                    BASELINE="93 857 846 875" 
                    HPOS="92"
                    VPOS="818"
                    WIDTH="754"
                    HEIGHT="66">
            <Shape><Polygon POINTS="663 830 657 830 641 834 636 835 631 834 617 828 616 828 614 828 543 831 506 833 503 830 497 825 492 825 478 825 463 824 449 824 435 824 421 824 406 823 399 827 395 830 392 827 389 823 388 823 378 823 372 823 351 825 328 828 301 824 276 820 264 820 250 818 236 818 221 818 207 818 93 818 93 857 92 865 843 884 846 875 846 841 694 838 688 835 671 830 663 830"/></Shape>
	    <String CONTENT="image quelconque, soit espece de masle, ou de fe-"
                    HPOS="92"
                    VPOS="818"
                    WIDTH="754"
                    HEIGHT="66"></String>
          </TextLine>

          
          
          <TextLine ID="eSc_line_79f94ee9"
                    TAGREFS="LT251"
                    BASELINE="95 898 429 905" 
                    HPOS="93"
                    VPOS="861"
                    WIDTH="336"
                    HEIGHT="55">
            <Shape><Polygon POINTS="95 898 93 904 426 916 429 905 428 868 95 861 95 898"/></Shape>
	    <String CONTENT="melle. 5.Moyse.4.b."
                    HPOS="93"
                    VPOS="861"
                    WIDTH="336"
                    HEIGHT="55"></String>
          </TextLine>

          
          
          <TextLine ID="eSc_line_349aea35"
                    TAGREFS="LT251"
                    BASELINE="138 941 845 956" 
                    HPOS="136"
                    VPOS="899"
                    WIDTH="709"
                    HEIGHT="63">
            <Shape><Polygon POINTS="394 905 379 905 365 905 351 904 337 904 330 904 270 907 203 901 194 901 180 901 166 901 152 899 138 899 138 941 136 946 842 962 845 956 845 919 718 908 717 908 640 912 591 914 577 909 563 905 562 905 560 905 559 905 557 905 552 908 546 912 537 908 526 904 525 904 523 904 475 907 409 909 402 905 394 905"/></Shape>
	    <String CONTENT="Prenez garde a uous; affin q̃ ne oubliez l allian"
                    HPOS="136"
                    VPOS="899"
                    WIDTH="709"
                    HEIGHT="63"></String>
          </TextLine>

          
          
          <TextLine ID="eSc_line_2b304368"
                    TAGREFS="LT251"
                    BASELINE="93 982 843 998" 
                    HPOS="92"
                    VPOS="942"
                    WIDTH="751"
                    HEIGHT="61">
            <Shape><Polygon POINTS="805 956 791 956 776 955 765 955 754 959 752 959 721 955 719 955 705 953 691 953 690 953 661 958 657 958 654 958 636 952 634 952 620 952 606 952 591 952 577 951 570 951 465 953 443 953 441 953 432 948 421 948 406 948 395 946 355 949 324 945 321 945 307 945 293 945 285 945 268 949 266 951 237 951 237 949 231 943 221 943 207 943 193 942 192 942 93 945 93 982 92 992 840 1003 843 998 843 962 805 956 805 956"/></Shape>
	    <String CONTENT="ce de L eternel uostre dieu, laq̃lle a faict auec uous"
                    HPOS="92"
                    VPOS="942"
                    WIDTH="751"
                    HEIGHT="61"></String>
          </TextLine>

          
          
          <TextLine ID="eSc_line_de59d4c7"
                    TAGREFS="LT251"
                    BASELINE="95 1022 843 1039" 
                    HPOS="93"
                    VPOS="988"
                    WIDTH="750"
                    HEIGHT="61">
            <Shape><Polygon POINTS="792 998 778 998 766 996 634 999 618 999 617 999 600 993 593 993 581 993 544 998 537 998 527 996 482 990 479 990 465 990 461 990 433 995 431 995 429 995 414 989 408 989 394 989 379 989 365 988 351 988 337 988 322 988 308 988 95 988 95 1022 93 1032 840 1049 843 1039 843 1005 793 998 792 998"/></Shape>
	    <String CONTENT="⁊ que ne uous faciez image taillee de tout ce q̃ L e-"
                    HPOS="93"
                    VPOS="988"
                    WIDTH="750"
                    HEIGHT="61"></String>
          </TextLine>

          
          
          <TextLine ID="eSc_line_d669f226"
                    TAGREFS="LT251"
                    BASELINE="93 1063 840 1081" 
                    HPOS="92"
                    VPOS="1023"
                    WIDTH="748"
                    HEIGHT="64">
            <Shape><Polygon POINTS="776 1037 775 1037 581 1039 566 1039 562 1039 510 1032 506 1032 492 1032 482 1032 476 1036 431 1030 421 1030 406 1030 392 1029 352 1033 347 1027 335 1027 321 1027 307 1027 293 1027 278 1026 264 1026 251 1026 237 1030 206 1025 193 1025 179 1025 165 1025 157 1023 93 1027 93 1063 92 1070 838 1087 840 1081 840 1046 786 1046 785 1044 779 1039 779 1037 776 1037"/></Shape>
	    <String CONTENT="ternel uostre dieu uous a defẽdu; car L eternel ton"
                    HPOS="92"
                    VPOS="1023"
                    WIDTH="748"
                    HEIGHT="64"></String>
          </TextLine>

          
          
          <TextLine ID="eSc_line_29f27661"
                    TAGREFS="LT251"
                    BASELINE="95 1104 842 1124" 
                    HPOS="93"
                    VPOS="1064"
                    WIDTH="749"
                    HEIGHT="64">
            <Shape><Polygon POINTS="835 1081 820 1081 806 1081 792 1081 778 1080 764 1080 749 1080 735 1080 721 1079 707 1079 692 1079 678 1079 664 1077 650 1077 636 1077 621 1077 607 1076 593 1076 579 1076 564 1076 550 1074 536 1074 522 1074 507 1074 493 1073 479 1073 465 1073 451 1073 436 1071 422 1071 408 1071 394 1071 379 1070 365 1070 351 1070 337 1070 322 1070 308 1069 294 1069 280 1069 266 1069 251 1067 237 1067 223 1067 209 1067 194 1066 180 1066 166 1066 152 1066 138 1064 123 1064 109 1064 95 1064 95 1104 93 1114 839 1128 842 1124 842 1081 835 1080 835 1081"/></Shape>
	    <String CONTENT="dieu, est un feu deuorant, ⁊ un dieu ialoux. Quãd"
                    HPOS="93"
                    VPOS="1064"
                    WIDTH="749"
                    HEIGHT="64"></String>
          </TextLine>

          
          
          <TextLine ID="eSc_line_b7891096"
                    TAGREFS="LT251"
                    BASELINE="93 1145 843 1161" 
                    HPOS="92"
                    VPOS="1110"
                    WIDTH="751"
                    HEIGHT="62">
            <Shape><Polygon POINTS="691 1121 677 1120 667 1120 643 1123 638 1120 634 1120 620 1118 607 1118 583 1121 571 1123 554 1121 505 1116 492 1116 478 1116 468 1114 445 1118 435 1120 421 1118 384 1113 378 1113 364 1113 350 1111 335 1111 321 1111 308 1110 93 1110 93 1145 92 1150 297 1162 298 1162 426 1158 436 1165 438 1165 439 1165 441 1165 549 1161 789 1172 791 1172 842 1165 843 1161 843 1128 709 1127 707 1124 701 1121 691 1121"/></Shape>
	    <String CONTENT="tu auras engendre des enfans, ⁊ enfans de tes en-"
                    HPOS="92"
                    VPOS="1110"
                    WIDTH="751"
                    HEIGHT="62"></String>
          </TextLine>

          
          
          <TextLine ID="eSc_line_e9a76979"
                    TAGREFS="LT251"
                    BASELINE="95 1187 843 1205" 
                    HPOS="93"
                    VPOS="1147"
                    WIDTH="750"
                    HEIGHT="69">
            <Shape><Polygon POINTS="765 1160 705 1165 701 1165 700 1165 675 1158 664 1158 650 1158 647 1157 571 1162 556 1162 553 1161 539 1155 536 1155 526 1155 506 1161 503 1161 495 1154 493 1154 479 1154 466 1154 398 1158 384 1158 375 1157 341 1151 337 1151 322 1151 310 1151 295 1155 293 1155 169 1152 155 1152 150 1147 138 1147 123 1147 95 1150 95 1187 93 1195 806 1216 808 1216 842 1209 843 1205 843 1170 791 1170 788 1168 774 1160 765 1160"/></Shape>
	    <String CONTENT="fans, ⁊ auras demoure en la terre. Si l hors uous"
                    HPOS="93"
                    VPOS="1147"
                    WIDTH="750"
                    HEIGHT="69"></String>
          </TextLine>

          
          
          <TextLine ID="eSc_line_d0139feb"
                    TAGREFS="LT251"
                    BASELINE="96 1228 842 1245" 
                    HPOS="95"
                    VPOS="1192"
                    WIDTH="747"
                    HEIGHT="59">
            <Shape><Polygon POINTS="96 1228 95 1235 839 1251 842 1245 842 1211 96 1192 96 1228"/></Shape>
	    <String CONTENT="uous corrõpez ⁊ faictes images taillees, similitu-"
                    HPOS="95"
                    VPOS="1192"
                    WIDTH="747"
                    HEIGHT="59"></String>
          </TextLine>

          
          
          <TextLine ID="eSc_line_96175c2b"
                    TAGREFS="LT251"
                    BASELINE="95 1268 838 1285" 
                    HPOS="93"
                    VPOS="1231"
                    WIDTH="745"
                    HEIGHT="65">
            <Shape><Polygon POINTS="764 1243 751 1243 728 1248 721 1249 707 1248 667 1242 664 1242 650 1241 636 1241 606 1245 590 1246 562 1243 510 1238 509 1238 485 1241 466 1243 433 1239 408 1236 394 1235 379 1235 365 1235 354 1235 327 1236 281 1239 268 1235 260 1232 251 1232 237 1232 223 1232 209 1231 194 1231 180 1231 166 1231 95 1231 95 1268 93 1273 835 1296 838 1285 838 1252 771 1243 764 1243"/></Shape>
	    <String CONTENT="de de choses quelcõques, ⁊ faciez mal deuant ton"
                    HPOS="93"
                    VPOS="1231"
                    WIDTH="745"
                    HEIGHT="65"></String>
          </TextLine>

          
          
          <TextLine ID="eSc_line_b1560fdc"
                    TAGREFS="LT251"
                    BASELINE="95 1312 840 1329" 
                    HPOS="93"
                    VPOS="1275"
                    WIDTH="747"
                    HEIGHT="58">
            <Shape><Polygon POINTS="711 1282 671 1289 664 1289 657 1288 624 1280 623 1280 550 1285 532 1286 523 1285 496 1278 495 1278 493 1278 492 1278 472 1283 470 1283 466 1283 392 1275 379 1275 365 1275 351 1275 95 1275 95 1312 93 1316 838 1333 840 1329 840 1293 737 1292 734 1290 719 1282 711 1282"/></Shape>
	    <String CONTENT="seigneur dieu, ton dieu, pour le prouocquer a ire;"
                    HPOS="93"
                    VPOS="1275"
                    WIDTH="747"
                    HEIGHT="58"></String>
          </TextLine>

          
          
          <TextLine ID="eSc_line_690f2900"
                    TAGREFS="LT251"
                    BASELINE="95 1352 839 1371" 
                    HPOS="93"
                    VPOS="1315"
                    WIDTH="746"
                    HEIGHT="82">
            <Shape><Polygon POINTS="778 1329 771 1327 759 1327 749 1327 735 1327 734 1327 725 1330 717 1333 700 1330 680 1326 678 1326 664 1326 658 1324 650 1329 643 1332 640 1329 634 1324 621 1324 607 1324 597 1324 569 1327 547 1329 542 1326 533 1322 522 1322 507 1322 493 1322 480 1322 441 1324 416 1326 391 1323 334 1317 322 1317 308 1317 294 1317 284 1316 280 1322 278 1322 254 1316 251 1316 237 1316 223 1316 209 1315 194 1315 182 1315 106 1317 95 1349 95 1352 93 1361 219 1366 246 1379 247 1379 248 1379 288 1371 308 1388 310 1388 311 1388 359 1390 361 1390 500 1387 520 1394 522 1394 523 1394 525 1394 559 1379 583 1393 584 1393 586 1393 587 1393 620 1388 641 1397 643 1397 644 1397 645 1397 694 1380 709 1390 711 1390 712 1390 714 1390 715 1390 745 1381 779 1388 781 1388 838 1381 839 1371 839 1333 779 1329 778 1329"/></Shape>
	    <String CONTENT="ie appelle auiourdhuy en tesmoignage le ciel ⁊ la"
                    HPOS="93"
                    VPOS="1315"
                    WIDTH="746"
                    HEIGHT="82"></String>
          </TextLine>

          
        </TextBlock>
        

        
      </PrintSpace>
    </Page>
  </Layout>
</alto>
