1171 1706
318 153 750 64 terre contre uous, que du tout perirez bien tost de

317 191 748 67 la terre, en laquelle uous allez oultre le Iordain

321 233 741 65 pour la posseder; et ny prolongerez uoz iours,

322 271 739 71 car uous serez du tout destruictz ⁊c. 5.Moy-

327 334 132 47 se.4.d.

368 351 699 66 A qͥ ferez uous ressembler Dieu, ⁊ quelle sem-

325 393 746 67 blance mettrez uoꝰ pour luy? l ouurier ne fond il

327 437 740 69 point l image? l orfebure, ne le figure il point en

325 483 746 62 or? et l argentier, de lames d argent? ⁊c. En auez

328 518 743 71 uous congnoissance? l auez uous ouy? Le uous

327 560 748 65 a on annonce des le commencement? ⁊c. A qui

327 604 747 61 mauez uous faict semblable ⁊ accompare, dit le

328 642 746 74 Sainct. Esleuez uoz yeux en haut, ⁊ regardez qui

328 692 461 54 a cree ces choses. Isaie.40.e.f.

372 722 705 68 A quoy mauez uous figure, ⁊ contrefaict; accõ

330 770 747 65 pare et faict semblable? qui tirez l or du sacchet,

331 811 748 60 et poisez l argent aux balances. Uous louez l or-

334 847 744 68 febure, et faict ce dieu. Puis se prosternent et la-

331 892 747 66 dorent, ilz le leuent sur leurs espaules, ilz le por-

334 931 747 67 tent, et le posent en son lieu. Lors est arreste

335 975 747 65 en son lieu, et ne se bouge. Et si aucun crie a

335 1016 746 67 luy, il ne respond rien, il ne deliure point de tri-

338 1054 744 63 bulation. Uous souuienne de ce, et uous fortifiez.

340 1097 745 71 Preuaricateurs changez uostre couraige. Ayez sou

340 1134 744 71 uenance du temps passe; car moymesme ie suis

341 1184 726 58 dieu et ny a autre dieu, uoire ne comme moy ⁊c.

344 1236 208 56 Isaie.46.b.c.

384 1259 703 70 Ne uous retournez point aux idoles, ⁊ ne uous

345 1302 702 81 faictes point de dieux de fonte. 3.Moyse.19.a.
