1171 1706
96 163 241 51 2.Moyse.34.c.

138 204 715 56 Ie suis L eternel uostre dieu, uous ne uous fe-

96 248 753 50 rez point idoles, ne images taillees, ne esleuerez

96 290 753 45 nulz ueaux, ⁊ ne colloquerez nulle pierre notable

96 329 752 52 en uostre terre pour ladorer. Car ie suis le seigneur

98 372 429 47 uostre dieu. 3.Moyse.26.a.

142 410 707 52 Donnez uous garde que uostre coeur ne soit

98 450 750 50 seduyt, et que uous ne uous retirez du seigneur

98 496 745 51 dieu, et seruiez aux dieux estranges et les adoriez.

98 533 224 55 5.Moyse.11.b.

143 578 705 47 Il ny a pas d idole en Iacob, et simulachre nest

98 615 745 63 pas ueu en Israel. Le seigñr son dieu est auec luy.

101 656 256 53 4.Moyse.23.c.d.

142 695 706 57 Maudict soit l homme qui faict image de tail-

98 739 750 51 le et de fonte, qui est en abhomination au sei-

99 786 749 51 gneur, l oeuure des mains des ouuriers, et qui la

99 820 746 61 mettra en lieu secret. Et tout le peuple respondra ⁊

99 861 509 55 dira. Ainsi soit il. 5.Moyse.27.c.

142 904 706 52 Et si au millieu de toy se lieue un prophete ou

98 946 748 56 aucun qui dise quil a ueu un songe, lequel pre-

99 988 749 56 dise signe et chose merueilleuse, et que ce quil a

98 1027 747 59 dit soit aduenu, et quil te dise; Allons ⁊ suyuons

98 1069 745 58 les dieux q̃ tu ne congnois point ⁊ seruons a eux,

98 1114 747 48 tu ne escouteras point les parolles de ce prophete

98 1152 745 54 la, ou du songeur. Car le Seigneur uostre Dieu,

99 1195 746 56 uous tente pour scauoir si manifestement uous le

98 1236 744 56 aymez ou non, de tout uostre coeur ⁊ de toute uo-

99 1272 418 64 stre ame ⁊c. 5.Moyse.13.a.
