2212 3563
442 148 988 154 Naturelle. Chap̃.u.

160 302 1382 143 pourtant foursenerõt ceulx qui luy

190 429 1336 135 font honneur ⁊ peu de gens seront

180 538 346 146 delaissez.

409 665 852 126 ¶ Hierosme sur ce passaige/

558 760 457 101 au .uiii. liure.

144 853 1368 114 ¶ Que les Iuifz escoutent (lesquelz se glori¬

142 948 1359 103 fient quilz ont seul receu la loy du seigñr) q̃

138 1035 1376 93 p̃mieremẽt toutes gẽs/ ⁊ tout le mõde a receu

136 1114 1361 99 la loy naturelle: ⁊ q̃ poͬ ce a este dõnee la loy

136 1195 1365 103 par Moyse/ apres q̃ la premiere loy estoit dissi

138 1274 1361 107 pee. De laq̃lle dit lapostre. * Quãt les gẽs qͥ

132 1361 1376 101 nont point de loy/ font naturellemẽt les cho¬

142 1450 1368 99 ses qͥ sont par la loy: ceulx icy qui nont point

138 1528 1374 103 de loy/ sõt loy a eulx mesmes: lesquelz demon

146 1611 1376 97 strẽt loeuure de la loy escripte en leurs cueͬs.

152 1690 1402 99 Ceulx dõcques qͥ garderõt ces loix: ilz auront

154 1771 1390 101 loyer: mais ceulx qͥ les laisserõt: ilz souffrirõt

150 1854 1368 93 les choses q̃ la parolle ꝓpheticq̃ a maintenãt

138 1943 1376 93 dit ⁊ menace. Et ainsi q̃ au cõmẽcemẽt dieu be

132 2021 1380 102 neict toute creature qͥl auoit faict: ainsi maul¬

136 2104 1297 110 dira il ceulx qui sont terriens/ en la fin ⁊c.

360 2207 960 114 ¶ Ambroise/ au liure de Para¬

568 2294 560 103 dis/ au huytiesme

689 2379 348 93 Chapitre.

145 2455 1401 119 ¶ Quelle chose est peche/ sinon la preuarica¬

142 2550 1404 113 tion de la loy diuine/ ⁊ linobediẽce des cõman

148 2636 1386 113 demens celestes? Car nous ne iugeons point

150 2725 1368 99 des cõmãdemẽs celestes/ par les aureilles du

136 2812 1376 101 corps: mais poͬ ce q̃ cest la parolle de dieu/ au¬

140 2895 1378 115 cunes opinions de bien ⁊ de mal sont en nous

1620 151 134 154 50

1540 882 240 109 La loy

1532 973 276 101 mosaicq̃

1538 1059 273 102 a este dõ

1532 1146 262 91 nee poͬ

1532 1221 281 97 la trans¬

1542 1302 258 111 gression

1540 1393 266 97 de la loy

1534 1480 287 111 naturel¬

1556 1561 65 85 Ie.

1576 1638 224 97 Ro.2.c

1540 1959 264 129 Geñ.1.c

1581 2440 235 140 Quelle

1566 2562 241 119 chose est

1554 2645 173 157 peche.

853 2975 665 126 G .ii. pullulees:
