2211 3563
1034 150 422 131 De la loy

645 290 1401 95 pullulees: quant naturellement nous enten¬

657 376 1385 99 dons/ que ce qui est mal/ le debuons euiter: ⁊ q̃

655 459 1387 103 aussi naturellemẽt noꝰ entẽdõs/ q̃ ce qͥ est bon

639 538 1403 113 noꝰ est cõmande. Parquoy en cela sõmes noꝰ

631 625 1417 105 estimez ouyr la uoix du seigñr: de ce quil def¬

630 708 1416 103 fend aucunes choses/ ⁊ cõmãde les autres. Et

635 786 1412 116 pourtãt: si aucun nobeist pas aux choses que

638 872 1406 107 nous croyons estre une foys commandees de

645 962 1403 98 dieu: cestuy est estime coulpable de la peine.

671 1037 1373 107 * Mais le cõmandement de dieu nest pas leu

653 1126 1387 93 de nous: cõme escript dencre dedẽs aucunes ta

643 1213 1395 91 bles de pierre: mais le tenons imprime en noz

641 1294 1407 97 cueurs par lesprit de dieu uiuant. Doncques

657 1371 1397 109 nostre opiniõ faict a soymesme la loy. Car si

669 1454 1375 107 les gentilz qui nont pas de loy/ font naturelle

667 1536 1381 110 ment les choses qui appartiennẽt a la loy: ilz

671 1619 1385 113 sont loy a eulx mesmes. Parquoy lhumaine

667 1708 1254 101 opinion/ est en elle comme la loy de dieu.

842 1785 1099 113 ¶ Augustin cõtre Iulian Pelagien/

911 1876 941 91 au .iiii. liure/ au .iii. Chapitre.

656 1944 1391 125 ¶ Poͬtãt sõt dictz ceulx qͥ sont sans loy/ fai¬

671 2033 1388 101 re naturellemẽt les choses de la loy: poͬ ce que

661 2125 1391 97 aucuns des gẽtilz sõt uenus a leuãgile/ ⁊ non

659 2211 1395 97 pas ceulx de la circõcision/ a laq̃lle a este dõ¬

651 2290 1405 101 nee la loy: ⁊ pourtãt naturellement sont ue¬

647 2375 1401 99 nus: car icelle nature a este en eulx corrigee ꝑ

653 2456 1320 107 la grace de dieu/ affin qͥlz uinssent a croire.

941 2541 867 109 ¶ Augustin ad Hilarium/ en

1097 2624 527 109 lepistre. lxxxix.

683 2698 1370 116 ¶ Poͬtãt aussi q̃ la loy est en la raison de lhõ

677 2791 1376 112 me (leq̃l desia naturellemẽt use de larbitre de

656 2874 1397 130 liberte) ⁊ est escripte en son cueur: par laquelle

365 780 247 113 deut̃.18.e

350 875 265 122 malach.

353 967 83 104 2.b

352 1094 285 111 Le ꝯmã

352 1193 276 89 demẽt de

356 1266 262 111 dieu nest

358 1357 250 95 pas es¬

356 1429 287 107 cript ꝑ ẽ¬

366 1514 283 97 cre: mais

384 1605 242 91 par le¬

380 1686 174 97 sprit.

356 1941 259 113 ro.11.a.c

365 2039 238 137 Ps̈.66.

362 2675 303 124 Que cest

368 2776 282 110 de la loy

377 2871 261 95 naturel¬

388 2943 97 127 le.

1763 2965 295 107 est incite
