<?xml version="1.0" encoding="UTF-8"?>
<alto xmlns:xsi="http://www.w3.org/2001/XMLSchema-instance"
      xmlns="http://www.loc.gov/standards/alto/ns-v4#"
      xsi:schemaLocation="http://www.loc.gov/standards/alto/ns-v4# http://www.loc.gov/standards/alto/v4/alto-4-2.xsd">
  <Description>
    <MeasurementUnit>pixel</MeasurementUnit>
    <sourceImageInformation>
      <fileName>102_0420c_default.jpg</fileName>
      <fileIdentifier>https://www.e-rara.ch/i3f/v20/4105837/full/full/0/default.jpg</fileIdentifier>
    </sourceImageInformation>
  </Description>
  <Tags>
    <OtherTag ID="BT8" LABEL="DamageZone" DESCRIPTION="block type DamageZone"/><OtherTag ID="BT10" LABEL="DropCapitalZone" DESCRIPTION="block type DropCapitalZone"/><OtherTag ID="BT11" LABEL="GraphicZone" DESCRIPTION="block type GraphicZone"/><OtherTag ID="BT12" LABEL="MainZone" DESCRIPTION="block type MainZone"/><OtherTag ID="BT13" LABEL="MarginTextZone" DESCRIPTION="block type MarginTextZone"/><OtherTag ID="BT15" LABEL="NumberingZone" DESCRIPTION="block type NumberingZone"/><OtherTag ID="BT17" LABEL="QuireMarksZone" DESCRIPTION="block type QuireMarksZone"/><OtherTag ID="BT18" LABEL="RunningTitleZone" DESCRIPTION="block type RunningTitleZone"/><OtherTag ID="BT20" LABEL="StampZone" DESCRIPTION="block type StampZone"/><OtherTag ID="BT21" LABEL="TableZone" DESCRIPTION="block type TableZone"/><OtherTag ID="BT22" LABEL="TitlePageZone" DESCRIPTION="block type TitlePageZone"/><OtherTag ID="BT132" LABEL="MarginTextZone:handwrittenAddition" DESCRIPTION="block type MarginTextZone:handwrittenAddition"/>
    <OtherTag ID="LT7" LABEL="CustomLine" DESCRIPTION="line type CustomLine"/><OtherTag ID="LT8" LABEL="DefaultLine" DESCRIPTION="line type DefaultLine"/><OtherTag ID="LT9" LABEL="DropCapitalLine" DESCRIPTION="line type DropCapitalLine"/><OtherTag ID="LT10" LABEL="HeadingLine" DESCRIPTION="line type HeadingLine"/><OtherTag ID="LT11" LABEL="InterlinearLine" DESCRIPTION="line type InterlinearLine"/><OtherTag ID="LT125" LABEL="default" DESCRIPTION="line type default"/>
  </Tags>
  <Layout>
    <Page WIDTH="2212"
          HEIGHT="3563"
          PHYSICAL_IMG_NR="102"
          ID="eSc_dummypage_">
      <PrintSpace HPOS="0"
                  VPOS="0"
                  WIDTH="2212"
                  HEIGHT="3563">
        <TextBlock HPOS="412"
                   VPOS="261"
                   WIDTH="1032"
                   HEIGHT="127"
                   ID="eSc_textblock_8b6eb99b"
                   TAGREFS="BT18">
          <Shape><Polygon POINTS="412 261 412 388 1444 388 1444 261"/></Shape>
          <TextLine ID="eSc_line_7802ecca"
                    TAGREFS="LT10"
                    BASELINE="424 353 1431 356" 
                    HPOS="419"
                    VPOS="240"
                    WIDTH="1011"
                    HEIGHT="151">
            <Shape><Polygon POINTS="987 374 1004 388 1367 377 1388 391 1403 391 1427 371 1430 353 1430 261 1367 240 1266 258 1242 258 1082 240 1001 282 823 282 767 249 746 240 737 240 689 264 633 243 624 243 550 267 505 240 490 240 490 243 466 264 425 246 419 385"/></Shape>
	    <String CONTENT="Naturelle. Chap̃.u."
                    HPOS="419"
                    VPOS="240"
                    WIDTH="1011"
                    HEIGHT="151"
                    WC="0.9891043242655302"></String>
          </TextLine>
        </TextBlock>
        <TextBlock HPOS="120"
                   VPOS="406"
                   WIDTH="1456"
                   HEIGHT="2664"
                   ID="eSc_textblock_c80a1856"
                   TAGREFS="BT12">
          <Shape><Polygon POINTS="164 406 134 980 120 3070 1528 3066 1567 2549 1535 2401 1544 1847 1576 1730 1565 1700 1543 1641 1544 406"/></Shape>
          <TextLine ID="eSc_line_11e62d38"
                    TAGREFS="LT8"
                    BASELINE="176 463 1528 473" 
                    HPOS="172"
                    VPOS="368"
                    WIDTH="1353"
                    HEIGHT="139">
            <Shape><Polygon POINTS="175 460 172 481 228 498 231 498 234 498 454 486 496 486 520 489 609 501 612 501 758 492 844 489 883 495 927 504 930 504 990 498 1049 492 1519 507 1525 472 1519 383 1248 397 1168 383 1114 374 1111 374 1108 374 1106 374 1106 377 1097 383 1088 394 912 394 671 385 255 368 252 368 249 368 175 385 175 460"/></Shape>
	    <String CONTENT="est incite que nul ne faice a autruy q̃lq̃ mal/ q̃"
                    HPOS="172"
                    VPOS="368"
                    WIDTH="1353"
                    HEIGHT="139"></String>
          </TextLine>
          <TextLine ID="eSc_line_c8e8852c"
                    TAGREFS="LT8"
                    BASELINE="180 544 1518 556" 
                    HPOS="178"
                    VPOS="477"
                    WIDTH="1340"
                    HEIGHT="110">
            <Shape><Polygon POINTS="180 544 178 562 273 576 275 576 348 566 352 566 356 566 400 577 402 577 403 577 532 570 560 568 584 570 659 579 661 579 663 579 665 579 677 572 683 570 796 570 833 574 887 581 889 583 1055 583 1055 581 1057 581 1059 581 1063 577 1071 574 1077 579 1081 581 1081 583 1083 583 1085 583 1087 583 1089 583 1099 579 1108 574 1126 579 1138 583 1140 583 1142 583 1184 579 1265 574 1287 581 1295 585 1297 585 1299 587 1417 587 1417 585 1419 585 1421 585 1435 576 1514 585 1518 556 1518 496 1501 486 1499 486 1497 486 1429 486 1427 486 1425 486 1423 486 1409 498 1407 498 1394 486 1392 486 1390 486 1312 486 1310 486 1231 496 1223 496 1215 496 1152 484 1150 484 1085 494 1075 496 1073 494 1061 484 1061 482 1059 482 1057 482 1055 482 1053 482 1027 494 1017 494 883 484 881 484 794 492 788 492 786 492 760 481 758 481 756 481 681 492 671 492 663 492 619 482 617 482 457 490 429 490 427 490 402 477 400 477 398 477 396 477 348 488 346 490 255 490 253 488 239 477 237 477 235 477 233 477 180 486 180 544"/></Shape>
	    <String CONTENT="luy mesme ne uouldroit pas souffir. Et selon"
                    HPOS="178"
                    VPOS="477"
                    WIDTH="1340"
                    HEIGHT="110"
                    WC="0.9935312393036756"></String>
          </TextLine>
          <TextLine ID="eSc_line_a878861a"
                    TAGREFS="LT8"
                    BASELINE="182 625 1530 637" 
                    HPOS="180"
                    VPOS="562"
                    WIDTH="1350"
                    HEIGHT="107">
            <Shape><Polygon POINTS="182 625 180 643 235 659 237 659 239 659 241 659 283 647 386 659 388 659 390 659 392 659 405 647 407 647 594 647 602 651 629 663 631 663 633 663 843 655 885 655 903 657 964 665 966 665 1019 659 1071 653 1158 653 1174 661 1184 667 1186 667 1188 667 1190 667 1204 663 1225 655 1283 663 1322 669 1324 669 1356 665 1411 657 1526 667 1530 637 1528 574 1334 583 1299 570 1295 570 1293 570 1291 570 1289 570 1285 570 1253 579 1213 570 1211 570 1209 570 1207 570 1206 570 1204 570 1180 583 1083 583 944 570 942 570 859 579 835 566 833 566 831 566 829 566 817 566 736 577 722 566 720 566 718 566 716 566 706 566 524 576 504 564 502 564 501 564 499 564 491 564 370 574 342 562 340 562 338 562 182 562 182 625"/></Shape>
	    <String CONTENT="ceste loy toꝰ ont este p̃uaricateurs: uoire aussi"
                    HPOS="180"
                    VPOS="562"
                    WIDTH="1350"
                    HEIGHT="107"
                    WC="0.9836204818316868"></String>
          </TextLine>
          <TextLine ID="eSc_line_d8d8783c"
                    TAGREFS="LT8"
                    BASELINE="176 708 1532 718" 
                    HPOS="176"
                    VPOS="645"
                    WIDTH="1356"
                    HEIGHT="105">
            <Shape><Polygon POINTS="176 708 176 734 665 734 673 736 716 746 718 746 720 746 722 746 754 736 756 736 784 746 786 746 788 746 790 746 813 736 815 736 817 736 875 746 877 746 974 736 988 736 994 736 1043 748 1045 748 1237 738 1247 738 1251 738 1328 750 1330 750 1530 738 1532 718 1532 667 1370 655 1368 655 1305 665 1297 665 1293 665 1263 651 1261 651 1259 651 1257 651 1255 651 1239 663 1148 651 1146 651 1035 661 992 649 990 649 988 649 986 649 940 661 938 661 881 649 879 649 877 649 875 649 861 661 811 661 720 661 716 661 693 649 691 649 689 649 566 659 556 659 552 659 510 647 508 647 506 647 504 647 479 659 477 659 449 645 447 645 445 645 370 657 368 657 366 657 318 645 316 645 314 645 176 655 176 708"/></Shape>
	    <String CONTENT="ceulx qui nauoiẽt pas receu la loy dõnee par"
                    HPOS="176"
                    VPOS="645"
                    WIDTH="1356"
                    HEIGHT="105"
                    WC="0.9964005571344624"></String>
          </TextLine>
          <TextLine ID="eSc_line_1aad8ee9"
                    TAGREFS="LT8"
                    BASELINE="166 791 1512 803" 
                    HPOS="160"
                    VPOS="727"
                    WIDTH="1350"
                    HEIGHT="107">
            <Shape><Polygon POINTS="163 789 160 816 199 831 202 831 205 831 434 819 505 834 508 834 1507 825 1510 801 1507 730 163 727 163 789"/></Shape>
	    <String CONTENT="Moyse: desquelz est leu en la psalme. cxuii."
                    HPOS="160"
                    VPOS="727"
                    WIDTH="1350"
                    HEIGHT="107"
                    WC="0.9927955310453068"></String>
          </TextLine>
          <TextLine ID="eSc_line_064ae5b2"
                    TAGREFS="LT8"
                    BASELINE="203 876 1528 886" 
                    HPOS="203"
                    VPOS="809"
                    WIDTH="1325"
                    HEIGHT="95">
            <Shape><Polygon POINTS="203 876 203 904 1526 902 1528 886 1526 825 1463 817 1461 817 1421 823 1380 831 1324 823 1269 817 1267 817 1229 823 1202 829 1176 823 1136 815 1134 815 1132 815 1130 815 1116 823 1112 827 1106 823 1097 817 1095 817 1093 817 1091 817 1041 823 998 829 954 823 873 813 871 813 869 813 867 813 851 823 843 829 760 829 750 823 734 815 732 815 730 815 538 823 479 825 475 823 459 809 457 809 455 809 453 809 338 823 330 823 322 823 235 809 233 809 231 809 203 821 203 876"/></Shape>
	    <String CONTENT="* Iay estime que tous les pecheurs de la ter¬"
                    HPOS="203"
                    VPOS="809"
                    WIDTH="1325"
                    HEIGHT="95"></String>
          </TextLine>
          <TextLine ID="eSc_line_e31556fc"
                    TAGREFS="LT8"
                    BASELINE="144 958 1528 969" 
                    HPOS="144"
                    VPOS="890"
                    WIDTH="1384"
                    HEIGHT="107">
            <Shape><Polygon POINTS="144 958 144 987 1297 987 1303 987 1336 997 1338 997 1340 997 1526 987 1528 969 1528 916 1447 916 1445 914 1411 900 1409 900 1407 900 1241 910 1223 898 1221 898 1219 898 1095 898 1093 898 1091 898 1071 908 1055 896 1053 896 1051 896 956 896 954 896 952 896 950 896 932 910 930 910 924 910 833 898 831 898 784 908 768 894 766 894 764 894 762 894 661 908 649 908 445 908 443 906 415 892 413 892 411 892 301 902 285 890 283 890 281 890 279 890 277 890 239 904 237 904 144 904 144 958"/></Shape>
	    <String CONTENT="re ont este preuaricateurs. Mais tous les pe¬"
                    HPOS="144"
                    VPOS="890"
                    WIDTH="1384"
                    HEIGHT="107"
                    WC="0.9983012874921163"></String>
          </TextLine>
          <TextLine ID="eSc_line_90083096"
                    TAGREFS="LT8"
                    BASELINE="142 1041 1528 1051" 
                    HPOS="142"
                    VPOS="975"
                    WIDTH="1386"
                    HEIGHT="95">
            <Shape><Polygon POINTS="142 1041 142 1070 1526 1070 1528 1051 1524 989 1031 993 1013 987 1000 983 998 983 996 983 994 983 986 987 974 993 938 987 887 979 885 979 883 979 865 987 855 993 699 993 617 987 457 977 455 977 453 977 431 987 425 989 415 987 378 975 376 975 374 975 142 985 142 1041"/></Shape>
	    <String CONTENT="cheurs de la terre nõt pas este preuaricateurs"
                    HPOS="142"
                    VPOS="975"
                    WIDTH="1386"
                    HEIGHT="95"
                    WC="0.9948150870647836"></String>
          </TextLine>
          <TextLine ID="eSc_line_b36c1136"
                    TAGREFS="LT8"
                    BASELINE="146 1124 1530 1136" 
                    HPOS="144"
                    VPOS="1057"
                    WIDTH="1386"
                    HEIGHT="110">
            <Shape><Polygon POINTS="146 1124 144 1144 376 1159 378 1159 380 1159 423 1148 425 1148 600 1148 602 1148 613 1159 613 1161 615 1161 617 1161 619 1161 621 1161 655 1150 659 1150 839 1163 841 1165 966 1165 966 1163 968 1163 1004 1152 1007 1152 1013 1152 1093 1165 1095 1167 1207 1167 1207 1165 1209 1165 1211 1165 1227 1154 1229 1154 1241 1154 1340 1163 1342 1163 1528 1155 1530 1136 1528 1080 1459 1066 1457 1066 1400 1078 1392 1078 1384 1076 1340 1066 1338 1066 1336 1066 1334 1066 1308 1076 1301 1078 1287 1076 1253 1068 1251 1068 1215 1074 1204 1076 1200 1074 1192 1066 1190 1066 1188 1066 1186 1066 1120 1072 1087 1076 1081 1072 1069 1062 1067 1062 1065 1062 1063 1062 938 1070 865 1074 855 1068 843 1060 841 1060 839 1060 837 1060 718 1066 609 1072 514 1062 459 1059 457 1059 437 1062 402 1070 366 1060 348 1057 346 1057 253 1057 251 1057 249 1057 247 1057 245 1059 229 1068 146 1059 146 1124"/></Shape>
	    <String CONTENT="de la loy dõnee par Moyse/ de ce que tous ne"
                    HPOS="144"
                    VPOS="1057"
                    WIDTH="1386"
                    HEIGHT="110"
                    WC="0.9993440469106039"></String>
          </TextLine>
          <TextLine ID="eSc_line_719f4ae8"
                    TAGREFS="LT8"
                    BASELINE="142 1209 1530 1219" 
                    HPOS="142"
                    VPOS="1142"
                    WIDTH="1388"
                    HEIGHT="107">
            <Shape><Polygon POINTS="142 1209 142 1235 802 1235 807 1235 833 1245 835 1245 837 1245 839 1245 841 1245 855 1237 857 1235 873 1237 976 1247 978 1247 1095 1237 1101 1237 1108 1237 1209 1247 1211 1247 1213 1247 1243 1237 1245 1237 1249 1237 1320 1249 1322 1249 1528 1237 1530 1219 1526 1152 1275 1163 1198 1150 1182 1148 1180 1148 1150 1150 1017 1161 988 1150 978 1146 976 1146 974 1146 948 1150 879 1159 716 1148 667 1146 665 1146 647 1148 598 1157 576 1148 566 1144 564 1144 562 1144 560 1144 544 1148 506 1157 400 1148 374 1146 372 1146 360 1148 320 1155 310 1148 304 1144 304 1142 302 1142 301 1142 299 1142 275 1148 239 1155 213 1148 200 1142 198 1142 196 1142 142 1146 142 1209"/></Shape>
	    <String CONTENT="lont pas receu: mais toutesfoys silz ne eussẽt"
                    HPOS="142"
                    VPOS="1142"
                    WIDTH="1388"
                    HEIGHT="107"
                    WC="0.9947671649303842"></String>
          </TextLine>
          <TextLine ID="eSc_line_d70b7a2f"
                    TAGREFS="LT8"
                    BASELINE="142 1292 1532 1302" 
                    HPOS="142"
                    VPOS="1227"
                    WIDTH="1390"
                    HEIGHT="105">
            <Shape><Polygon POINTS="142 1292 142 1318 611 1316 621 1320 633 1326 635 1326 637 1326 691 1320 712 1318 734 1320 811 1328 813 1328 873 1320 891 1318 901 1320 928 1328 930 1328 932 1328 934 1328 952 1320 958 1318 966 1320 1000 1330 1002 1330 1004 1330 1134 1320 1150 1320 1152 1320 1166 1330 1168 1330 1170 1330 1172 1330 1297 1322 1318 1332 1320 1332 1322 1332 1530 1320 1532 1302 1530 1235 1437 1251 1400 1251 1384 1237 1384 1235 1382 1235 1380 1235 1378 1235 1368 1235 1211 1247 1196 1235 1194 1233 1192 1233 1190 1233 1101 1233 1099 1233 1097 1233 1089 1237 1063 1247 1041 1237 1035 1233 1033 1233 1031 1233 1013 1237 976 1247 861 1247 839 1237 827 1233 825 1233 823 1233 800 1237 764 1245 750 1237 738 1231 736 1231 734 1231 732 1231 718 1237 701 1245 675 1237 645 1229 643 1229 641 1229 639 1229 637 1229 625 1239 621 1241 617 1239 603 1229 602 1229 600 1229 512 1229 510 1229 508 1229 479 1239 463 1243 273 1243 267 1239 237 1227 235 1227 233 1227 142 1239 142 1292"/></Shape>
	    <String CONTENT="este preuaricateurs daucune loy: ilz ne seroiẽt"
                    HPOS="142"
                    VPOS="1227"
                    WIDTH="1390"
                    HEIGHT="105"
                    WC="0.9985086421171824"></String>
          </TextLine>
          <TextLine ID="eSc_line_d5337887"
                    TAGREFS="LT8"
                    BASELINE="144 1379 1524 1385" 
                    HPOS="142"
                    VPOS="1308"
                    WIDTH="1382"
                    HEIGHT="105">
            <Shape><Polygon POINTS="142 1397 152 1407 152 1409 154 1409 156 1409 158 1409 217 1399 318 1409 320 1409 386 1399 554 1409 556 1409 558 1409 582 1399 584 1399 740 1399 740 1401 764 1411 766 1411 768 1411 869 1403 891 1401 901 1403 934 1411 936 1411 938 1411 980 1403 998 1401 1023 1405 1091 1413 1093 1413 1136 1405 1152 1403 1162 1405 1186 1413 1188 1413 1190 1413 1522 1409 1524 1385 1520 1318 1235 1326 1200 1314 1196 1314 1194 1314 1192 1314 1190 1314 1188 1314 1172 1328 1124 1328 1108 1314 1106 1314 1105 1314 990 1312 988 1312 986 1312 982 1314 964 1322 873 1314 871 1314 792 1324 730 1312 728 1312 726 1312 724 1312 722 1312 706 1326 611 1326 582 1312 580 1312 493 1310 445 1310 443 1310 441 1310 439 1310 423 1324 267 1324 251 1310 249 1310 247 1310 245 1310 198 1320 146 1308 144 1379 142 1397"/></Shape>
	    <String CONTENT="pas appellez preuaricateurs. Car la ou il ny"
                    HPOS="142"
                    VPOS="1308"
                    WIDTH="1382"
                    HEIGHT="105"
                    WC="0.9919983744621277"></String>
          </TextLine>
          <TextLine ID="eSc_line_500d4911"
                    TAGREFS="LT8"
                    BASELINE="144 1458 1524 1466" 
                    HPOS="142"
                    VPOS="1391"
                    WIDTH="1382"
                    HEIGHT="107">
            <Shape><Polygon POINTS="142 1478 209 1492 211 1492 213 1492 239 1482 326 1482 370 1482 372 1482 388 1492 390 1492 392 1492 394 1492 475 1482 487 1482 491 1482 522 1494 524 1494 526 1494 645 1484 665 1484 695 1486 855 1496 857 1496 895 1488 906 1486 916 1488 956 1496 958 1496 1013 1490 1039 1486 1059 1490 1089 1496 1091 1496 1136 1490 1174 1486 1186 1492 1200 1498 1202 1498 1204 1498 1206 1498 1231 1492 1247 1488 1253 1492 1263 1498 1265 1498 1267 1498 1269 1498 1271 1498 1285 1492 1297 1488 1520 1494 1524 1466 1522 1413 1378 1399 1376 1399 1374 1399 1372 1399 1360 1409 1360 1411 1182 1411 1172 1407 1154 1397 1152 1397 1150 1397 1105 1405 1087 1409 1067 1405 1035 1397 1033 1397 1031 1397 1029 1397 1027 1397 1019 1405 1013 1409 932 1403 849 1397 847 1397 782 1401 681 1407 659 1399 649 1395 647 1395 645 1395 643 1395 629 1399 600 1405 526 1397 489 1393 487 1393 429 1395 239 1405 213 1393 211 1393 209 1393 207 1393 176 1405 146 1391 144 1458 142 1478"/></Shape>
	    <String CONTENT="a point de loy/ la nya il point de p̃uarication."
                    HPOS="142"
                    VPOS="1391"
                    WIDTH="1382"
                    HEIGHT="107"
                    WC="0.9996848590672016"></String>
          </TextLine>
          <TextLine ID="eSc_line_4a4caa8c"
                    TAGREFS="LT8"
                    BASELINE="154 1540 1233 1551 1530 1549" 
                    HPOS="148"
                    VPOS="1466"
                    WIDTH="1380"
                    HEIGHT="107">
            <Shape><Polygon POINTS="151 1538 148 1561 1522 1573 1528 1546 1528 1490 1468 1472 1465 1472 1462 1472 1272 1484 1218 1487 1183 1484 1085 1469 1082 1469 969 1478 906 1484 868 1478 820 1469 817 1469 814 1469 790 1475 773 1481 767 1475 758 1466 755 1466 752 1466 749 1466 689 1475 639 1481 151 1466 151 1538"/></Shape>
	    <String CONTENT="* Quãt doncques la loy qͥ fut donnee en Pa¬"
                    HPOS="148"
                    VPOS="1466"
                    WIDTH="1380"
                    HEIGHT="107"></String>
          </TextLine>
          <TextLine ID="eSc_line_a2d14bc0"
                    TAGREFS="LT8"
                    BASELINE="140 1627 1536 1632" 
                    HPOS="136"
                    VPOS="1546"
                    WIDTH="1398"
                    HEIGHT="119">
            <Shape><Polygon POINTS="136 1647 252 1665 255 1665 1531 1662 1534 1630 1531 1564 1248 1552 1245 1552 1192 1558 1120 1567 1085 1558 1067 1552 1064 1552 1061 1552 1058 1552 1055 1552 1049 1558 1028 1570 868 1570 713 1552 668 1549 665 1549 663 1549 651 1552 603 1564 422 1549 410 1549 407 1549 404 1549 377 1564 353 1549 350 1549 347 1549 344 1549 341 1549 338 1549 338 1552 324 1564 243 1549 240 1549 237 1549 196 1564 142 1546 139 1624 136 1647"/></Shape>
	    <String CONTENT="radis fut trãsgressee/ depuis ce tẽps/ lhõme est"
                    HPOS="136"
                    VPOS="1546"
                    WIDTH="1398"
                    HEIGHT="119"
                    WC="0.983895928251977"></String>
          </TextLine>
          <TextLine ID="eSc_line_c0761ec9"
                    TAGREFS="LT8"
                    BASELINE="148 1708 1560 1713" 
                    HPOS="142"
                    VPOS="1647"
                    WIDTH="1415"
                    HEIGHT="98">
            <Shape><Polygon POINTS="145 1707 142 1731 1551 1745 1557 1710 1554 1650 145 1647 145 1707"/></Shape>
	    <String CONTENT="naiz de Adã/ auec la loy de peche ⁊ de mort: de"
                    HPOS="142"
                    VPOS="1647"
                    WIDTH="1415"
                    HEIGHT="98"></String>
          </TextLine>
          <TextLine ID="eSc_line_4cd09118"
                    TAGREFS="LT8"
                    BASELINE="156 1791 1560 1794" 
                    HPOS="151"
                    VPOS="1725"
                    WIDTH="1406"
                    HEIGHT="95">
            <Shape><Polygon POINTS="154 1790 151 1820 1554 1814 1557 1793 1551 1725 154 1728 154 1790"/></Shape>
	    <String CONTENT="laquelle est dit. * Ie uoy une autre loy en mes"
                    HPOS="151"
                    VPOS="1725"
                    WIDTH="1406"
                    HEIGHT="95"></String>
          </TextLine>
          <TextLine ID="eSc_line_97140ba6"
                    TAGREFS="LT8"
                    BASELINE="156 1874 1530 1880" 
                    HPOS="151"
                    VPOS="1808"
                    WIDTH="1377"
                    HEIGHT="92">
            <Shape><Polygon POINTS="154 1873 151 1894 1522 1900 1528 1879 1525 1808 154 1808 154 1873"/></Shape>
	    <String CONTENT="mẽbres repugnante a la loy de mon esprit la¬"
                    HPOS="151"
                    VPOS="1808"
                    WIDTH="1377"
                    HEIGHT="92"></String>
          </TextLine>
          <TextLine ID="eSc_line_32359894"
                    TAGREFS="LT8"
                    BASELINE="146 1957 1518 1965" 
                    HPOS="142"
                    VPOS="1894"
                    WIDTH="1374"
                    HEIGHT="98">
            <Shape><Polygon POINTS="145 1956 142 1989 1510 1992 1516 1962 1513 1900 145 1894 145 1956"/></Shape>
	    <String CONTENT="q̃lle me rend captif en la loy de peche/ qͥ est en"
                    HPOS="142"
                    VPOS="1894"
                    WIDTH="1374"
                    HEIGHT="98"></String>
          </TextLine>
          <TextLine ID="eSc_line_de8e0d1d"
                    TAGREFS="LT8"
                    BASELINE="136 2040 1530 2044" 
                    HPOS="134"
                    VPOS="1975"
                    WIDTH="1396"
                    HEIGHT="97">
            <Shape><Polygon POINTS="136 2040 134 2058 370 2072 372 2072 429 2062 435 2062 1526 2072 1530 2044 1526 1977 1322 1989 1273 1977 1271 1977 1269 1977 1168 1987 1140 1977 1138 1977 1136 1977 1134 1977 1132 1977 1118 1991 1015 1991 952 1977 950 1977 948 1977 912 1989 897 1977 895 1977 893 1977 891 1977 889 1977 843 1989 823 1977 823 1975 821 1975 819 1975 817 1975 809 1977 762 1987 728 1977 724 1975 722 1975 720 1975 703 1977 617 1985 540 1977 524 1975 522 1975 520 1975 516 1977 477 1987 423 1977 413 1975 324 1975 322 1975 320 1975 318 1975 318 1977 301 1987 136 1977 136 2040"/></Shape>
	    <String CONTENT="mes mẽbres. Laq̃lle toutesfoys si elle nestoit"
                    HPOS="134"
                    VPOS="1975"
                    WIDTH="1396"
                    HEIGHT="97"
                    WC="0.9976211887724856"></String>
          </TextLine>
          <TextLine ID="eSc_line_ba60e15c"
                    TAGREFS="LT8"
                    BASELINE="138 2123 1530 2127" 
                    HPOS="136"
                    VPOS="2060"
                    WIDTH="1394"
                    HEIGHT="97">
            <Shape><Polygon POINTS="138 2123 136 2145 150 2155 152 2155 154 2155 156 2155 227 2145 405 2155 407 2155 409 2155 449 2145 451 2145 453 2145 471 2155 473 2155 475 2155 534 2145 544 2145 556 2147 613 2155 615 2155 712 2147 748 2145 772 2147 835 2157 837 2157 893 2149 910 2147 1526 2153 1530 2127 1528 2062 1362 2062 1360 2062 1358 2062 1356 2062 1342 2074 1295 2062 1289 2062 1211 2062 1209 2062 1207 2062 1204 2064 1180 2074 1154 2064 1148 2062 1146 2062 1144 2062 1124 2064 1049 2074 982 2064 970 2064 968 2064 958 2066 916 2074 906 2066 903 2062 901 2062 899 2062 804 2062 802 2062 800 2062 798 2062 794 2066 786 2072 748 2066 712 2062 710 2062 681 2068 655 2072 649 2068 643 2062 641 2062 639 2062 637 2062 528 2068 455 2072 441 2068 407 2060 405 2060 403 2060 402 2060 376 2070 372 2070 368 2070 332 2060 330 2060 328 2060 138 2070 138 2123"/></Shape>
	    <String CONTENT="corroboree par mauuaise acoustumãce/ seroit"
                    HPOS="136"
                    VPOS="2060"
                    WIDTH="1394"
                    HEIGHT="97"
                    WC="0.9896740493449298"></String>
          </TextLine>
          <TextLine ID="eSc_line_2ec03fbb"
                    TAGREFS="LT8"
                    BASELINE="138 2213 1528 2213" 
                    HPOS="138"
                    VPOS="2141"
                    WIDTH="1390"
                    HEIGHT="91">
            <Shape><Polygon POINTS="138 2213 138 2232 1528 2230 1528 2213 1528 2157 1469 2143 1467 2143 1465 2143 1437 2157 1435 2157 1431 2157 1392 2145 1390 2145 1388 2145 1386 2145 1384 2145 1368 2155 1364 2159 1229 2159 1225 2155 1194 2141 1192 2141 1190 2141 1047 2145 1045 2145 1043 2145 1027 2155 1025 2157 1013 2155 964 2147 962 2147 960 2147 942 2155 938 2159 720 2159 708 2155 649 2141 562 2141 560 2141 558 2141 504 2155 495 2157 489 2155 457 2141 455 2141 279 2141 277 2141 275 2141 273 2141 253 2155 247 2157 239 2155 200 2141 198 2141 196 2141 194 2141 192 2141 172 2155 168 2157 138 2155 138 2213"/></Shape>
	    <String CONTENT="plus facilemẽt uaincue: ce toutesfoys ne se fe¬"
                    HPOS="138"
                    VPOS="2141"
                    WIDTH="1390"
                    HEIGHT="91"
                    WC="0.9915122091770172"></String>
          </TextLine>
          <TextLine ID="eSc_line_4baeee99"
                    TAGREFS="LT8"
                    BASELINE="142 2288 1526 2296" 
                    HPOS="140"
                    VPOS="2220"
                    WIDTH="1386"
                    HEIGHT="107">
            <Shape><Polygon POINTS="142 2288 140 2313 310 2321 312 2321 346 2317 380 2311 390 2317 400 2321 402 2321 403 2321 405 2321 423 2317 447 2311 483 2317 514 2323 516 2323 518 2323 520 2323 526 2317 532 2313 613 2313 637 2319 653 2323 655 2323 657 2323 659 2323 661 2323 665 2319 675 2313 712 2319 734 2323 736 2323 738 2323 750 2321 776 2313 811 2321 835 2325 837 2325 936 2323 1136 2315 1192 2325 1209 2327 1211 2327 1257 2325 1409 2317 1522 2327 1526 2296 1524 2240 1326 2226 1324 2226 1231 2238 1209 2240 1206 2238 1184 2224 1182 2224 1180 2224 1178 2224 1176 2224 1128 2238 1122 2240 1043 2240 1039 2236 1005 2224 1004 2224 960 2224 958 2224 956 2224 954 2224 954 2226 940 2236 922 2224 920 2224 918 2224 916 2224 802 2236 794 2236 788 2236 726 2222 724 2222 578 2234 556 2236 548 2234 487 2220 485 2220 411 2234 409 2234 407 2234 374 2222 372 2222 370 2222 368 2222 366 2222 348 2234 346 2234 142 2234 142 2288"/></Shape>
	    <String CONTENT="roit point sans la grace de dieu. Et ꝑ ceste loy"
                    HPOS="140"
                    VPOS="2220"
                    WIDTH="1386"
                    HEIGHT="107"
                    WC="0.9979168996214867"></String>
          </TextLine>
          <TextLine ID="eSc_line_088aaf58"
                    TAGREFS="LT8"
                    BASELINE="158 2373 1530 2379" 
                    HPOS="158"
                    VPOS="2306"
                    WIDTH="1372"
                    HEIGHT="102">
            <Shape><Polygon POINTS="158 2373 158 2403 293 2395 364 2405 386 2407 388 2407 415 2405 502 2395 518 2405 520 2407 522 2407 524 2407 615 2408 617 2408 639 2405 685 2397 768 2405 786 2407 788 2407 802 2405 867 2397 893 2407 901 2408 903 2408 904 2408 926 2407 982 2397 998 2407 1002 2408 1004 2408 1005 2408 1007 2408 1009 2408 1017 2407 1041 2397 1526 2407 1530 2379 1528 2323 1427 2310 1425 2310 1316 2321 1305 2321 1301 2321 1269 2310 1267 2310 1265 2310 1202 2319 1190 2321 1182 2319 1150 2310 1148 2310 1146 2310 1144 2310 1142 2310 1126 2319 1122 2321 1110 2319 1053 2308 1051 2308 1049 2308 1023 2319 1021 2319 1015 2319 966 2308 964 2308 962 2308 934 2317 930 2319 920 2317 867 2308 865 2308 778 2317 750 2319 730 2317 689 2310 687 2310 685 2310 683 2310 675 2315 671 2319 562 2319 558 2315 548 2306 546 2306 544 2306 449 2306 447 2306 445 2306 443 2306 429 2315 421 2319 362 2319 356 2313 348 2306 346 2306 344 2306 342 2306 158 2311 158 2373"/></Shape>
	    <String CONTENT="qui est en lusaige de la raison de lame raison-"
                    HPOS="158"
                    VPOS="2306"
                    WIDTH="1372"
                    HEIGHT="102"
                    WC="0.9874702222803806"></String>
          </TextLine>
          <TextLine ID="eSc_line_5d7540c1"
                    TAGREFS="LT8"
                    BASELINE="148 2454 1540 2462" 
                    HPOS="146"
                    VPOS="2387"
                    WIDTH="1394"
                    HEIGHT="103">
            <Shape><Polygon POINTS="148 2454 146 2470 229 2484 231 2484 295 2474 409 2484 411 2484 413 2484 415 2484 431 2474 514 2486 516 2486 742 2476 762 2486 764 2486 766 2486 1081 2478 1174 2488 1176 2488 1178 2488 1180 2488 1190 2478 1219 2488 1221 2488 1223 2488 1461 2480 1522 2490 1524 2490 1526 2490 1528 2490 1538 2480 1540 2462 1538 2407 1457 2393 1455 2393 1400 2405 1398 2405 1396 2405 1352 2393 1350 2393 1348 2393 1277 2403 1192 2391 1190 2391 1114 2403 1079 2391 1077 2391 1075 2391 1073 2391 1029 2403 1027 2405 853 2405 851 2403 837 2391 837 2389 835 2389 833 2389 831 2389 720 2401 716 2401 714 2401 675 2389 673 2389 671 2389 669 2389 645 2401 639 2401 560 2391 558 2391 556 2391 554 2391 542 2401 540 2401 522 2389 520 2389 518 2389 516 2389 362 2399 352 2399 328 2387 326 2387 324 2387 148 2397 148 2454"/></Shape>
	    <String CONTENT="nable/ ⁊ en leage de lhõme qui desia use de rai"
                    HPOS="146"
                    VPOS="2387"
                    WIDTH="1394"
                    HEIGHT="103"></String>
          </TextLine>
          <TextLine ID="eSc_line_1dcb013f"
                    TAGREFS="LT8"
                    BASELINE="146 2539 1552 2537" 
                    HPOS="144"
                    VPOS="2472"
                    WIDTH="1408"
                    HEIGHT="97">
            <Shape><Polygon POINTS="146 2539 146 2567 219 2559 245 2567 251 2569 253 2569 255 2569 257 2569 263 2567 283 2557 308 2567 316 2569 318 2569 320 2569 338 2567 386 2557 441 2565 469 2569 471 2569 473 2569 481 2565 499 2557 600 2557 609 2563 615 2569 617 2569 619 2569 621 2569 873 2561 1045 2557 1049 2561 1057 2567 1059 2567 1061 2567 1063 2567 1105 2559 1122 2557 1132 2559 1162 2569 1164 2569 1166 2569 1168 2569 1188 2559 1192 2557 1196 2559 1221 2569 1223 2569 1225 2569 1227 2569 1269 2559 1275 2557 1277 2559 1295 2569 1297 2569 1299 2569 1301 2569 1303 2569 1338 2559 1439 2569 1441 2569 1550 2555 1552 2537 1548 2488 1467 2476 1465 2476 1463 2476 1461 2476 1449 2486 1449 2488 1332 2488 1330 2486 1316 2474 1314 2474 1312 2474 1310 2474 1308 2474 1267 2486 1259 2486 1239 2484 1144 2476 1142 2476 1140 2476 1112 2484 1110 2484 1099 2472 1097 2472 1095 2472 1093 2472 1033 2484 1015 2486 998 2484 958 2476 956 2476 906 2482 877 2486 867 2482 843 2472 841 2472 788 2472 786 2472 784 2472 782 2472 768 2482 760 2486 752 2482 732 2472 730 2472 647 2472 645 2472 643 2472 641 2472 629 2480 619 2486 600 2480 570 2472 568 2472 566 2472 491 2480 463 2482 459 2480 451 2472 449 2472 447 2472 445 2472 403 2478 382 2482 144 2478 146 2539"/></Shape>
	    <String CONTENT="son/ qui est transgressee: tous les pecheurs de"
                    HPOS="144"
                    VPOS="2472"
                    WIDTH="1408"
                    HEIGHT="97"></String>
          </TextLine>
          <TextLine ID="eSc_line_cb2b02db"
                    TAGREFS="LT8"
                    BASELINE="138 2626 1198 2620 1557 2627" 
                    HPOS="133"
                    VPOS="2541"
                    WIDTH="1421"
                    HEIGHT="116">
            <Shape><Polygon POINTS="136 2624 136 2657 1551 2645 1554 2624 1551 2556 1028 2541 1025 2541 1022 2541 1019 2541 1004 2556 1001 2556 930 2556 172 2544 169 2544 166 2544 133 2553 136 2624"/></Shape>
	    <String CONTENT="la terre sont fais preuaricateurs. * Aussi beau"
                    HPOS="133"
                    VPOS="2541"
                    WIDTH="1421"
                    HEIGHT="116"></String>
          </TextLine>
          <TextLine ID="eSc_line_b1dde43d"
                    TAGREFS="LT8"
                    BASELINE="142 2705 1324 2705 1549 2710" 
                    HPOS="136"
                    VPOS="2642"
                    WIDTH="1412"
                    HEIGHT="83">
            <Shape><Polygon POINTS="139 2704 136 2725 1546 2725 1548 2707 1546 2642 139 2642 139 2704"/></Shape>
	    <String CONTENT="coup plus abonde le delict/ par la preuarica¬"
                    HPOS="136"
                    VPOS="2642"
                    WIDTH="1412"
                    HEIGHT="83"></String>
          </TextLine>
          <TextLine ID="eSc_line_662658b3"
                    TAGREFS="LT8"
                    BASELINE="146 2787 1527 2798" 
                    HPOS="142"
                    VPOS="2716"
                    WIDTH="1383"
                    HEIGHT="107">
            <Shape><Polygon POINTS="145 2785 142 2802 490 2823 493 2823 1522 2814 1525 2796 1519 2716 145 2716 145 2785"/></Shape>
	    <String CONTENT="tion de ceste loy qͥ est donnee par Moyse. Car"
                    HPOS="142"
                    VPOS="2716"
                    WIDTH="1383"
                    HEIGHT="107"
                    WC="0.9908815026283264"></String>
          </TextLine>
          <TextLine ID="eSc_line_fe47f74a"
                    TAGREFS="LT8"
                    BASELINE="144 2878 1255 2874 1518 2878" 
                    HPOS="139"
                    VPOS="2793"
                    WIDTH="1377"
                    HEIGHT="116">
            <Shape><Polygon POINTS="1239 2796 1210 2796 1180 2796 1150 2793 1120 2793 1091 2793 1076 2793 1031 2805 939 2793 912 2793 900 2793 850 2808 850 2811 561 2811 511 2793 508 2793 505 2793 419 2808 332 2793 330 2793 327 2793 291 2808 160 2793 157 2793 154 2793 151 2793 151 2796 139 2805 142 2877 142 2909 1513 2903 1516 2877 1513 2805 1260 2796 1239 2796"/></Shape>
	    <String CONTENT="si une loy estoit dõnee qui puist uiuifier: la iu¬"
                    HPOS="139"
                    VPOS="2793"
                    WIDTH="1377"
                    HEIGHT="116"
                    WC="0.98733917872111"></String>
          </TextLine>
          <TextLine ID="eSc_line_b2047934"
                    TAGREFS="LT8"
                    BASELINE="136 2959 1148 2957 1529 2963" 
                    HPOS="130"
                    VPOS="2877"
                    WIDTH="1398"
                    HEIGHT="115">
            <Shape><Polygon POINTS="172 2877 169 2877 130 2888 133 2957 133 2992 1525 2978 1528 2960 1525 2891 175 2877 172 2877"/></Shape>
	    <String CONTENT="stice seroit totallemẽt de la loy. * Mais lescri"
                    HPOS="130"
                    VPOS="2877"
                    WIDTH="1398"
                    HEIGHT="115"></String>
          </TextLine>
          <TextLine ID="eSc_line_ec76214c"
                    TAGREFS="LT8"
                    BASELINE="136 3044 1091 3042 1524 3048" 
                    HPOS="130"
                    VPOS="2963"
                    WIDTH="1392"
                    HEIGHT="124">
            <Shape><Polygon POINTS="133 3043 133 3087 255 3070 535 3084 538 3084 731 3070 773 3084 775 3084 778 3084 781 3084 826 3070 877 3084 880 3084 883 3084 1010 3070 1314 3084 1317 3084 1320 3084 1355 3070 1516 3084 1522 3046 1519 2975 897 2963 894 2963 891 2963 844 2978 841 2978 808 2963 805 2963 802 2963 799 2963 737 2978 716 2963 713 2963 710 2963 707 2963 704 2963 645 2978 582 2963 579 2963 576 2963 502 2978 407 2963 404 2963 291 2978 208 2963 205 2963 202 2963 130 2981 133 3043"/></Shape>
	    <String CONTENT="pture a ẽclos toutes choses soubz peche: affin"
                    HPOS="130"
                    VPOS="2963"
                    WIDTH="1392"
                    HEIGHT="124"
                    WC="0.994253877629625"></String>
          </TextLine>
        </TextBlock>
        <TextBlock HPOS="1637"
                   VPOS="282"
                   WIDTH="124"
                   HEIGHT="112"
                   ID="eSc_textblock_b1d1cbf4"
                   TAGREFS="BT15">
          <Shape><Polygon POINTS="1637 282 1637 394 1761 394 1761 282"/></Shape>
          <TextLine ID="eSc_line_acdf2168"
                    TAGREFS="LT8"
                    BASELINE="1641 376 1755 376" 
                    HPOS="1638"
                    VPOS="270"
                    WIDTH="116"
                    HEIGHT="136">
            <Shape><Polygon POINTS="1638 374 1638 406 1754 391 1754 374 1754 285 1715 270 1712 270 1709 270 1638 279 1638 374"/></Shape>
	    <String CONTENT="51"
                    HPOS="1638"
                    VPOS="270"
                    WIDTH="116"
                    HEIGHT="136"></String>
          </TextLine>
        </TextBlock>
        <TextBlock HPOS="1548"
                   VPOS="412"
                   WIDTH="273"
                   HEIGHT="92"
                   ID="eSc_textblock_7bc617b9"
                   TAGREFS="BT13">
          <Shape><Polygon POINTS="1548 412 1548 504 1821 504 1821 412"/></Shape>
          <TextLine ID="eSc_line_3c8a8d65"
                    TAGREFS="LT8"
                    BASELINE="1551 473 1811 475" 
                    HPOS="1548"
                    VPOS="383"
                    WIDTH="262"
                    HEIGHT="139">
            <Shape><Polygon POINTS="1548 472 1548 516 1685 507 1807 522 1810 472 1807 383 1733 397 1548 388 1548 472"/></Shape>
	    <String CONTENT="tob.4.c"
                    HPOS="1548"
                    VPOS="383"
                    WIDTH="262"
                    HEIGHT="139"
                    WC="0.9994104163987296"></String>
          </TextLine>
        </TextBlock>
        <TextBlock HPOS="1545"
                   VPOS="729"
                   WIDTH="234"
                   HEIGHT="107"
                   ID="eSc_textblock_0e8c4288"
                   TAGREFS="BT13">
          <Shape><Polygon POINTS="1545 729 1545 836 1779 836 1779 729"/></Shape>
          <TextLine ID="eSc_line_ae5cef69"
                    TAGREFS="LT8"
                    BASELINE="1555 803 1774 805" 
                    HPOS="1551"
                    VPOS="715"
                    WIDTH="220"
                    HEIGHT="125">
            <Shape><Polygon POINTS="1554 801 1551 840 1769 834 1771 804 1766 721 1664 736 1554 715 1554 801"/></Shape>
	    <String CONTENT="Ps̈.118."
                    HPOS="1551"
                    VPOS="715"
                    WIDTH="220"
                    HEIGHT="125"
                    WC="0.9651161953806877"></String>
          </TextLine>
        </TextBlock>
        <TextBlock HPOS="1536"
                   VPOS="1489"
                   WIDTH="314"
                   HEIGHT="498"
                   ID="eSc_textblock_f524cc48"
                   TAGREFS="BT13">
          <Shape><Polygon POINTS="1536 1489 1551 1649 1571 1747 1541 1863 1540 1889 1536 1987 1829 1987 1850 1731 1829 1489"/></Shape>
          <TextLine ID="eSc_line_74ee3109"
                    TAGREFS="LT8"
                    BASELINE="1550 1549 1827 1547" 
                    HPOS="1548"
                    VPOS="1437"
                    WIDTH="277"
                    HEIGHT="148">
            <Shape><Polygon POINTS="1548 1546 1548 1585 1825 1579 1825 1546 1825 1440 1548 1437 1548 1546"/></Shape>
	    <String CONTENT="La p̃ua¬"
                    HPOS="1548"
                    VPOS="1437"
                    WIDTH="277"
                    HEIGHT="148"></String>
          </TextLine>
          <TextLine ID="eSc_line_1c7f4c72"
                    TAGREFS="LT8"
                    BASELINE="1558 1632 1819 1633" 
                    HPOS="1557"
                    VPOS="1567"
                    WIDTH="259"
                    HEIGHT="95">
            <Shape><Polygon POINTS="1557 1630 1557 1662 1816 1659 1816 1630 1816 1576 1557 1567 1557 1630"/></Shape>
	    <String CONTENT="rication"
                    HPOS="1557"
                    VPOS="1567"
                    WIDTH="259"
                    HEIGHT="95"></String>
          </TextLine>
          <TextLine ID="eSc_line_3c9b7118"
                    TAGREFS="LT8"
                    BASELINE="1582 1713 1835 1714" 
                    HPOS="1578"
                    VPOS="1636"
                    WIDTH="256"
                    HEIGHT="106">
            <Shape><Polygon POINTS="1581 1710 1578 1728 1828 1742 1834 1713 1834 1638 1581 1636 1581 1710"/></Shape>
	    <String CONTENT="de la loy"
                    HPOS="1578"
                    VPOS="1636"
                    WIDTH="256"
                    HEIGHT="106"
                    WC="0.9999880923165215"></String>
          </TextLine>
          <TextLine ID="eSc_line_73e7cbcb"
                    TAGREFS="LT8"
                    BASELINE="1578 1794 1833 1795" 
                    HPOS="1575"
                    VPOS="1739"
                    WIDTH="256"
                    HEIGHT="110">
            <Shape><Polygon POINTS="1575 1793 1575 1829 1828 1849 1831 1793 1831 1739 1575 1739 1575 1793"/></Shape>
	    <String CONTENT="naturel¬"
                    HPOS="1575"
                    VPOS="1739"
                    WIDTH="256"
                    HEIGHT="110"
                    WC="0.9951500371098518"></String>
          </TextLine>
          <TextLine ID="eSc_line_8c47308b"
                    TAGREFS="LT8"
                    BASELINE="1554 1880 1633 1880" 
                    HPOS="1551"
                    VPOS="1817"
                    WIDTH="81"
                    HEIGHT="92">
            <Shape><Polygon POINTS="1551 1879 1551 1909 1632 1909 1632 1879 1629 1817 1551 1817 1551 1879"/></Shape>
	    <String CONTENT="le."
                    HPOS="1551"
                    VPOS="1817"
                    WIDTH="81"
                    HEIGHT="92"
                    WC="0.9999673763910929"></String>
          </TextLine>
          <TextLine ID="eSc_line_4da0af6b"
                    TAGREFS="LT8"
                    BASELINE="1548 1966 1762 1967" 
                    HPOS="1546"
                    VPOS="1891"
                    WIDTH="214"
                    HEIGHT="128">
            <Shape><Polygon POINTS="1546 1965 1546 2019 1760 1998 1760 1965 1760 1891 1546 1891 1546 1965"/></Shape>
	    <String CONTENT="Ro.7.d"
                    HPOS="1546"
                    VPOS="1891"
                    WIDTH="214"
                    HEIGHT="128"
                    WC="0.9999624093373617"></String>
          </TextLine>
        </TextBlock>
        <TextBlock HPOS="1531"
                   VPOS="2569"
                   WIDTH="290"
                   HEIGHT="503"
                   ID="eSc_textblock_f2809a22"
                   TAGREFS="BT13">
          <Shape><Polygon POINTS="1574 2569 1549 2738 1531 2856 1549 2917 1539 3072 1821 3072 1821 2571"/></Shape>
          <TextLine ID="eSc_line_8b2703ba"
                    TAGREFS="LT8"
                    BASELINE="1577 2627 1809 2632" 
                    HPOS="1572"
                    VPOS="2544"
                    WIDTH="235"
                    HEIGHT="110">
            <Shape><Polygon POINTS="1575 2624 1572 2654 1804 2651 1807 2630 1807 2550 1575 2544 1575 2624"/></Shape>
	    <String CONTENT="La p̃ua¬"
                    HPOS="1572"
                    VPOS="2544"
                    WIDTH="235"
                    HEIGHT="110"></String>
          </TextLine>
          <TextLine ID="eSc_line_a76013d9"
                    TAGREFS="LT8"
                    BASELINE="1564 2710 1796 2715" 
                    HPOS="1560"
                    VPOS="2651"
                    WIDTH="235"
                    HEIGHT="89">
            <Shape><Polygon POINTS="1563 2707 1560 2740 1792 2740 1795 2713 1795 2654 1563 2651 1563 2707"/></Shape>
	    <String CONTENT="rication"
                    HPOS="1560"
                    VPOS="2651"
                    WIDTH="235"
                    HEIGHT="89"
                    WC="0.9979223757982254"></String>
          </TextLine>
          <TextLine ID="eSc_line_8a3b3609"
                    TAGREFS="LT8"
                    BASELINE="1544 2798 1813 2800" 
                    HPOS="1540"
                    VPOS="2716"
                    WIDTH="270"
                    HEIGHT="107">
            <Shape><Polygon POINTS="1543 2796 1540 2823 1807 2823 1810 2799 1810 2728 1653 2716 1650 2716 1543 2731 1543 2796"/></Shape>
	    <String CONTENT="aussi de"
                    HPOS="1540"
                    VPOS="2716"
                    WIDTH="270"
                    HEIGHT="107"
                    WC="0.999956451356411"></String>
          </TextLine>
          <TextLine ID="eSc_line_74351c84"
                    TAGREFS="LT8"
                    BASELINE="1544 2878 1811 2882" 
                    HPOS="1540"
                    VPOS="2808"
                    WIDTH="270"
                    HEIGHT="98">
            <Shape><Polygon POINTS="1543 2877 1540 2906 1807 2900 1810 2880 1807 2823 1543 2808 1543 2877"/></Shape>
	    <String CONTENT="la loy de"
                    HPOS="1540"
                    VPOS="2808"
                    WIDTH="270"
                    HEIGHT="98"
                    WC="0.9521029790242513"></String>
          </TextLine>
          <TextLine ID="eSc_line_ec0dba7c"
                    TAGREFS="LT8"
                    BASELINE="1553 2963 1809 2967" 
                    HPOS="1548"
                    VPOS="2880"
                    WIDTH="259"
                    HEIGHT="127">
            <Shape><Polygon POINTS="1656 2880 1653 2880 1551 2888 1551 2960 1548 2992 1670 2992 1679 3004 1682 3004 1682 3007 1685 3007 1688 3007 1691 3007 1804 2992 1807 2966 1807 2906 1751 2883 1748 2883 1745 2883 1742 2883 1709 2900 1703 2903 1694 2900 1659 2880 1656 2880"/></Shape>
	    <String CONTENT="Moyse."
                    HPOS="1548"
                    VPOS="2880"
                    WIDTH="259"
                    HEIGHT="127"
                    WC="0.9506611625353495"></String>
          </TextLine>
          <TextLine ID="eSc_line_c2ae6510"
                    TAGREFS="LT8"
                    BASELINE="1549 3048 1808 3052" 
                    HPOS="1546"
                    VPOS="2984"
                    WIDTH="261"
                    HEIGHT="118">
            <Shape><Polygon POINTS="1548 3046 1546 3084 1596 3102 1599 3102 1602 3102 1605 3102 1664 3084 1760 3102 1763 3102 1766 3102 1804 3081 1807 3049 1804 2986 1548 2984 1548 3046"/></Shape>
	    <String CONTENT="Gał.3.d"
                    HPOS="1546"
                    VPOS="2984"
                    WIDTH="261"
                    HEIGHT="118"
                    WC="0.9999665107045855"></String>
          </TextLine>
        </TextBlock>
        <TextBlock HPOS="961"
                   VPOS="3055"
                   WIDTH="569"
                   HEIGHT="111"
                   ID="eSc_textblock_e19f942e"
                   TAGREFS="BT17">
          <Shape><Polygon POINTS="969 3055 961 3164 1530 3166 1528 3067"/></Shape>
          <TextLine ID="eSc_line_bf397516"
                    TAGREFS="LT8"
                    BASELINE="977 3133 1524 3135" 
                    HPOS="975"
                    VPOS="3052"
                    WIDTH="547"
                    HEIGHT="130">
            <Shape><Polygon POINTS="975 3132 975 3150 1046 3182 1049 3182 1052 3182 1055 3182 1058 3182 1088 3162 1165 3168 1168 3168 1171 3168 1192 3159 1207 3153 1281 3153 1305 3165 1334 3182 1337 3182 1340 3182 1343 3182 1522 3171 1522 3132 1522 3067 1462 3052 1459 3052 1340 3064 1195 3079 1177 3061 1168 3055 1168 3052 1165 3052 1162 3052 1159 3052 975 3058 975 3132"/></Shape>
	    <String CONTENT="G .iii. que la"
                    HPOS="975"
                    VPOS="3052"
                    WIDTH="547"
                    HEIGHT="130"
                    WC="0.984672065292086"></String>
          </TextLine>
        </TextBlock>
      </PrintSpace>
    </Page>
  </Layout>
</alto>
