2211 3563
1099 245 406 131 De la loy

655 380 1393 112 q̃ la ꝓmesse fut dõnee aux croyãs/ ꝑ la foy de

661 467 1389 107 Iesuchrist. Se tu recõgnois ces parolles/ el¬

651 550 1397 103 les sõt apostolicq̃s: de laq̃lle loy dit derechief.

645 631 1401 113 La loy est mise a cause de la trãsgressiõ: iusq̃s

635 716 1413 111 a ce q̃ la semẽce fust uenue/ a laq̃lle a este fai¬

635 805 1415 103 cte la promesse/ disposee par les anges en la

641 890 1411 99 main du mediateur: en louãt Christ/ pour la

653 967 1399 107 grace duq̃l tous sont sauuez: assauoir les pe¬

647 1051 1401 106 tis de la loy de peche ⁊ de la mort auec laq̃lle

631 1136 1413 105 nous sõmes naiz. ⁊ aussi les plus grãdz lesq̃lz

633 1215 1413 113 en mal usãt de larbitre de leur uolũte/ ilz ont

659 1300 1395 101 transgresse la loy naturelle de ceste raison: et

663 1383 1387 105 aussi ceulx qͥ ont receu ceste loy qͥ est dõnee par

655 1464 1391 109 Moyse/ ⁊ qͥlz sõt occis par la lettre en la trãs-

649 1547 1399 115 gressant. Mais aussi quãt lhõe trãsgresse les

649 1635 1411 104 cõmãdemẽs euãgelicq̃s: il put cõme celuy qui

657 1716 1401 97 est mort desia de quattre ioͬs: ⁊ toutesfoys ne

661 1799 1401 107 doibt on pas desperer de luy: a cause de la gra

639 1884 1421 105 ce de celuy qͥ na pas dit de basse uoix/ mais la

644 1956 1364 122 publie a haulte uoix. * Lazare uiens dehors.

744 2048 1229 113 ¶ Augustin/ sur sainct Iehan/ au .xlix.

950 2139 747 93 traicte/ au .xi. Chapitre.

663 2213 1389 106 ¶ Quãt Hõme est naiz: il est desia naiz auec

659 2302 1401 93 la mort: pour ce quil tire le peche de Adã. De¬

662 2372 1394 110 quoy dit lapostre. * Par lhõme est entre le pe¬

659 2461 1394 104 che au monde ⁊c. * Uoicy tu as icy le premier

665 2553 1388 98 iour de la mort: q̃ lhõme tire de la generation

668 2624 1391 113 de la mort. Puis apres il croist: ⁊ cõmence de

674 2725 1385 89 approcher aux ans de raison/ poͬ sauourer la

677 2793 1376 107 loy naturelle/ laq̃lle tous ont fichee au cueͬ:

668 2877 1385 101 assauoir. * Ne fais point a autruy/ ce q̃ tu ne

662 2966 1391 127 uouldrois point quil te fut faict. Ce nest pas

348 1272 262 79 exo.20.a

353 1333 294 101 Deu.5.a

380 1416 252 154 Ioã.6.d

365 1947 232 140 Ioã.11.f

359 2372 256 116 Ro.5.c.

365 2473 276 101 Les qua

356 2550 288 113 tre iours

356 2645 220 98 de la

359 2728 193 98 mort.

374 2859 279 125 Tob.4.c

377 2975 244 148 mat.7.b

1826 3058 228 105 dit des
