2212 3563
126 314 1377 109 dit des payẽs: ⁊ en ceste nature nest il pas au¬

136 399 1357 107 cunemẽt leu? Ueulx tu souffrir quon te desro

142 481 1355 108 be? Certainemẽt non. Uoicy la loy qͥ est en tõ

146 566 1349 101 cueur. Ce q̃ tu ne ueulx point souffrir ne les

144 647 1353 109 fais point. Et aussi les hõmes trãsgresse ceste

128 728 1363 105 loy. Uoicy le second iour de la mort. Aussi la

122 811 1369 111 loy a este dõnee diuinemẽt par Moyse serui¬

114 896 1377 97 teur de dieu. Il est la dit. Tu ne occiras point.

122 975 1365 117 Tu ne feras poĩt de paillardise. Tu ne diras

120 1057 1377 114 nul faulx tesmoignage. Hõnore ton pere ⁊ ta

118 1144 1369 116 mere. Tu ne cõuoiteras point la chose de ton

116 1227 1379 115 ꝓchain. Uoicy la loy qͥ est escripte/ ⁊ icelle est

116 1314 1377 103 cõtẽnee. Uoicy le tiers ioͬ de la mort. Que re¬

122 1395 1379 111 ste il? Leuangile aussi est uenue: on annõce le

126 1476 1371 117 royaulme des cieulx: Christ est partout pu¬

122 1563 1379 101 blie: la peine est menacee: la uie eternelle est

122 1642 1394 113 ꝓmise: ⁊ toute sfoys icelle est cõtenee. Les uõ¬

126 1724 1394 112 mes trã)greIent ueuãgile. Uoicy le quatries¬

132 1811 1373 97 me iour de la mort. Qpor cõmence la

122 1890 1377 107 puir. Mais a celz doibt on nier la misericor¬

126 1973 1371 113 de? Nõ/ non. Car aussi le seigñr ne desdaigne

126 2062 1252 115 pas de uenir a telz gens pour les exciter.

190 2224 1291 183 ¶ De la loy Positiue/

281 2375 1089 136 qui est double: ascouoir/ diui¬

536 2496 612 130 ne ⁊ humaine.

253 2628 1153 133 ¶ Et premieren n ent de la loy

405 2741 886 141 diuine ou Mosaicque.

615 2858 408 154 Chap̃.ui.

417 174 981 136 Naturelle. Chaõ.h.

1596 180 103 122 I2

918 2954 586 163 G .iiii. Rom̃.
