<?xml version="1.0" encoding="UTF-8"?>
<alto xmlns:xsi="http://www.w3.org/2001/XMLSchema-instance"
      xmlns="http://www.loc.gov/standards/alto/ns-v4#"
      xsi:schemaLocation="http://www.loc.gov/standards/alto/ns-v4# http://www.loc.gov/standards/alto/v4/alto-4-2.xsd">
  <Description>
    <MeasurementUnit>pixel</MeasurementUnit>
    <sourceImageInformation>
      <fileName>106_26f58_default.jpg</fileName>
      <fileIdentifier>https://www.e-rara.ch/i3f/v20/4105841/full/full/0/default.jpg</fileIdentifier>
    </sourceImageInformation>
  </Description>
  <Tags>
    <OtherTag ID="BT8" LABEL="DamageZone" DESCRIPTION="block type DamageZone"/><OtherTag ID="BT10" LABEL="DropCapitalZone" DESCRIPTION="block type DropCapitalZone"/><OtherTag ID="BT11" LABEL="GraphicZone" DESCRIPTION="block type GraphicZone"/><OtherTag ID="BT12" LABEL="MainZone" DESCRIPTION="block type MainZone"/><OtherTag ID="BT13" LABEL="MarginTextZone" DESCRIPTION="block type MarginTextZone"/><OtherTag ID="BT15" LABEL="NumberingZone" DESCRIPTION="block type NumberingZone"/><OtherTag ID="BT17" LABEL="QuireMarksZone" DESCRIPTION="block type QuireMarksZone"/><OtherTag ID="BT18" LABEL="RunningTitleZone" DESCRIPTION="block type RunningTitleZone"/><OtherTag ID="BT20" LABEL="StampZone" DESCRIPTION="block type StampZone"/><OtherTag ID="BT21" LABEL="TableZone" DESCRIPTION="block type TableZone"/><OtherTag ID="BT22" LABEL="TitlePageZone" DESCRIPTION="block type TitlePageZone"/><OtherTag ID="BT132" LABEL="MarginTextZone:handwrittenAddition" DESCRIPTION="block type MarginTextZone:handwrittenAddition"/>
    <OtherTag ID="LT7" LABEL="CustomLine" DESCRIPTION="line type CustomLine"/><OtherTag ID="LT8" LABEL="DefaultLine" DESCRIPTION="line type DefaultLine"/><OtherTag ID="LT9" LABEL="DropCapitalLine" DESCRIPTION="line type DropCapitalLine"/><OtherTag ID="LT10" LABEL="HeadingLine" DESCRIPTION="line type HeadingLine"/><OtherTag ID="LT11" LABEL="InterlinearLine" DESCRIPTION="line type InterlinearLine"/><OtherTag ID="LT125" LABEL="default" DESCRIPTION="line type default"/>
  </Tags>
  <Layout>
    <Page WIDTH="2212"
          HEIGHT="3563"
          PHYSICAL_IMG_NR="106"
          ID="eSc_dummypage_">
      <PrintSpace HPOS="0"
                  VPOS="0"
                  WIDTH="2212"
                  HEIGHT="3563">
        <TextBlock HPOS="400"
                   VPOS="167"
                   WIDTH="1065"
                   HEIGHT="134"
                   ID="eSc_textblock_c25ab2c4"
                   TAGREFS="BT18">
          <Shape><Polygon POINTS="400 167 403 301 1465 301 1465 167"/></Shape>
          <TextLine ID="eSc_line_593d7414"
                    TAGREFS="LT10"
                    BASELINE="411 273 1451 265" 
                    HPOS="409"
                    VPOS="174"
                    WIDTH="1042"
                    HEIGHT="136">
            <Shape><Polygon POINTS="1400 174 1380 174 1360 174 1281 186 1265 174 1261 174 1241 174 1221 174 1213 174 1186 180 1170 174 1162 174 1142 174 1130 174 1097 193 1069 209 875 209 837 205 829 197 800 174 786 174 766 174 764 174 726 190 695 174 687 174 667 174 647 174 645 174 566 182 550 174 548 176 528 176 508 178 489 178 469 178 457 178 439 182 437 182 435 182 409 199 411 273 411 310 520 310 520 308 522 308 526 306 550 296 613 304 643 308 645 308 647 308 657 304 689 288 716 302 724 306 726 306 728 306 730 306 748 302 807 287 833 300 835 300 837 300 839 300 841 300 859 288 934 296 936 296 938 296 972 285 1049 285 1063 296 1065 296 1065 298 1067 298 1069 298 1071 298 1073 298 1075 298 1079 294 1089 287 1112 294 1142 304 1144 304 1146 306 1190 306 1190 304 1192 304 1194 304 1207 292 1219 283 1334 288 1334 290 1348 302 1350 302 1352 302 1354 302 1451 287 1451 265 1449 184 1433 174 1419 174"/></Shape>
	    <String CONTENT="Mosaicque. Cha.ui."
                    HPOS="409"
                    VPOS="174"
                    WIDTH="1042"
                    HEIGHT="136"></String>
          </TextLine>
        </TextBlock>
        <TextBlock HPOS="132"
                   VPOS="324"
                   WIDTH="1408"
                   HEIGHT="2668"
                   ID="eSc_textblock_1bbb8d08"
                   TAGREFS="BT12">
          <Shape><Polygon POINTS="132 324 132 2992 1540 2992 1540 324"/></Shape>
          <TextLine ID="eSc_line_b00b878c"
                    TAGREFS="LT8"
                    BASELINE="146 411 1518 405" 
                    HPOS="144"
                    VPOS="312"
                    WIDTH="1374"
                    HEIGHT="133">
            <Shape><Polygon POINTS="146 411 146 427 429 433 445 445 447 445 449 445 451 445 526 429 600 445 602 445 603 445 675 427 728 443 730 443 732 443 821 431 950 443 952 443 1061 425 1204 425 1243 441 1245 441 1247 443 1354 443 1354 441 1356 441 1406 425 1447 441 1449 441 1451 441 1453 441 1518 421 1518 405 1512 328 1441 332 1431 326 1407 312 1406 312 1404 312 1265 312 1263 312 1261 312 1237 326 1221 334 1172 334 1156 324 1132 312 1130 312 1128 312 1126 312 1124 312 1106 324 1095 332 1053 324 1005 314 1004 314 1002 314 1000 314 988 324 972 336 928 336 901 322 879 314 877 314 875 314 873 314 871 314 861 322 853 328 813 322 762 314 760 314 758 314 756 314 744 322 722 336 673 336 657 320 649 314 647 314 645 314 602 314 600 314 598 314 586 320 556 338 431 338 386 318 382 318 380 318 378 318 376 318 374 318 340 336 144 318 146 411"/></Shape>
	    <String CONTENT="la ou le peche est abonde/ la est plus"
                    HPOS="144"
                    VPOS="312"
                    WIDTH="1374"
                    HEIGHT="133"></String>
          </TextLine>
          <TextLine ID="eSc_line_4d4c2d1e"
                    TAGREFS="LT8"
                    BASELINE="152 530 1510 516" 
                    HPOS="150"
                    VPOS="429"
                    WIDTH="1360"
                    HEIGHT="133">
            <Shape><Polygon POINTS="152 530 152 548 265 558 267 558 269 558 302 548 336 560 338 560 340 560 342 560 344 560 344 558 356 546 403 546 502 546 534 562 536 562 538 562 633 544 635 544 657 554 659 554 661 554 663 554 695 544 708 556 710 556 712 556 714 556 716 556 752 542 756 542 758 542 804 558 805 558 807 558 809 558 847 548 877 556 879 556 881 556 883 556 885 556 903 542 964 556 966 556 968 556 1000 546 1118 556 1120 556 1202 554 1204 554 1206 554 1227 540 1297 554 1299 554 1301 554 1342 536 1364 552 1366 552 1368 552 1370 552 1372 552 1404 540 1435 552 1437 552 1439 552 1510 534 1510 516 1508 447 1465 429 1463 429 1423 429 1421 429 1419 429 1417 429 1396 447 1271 431 1269 431 1267 431 1223 449 1206 433 1206 431 1204 431 1202 431 1174 431 1172 431 1170 431 1168 431 1150 445 1093 435 1091 435 1089 435 1087 435 1061 451 1019 443 1017 443 926 453 924 453 903 435 901 435 899 435 897 435 837 447 800 437 798 437 796 437 794 437 792 437 768 453 647 439 645 439 572 455 443 439 441 439 439 439 384 457 348 441 346 441 235 441 233 441 150 461 152 530"/></Shape>
	    <String CONTENT="abõdee la grace: tellement q̃ cõme le"
                    HPOS="150"
                    VPOS="429"
                    WIDTH="1360"
                    HEIGHT="133"
                    WC="0.9989837331649585"></String>
          </TextLine>
          <TextLine ID="eSc_line_dfdb5ff5"
                    TAGREFS="LT8"
                    BASELINE="156 641 1518 633" 
                    HPOS="154"
                    VPOS="546"
                    WIDTH="1364"
                    HEIGHT="134">
            <Shape><Polygon POINTS="156 641 156 680 201 680 201 678 203 678 205 678 227 661 269 676 273 678 275 678 277 678 279 678 283 676 316 661 443 661 463 673 463 674 465 674 467 674 469 674 471 674 475 673 495 661 510 673 514 676 516 676 518 676 520 678 600 678 600 676 602 676 603 676 611 671 629 659 736 669 833 676 835 676 837 676 865 667 887 657 906 665 930 674 932 674 934 676 1019 676 1019 674 1021 674 1023 674 1023 673 1035 663 1041 659 1069 663 1174 674 1176 674 1261 659 1283 655 1312 657 1469 673 1471 673 1473 673 1518 653 1518 633 1514 546 1415 546 1413 546 1411 546 1409 546 1409 548 1396 558 1356 548 1352 548 1350 548 1348 548 1346 548 1324 564 1291 550 1285 548 1283 548 1281 548 1279 548 1277 548 1277 550 1275 550 1259 566 1198 566 1174 552 1166 548 1164 548 1162 548 1160 548 1158 548 1152 552 1132 568 1059 568 1045 554 1037 548 1035 548 1033 548 1031 548 1029 548 1007 556 978 568 863 568 849 558 835 550 833 550 831 550 778 550 776 550 774 550 754 560 748 564 738 562 703 550 701 550 699 550 697 550 695 550 677 562 665 570 493 570 451 568 287 552 285 552 283 552 281 552 257 568 194 562 192 562 190 562 154 572 156 641"/></Shape>
	    <String CONTENT="peche a regne iusq̃s en la mort: aussi"
                    HPOS="154"
                    VPOS="546"
                    WIDTH="1364"
                    HEIGHT="134"
                    WC="0.98599080035561"></String>
          </TextLine>
          <TextLine ID="eSc_line_8a76c4fa"
                    TAGREFS="LT8"
                    BASELINE="146 758 1510 746" 
                    HPOS="144"
                    VPOS="659"
                    WIDTH="1366"
                    HEIGHT="134">
            <Shape><Polygon POINTS="146 758 146 793 229 775 328 775 344 787 346 787 348 787 350 787 352 787 386 771 600 771 627 783 639 787 641 787 643 787 645 787 665 781 703 771 750 779 794 787 796 787 887 785 889 785 908 775 914 773 940 775 1043 785 1045 785 1047 785 1079 771 1081 771 1083 771 1101 783 1103 783 1105 783 1106 783 1172 773 1348 781 1350 781 1352 781 1354 781 1370 768 1400 781 1402 781 1404 783 1465 783 1465 781 1467 781 1510 762 1510 746 1505 659 1433 661 1431 661 1429 661 1398 680 1320 680 1289 663 1283 661 1281 661 1279 661 1277 661 1275 661 1273 663 1243 680 1174 673 1172 673 768 684 754 674 742 667 740 667 738 667 736 667 679 676 677 676 631 667 629 667 627 667 588 678 576 682 570 680 554 669 552 669 550 669 548 669 459 680 439 669 437 669 435 669 370 669 368 669 289 682 225 673 223 673 144 688 146 758"/></Shape>
	    <String CONTENT="pareillemẽt q̃ la grace regne par la"
                    HPOS="144"
                    VPOS="659"
                    WIDTH="1366"
                    HEIGHT="134"
                    WC="0.9883948194014059"></String>
          </TextLine>
          <TextLine ID="eSc_line_e901881b"
                    TAGREFS="LT8"
                    BASELINE="132 870 1505 863" 
                    HPOS="130"
                    VPOS="773"
                    WIDTH="1375"
                    HEIGHT="129">
            <Shape><Polygon POINTS="132 870 132 888 200 888 215 900 215 902 217 902 219 902 221 902 223 902 279 888 318 898 320 898 322 898 411 888 451 902 453 902 455 902 609 890 811 900 813 900 815 900 845 886 849 884 863 886 926 896 928 896 930 896 952 886 956 884 966 886 1017 896 1019 896 1021 896 1045 886 1049 884 1075 886 1176 894 1178 894 1233 886 1257 882 1271 886 1310 896 1312 896 1314 896 1316 896 1360 886 1368 884 1378 886 1441 896 1443 896 1505 884 1505 863 1499 785 1461 793 1451 785 1437 773 1435 773 1433 773 1384 773 1382 773 1380 773 1378 773 1378 775 1366 785 1356 795 1279 795 1263 785 1251 779 1249 779 1247 779 1245 779 1243 779 1235 785 1227 793 1206 787 1190 781 1188 781 1186 781 1150 787 1099 795 1071 787 1033 775 1031 775 1029 775 960 787 950 789 944 787 912 775 910 775 841 775 839 775 837 775 800 789 774 799 588 799 578 789 562 777 560 777 558 777 504 777 502 777 501 777 499 777 481 791 467 801 352 801 342 791 328 779 326 779 324 779 164 779 162 779 160 779 130 789 132 870"/></Shape>
	    <String CONTENT="iustice iusques en la uie eternelle/"
                    HPOS="130"
                    VPOS="773"
                    WIDTH="1375"
                    HEIGHT="129"
                    WC="0.987050238582823"></String>
          </TextLine>
          <TextLine ID="eSc_line_e13a3611"
                    TAGREFS="LT8"
                    BASELINE="132 987 1312 977" 
                    HPOS="130"
                    VPOS="892"
                    WIDTH="1182"
                    HEIGHT="137">
            <Shape><Polygon POINTS="132 987 132 1019 162 1027 164 1027 166 1027 168 1027 168 1025 176 1019 186 1011 239 1011 257 1017 279 1027 281 1027 283 1029 362 1029 362 1027 439 1015 479 1009 487 1015 497 1023 497 1025 499 1025 501 1025 502 1027 542 1027 542 1025 544 1025 586 1013 603 1007 609 1013 619 1021 619 1023 621 1023 623 1023 625 1025 653 1025 653 1023 655 1023 693 1011 708 1007 740 1011 837 1023 839 1023 841 1023 895 1009 910 1005 922 1007 974 1021 976 1021 978 1021 980 1021 1013 1007 1017 1005 1021 1007 1067 1021 1069 1021 1071 1021 1073 1021 1075 1021 1075 1019 1091 1005 1095 1003 1108 1005 1160 1013 1162 1013 1312 1001 1312 977 1308 912 1253 900 1251 900 1249 900 1247 900 1247 902 1237 912 1069 912 1049 894 1049 892 1047 892 1045 892 972 892 970 892 968 892 932 908 906 894 904 894 837 892 835 892 833 892 831 892 798 914 611 894 609 894 607 894 605 894 590 906 530 896 528 896 526 896 524 896 524 898 504 916 407 896 405 896 403 896 402 896 384 910 356 898 354 898 352 898 267 918 176 908 174 908 172 908 130 920 132 987"/></Shape>
	    <String CONTENT="par Iesuchrist nostre seigneur."
                    HPOS="130"
                    VPOS="892"
                    WIDTH="1182"
                    HEIGHT="137"
                    WC="0.9989411254082957"></String>
          </TextLine>
          <TextLine ID="eSc_line_6ae94783"
                    TAGREFS="LT8"
                    BASELINE="132 1122 1505 1108" 
                    HPOS="130"
                    VPOS="1017"
                    WIDTH="1375"
                    HEIGHT="138">
            <Shape><Polygon POINTS="132 1122 132 1140 295 1155 297 1155 299 1155 301 1155 320 1142 346 1154 348 1154 350 1154 352 1154 378 1142 398 1154 400 1154 402 1154 403 1155 485 1155 485 1154 487 1154 489 1154 508 1142 556 1152 558 1152 560 1152 562 1152 586 1138 641 1138 693 1152 695 1152 697 1152 792 1136 821 1150 823 1150 825 1152 897 1152 897 1150 899 1150 940 1134 970 1148 972 1148 974 1148 1120 1132 1202 1146 1204 1146 1206 1146 1247 1132 1281 1142 1283 1142 1285 1142 1287 1142 1324 1130 1338 1142 1338 1144 1340 1144 1342 1144 1344 1146 1382 1146 1382 1144 1505 1126 1505 1108 1501 1037 1362 1037 1310 1017 1308 1017 1307 1017 1305 1017 1249 1031 1206 1019 1204 1019 1202 1019 1114 1039 1108 1039 1103 1039 996 1021 994 1021 992 1021 990 1021 966 1039 964 1041 912 1041 893 1039 728 1023 726 1023 617 1037 524 1025 522 1025 520 1025 518 1025 497 1043 491 1047 392 1047 388 1043 366 1027 364 1027 362 1027 360 1027 263 1029 261 1029 259 1029 239 1041 160 1029 158 1029 156 1029 130 1041 132 1122"/></Shape>
	    <String CONTENT="Rom̃.5.C. ¶ Le peche nestoit pas"
                    HPOS="130"
                    VPOS="1017"
                    WIDTH="1375"
                    HEIGHT="138"></String>
          </TextLine>
          <TextLine ID="eSc_line_80218ac7"
                    TAGREFS="LT8"
                    BASELINE="132 1239 1508 1225" 
                    HPOS="130"
                    VPOS="1140"
                    WIDTH="1378"
                    HEIGHT="130">
            <Shape><Polygon POINTS="132 1239 132 1262 221 1254 247 1262 271 1270 273 1270 275 1270 330 1262 392 1252 445 1260 489 1268 491 1268 493 1268 495 1268 495 1266 502 1260 512 1251 641 1251 665 1260 673 1262 675 1262 677 1262 679 1262 691 1258 728 1249 748 1258 760 1264 762 1264 764 1266 849 1266 849 1264 851 1264 877 1258 922 1247 1039 1256 1108 1262 1110 1262 1112 1262 1136 1256 1174 1245 1322 1243 1380 1254 1404 1258 1406 1258 1508 1252 1508 1225 1501 1140 1469 1154 1388 1142 1368 1140 1366 1140 1364 1140 1354 1142 1307 1159 1265 1144 1255 1142 1253 1142 1251 1142 1249 1142 1247 1142 1243 1146 1225 1159 1114 1152 1112 1152 1067 1161 1031 1150 1013 1144 1011 1144 1009 1144 1007 1144 994 1150 978 1159 960 1152 950 1148 948 1148 946 1148 944 1148 936 1152 914 1163 887 1154 877 1150 875 1150 873 1150 871 1150 869 1150 865 1154 849 1165 748 1165 734 1155 720 1148 718 1148 716 1148 714 1148 645 1157 621 1161 617 1159 600 1148 598 1148 596 1148 530 1148 528 1148 526 1148 477 1161 455 1167 411 1163 354 1157 352 1157 350 1157 334 1165 324 1171 225 1171 219 1167 198 1152 196 1152 194 1152 160 1152 158 1152 156 1152 154 1152 130 1163 132 1239"/></Shape>
	    <String CONTENT="impute quãt il ny auoit pas de loy:"
                    HPOS="130"
                    VPOS="1140"
                    WIDTH="1378"
                    HEIGHT="130"
                    WC="0.992787727051311"></String>
          </TextLine>
          <TextLine ID="eSc_line_efad7c69"
                    TAGREFS="LT8"
                    BASELINE="128 1353 1508 1342" 
                    HPOS="126"
                    VPOS="1251"
                    WIDTH="1382"
                    HEIGHT="130">
            <Shape><Polygon POINTS="128 1353 128 1367 350 1381 352 1381 354 1381 356 1381 374 1369 376 1367 384 1369 431 1379 433 1381 491 1381 491 1379 493 1379 495 1379 506 1369 508 1367 528 1369 609 1377 611 1377 613 1377 635 1369 645 1365 663 1369 701 1377 703 1377 843 1369 954 1363 998 1369 1039 1375 1041 1375 1087 1369 1138 1363 1196 1369 1213 1371 1215 1371 1235 1369 1336 1359 1507 1369 1508 1342 1505 1266 1275 1251 1273 1251 1271 1251 1241 1260 1130 1254 1128 1254 1126 1254 1087 1268 1071 1272 1045 1268 972 1254 970 1254 968 1254 914 1268 891 1276 811 1276 768 1270 734 1264 732 1264 730 1264 710 1270 687 1276 675 1270 655 1260 653 1260 651 1260 649 1260 625 1270 611 1278 493 1278 467 1272 423 1258 421 1258 419 1258 417 1258 380 1272 360 1278 342 1272 306 1260 304 1260 302 1260 301 1260 271 1272 251 1280 126 1274 128 1353"/></Shape>
	    <String CONTENT="mais la mort a regne depuis Adam"
                    HPOS="126"
                    VPOS="1251"
                    WIDTH="1382"
                    HEIGHT="130"
                    WC="0.9821370746940374"></String>
          </TextLine>
          <TextLine ID="eSc_line_c4f252be"
                    TAGREFS="LT8"
                    BASELINE="130 1468 1495 1458" 
                    HPOS="128"
                    VPOS="1369"
                    WIDTH="1367"
                    HEIGHT="139">
            <Shape><Polygon POINTS="130 1468 130 1484 170 1498 172 1498 174 1498 176 1498 194 1490 225 1506 227 1506 229 1508 297 1508 297 1506 299 1506 301 1506 322 1486 324 1486 328 1486 398 1500 400 1500 402 1500 441 1488 455 1484 475 1488 554 1504 556 1504 558 1504 560 1504 582 1488 584 1488 605 1504 607 1504 609 1504 611 1504 697 1490 708 1488 712 1490 724 1500 724 1502 726 1502 728 1502 730 1504 802 1504 802 1502 804 1502 839 1492 871 1482 930 1482 950 1492 966 1500 968 1500 970 1502 1051 1502 1051 1500 1053 1500 1055 1500 1065 1494 1083 1482 1101 1494 1106 1498 1108 1498 1110 1498 1160 1500 1162 1500 1164 1500 1166 1500 1172 1494 1190 1478 1221 1478 1358 1478 1382 1496 1384 1496 1386 1496 1388 1498 1495 1498 1495 1458 1491 1391 1429 1391 1378 1369 1376 1369 1374 1369 1271 1389 1225 1381 1223 1381 1120 1391 1103 1377 1103 1375 1101 1375 1099 1375 984 1371 982 1371 980 1371 910 1391 889 1377 887 1377 885 1377 883 1377 881 1377 857 1387 843 1375 843 1373 841 1373 839 1373 782 1373 780 1373 778 1373 776 1373 750 1393 635 1375 633 1375 578 1379 576 1379 574 1379 548 1395 368 1387 366 1387 364 1387 336 1397 281 1377 279 1377 166 1377 164 1377 162 1377 160 1377 128 1395 130 1468"/></Shape>
	    <String CONTENT="iusques a Moyse/ aussi en ceulx qͥ"
                    HPOS="128"
                    VPOS="1369"
                    WIDTH="1367"
                    HEIGHT="139"
                    WC="0.9835295817431282"></String>
          </TextLine>
          <TextLine ID="eSc_line_f375a68a"
                    TAGREFS="LT8"
                    BASELINE="138 1585 1518 1569" 
                    HPOS="136"
                    VPOS="1480"
                    WIDTH="1382"
                    HEIGHT="135">
            <Shape><Polygon POINTS="138 1585 138 1599 162 1611 164 1611 166 1611 219 1601 239 1613 241 1613 243 1613 245 1613 247 1613 271 1603 304 1615 306 1615 308 1615 437 1599 477 1613 479 1613 481 1613 544 1599 651 1611 653 1611 655 1611 687 1597 691 1595 699 1597 752 1607 754 1607 813 1595 831 1593 857 1595 958 1607 960 1607 1033 1595 1055 1591 1077 1595 1105 1599 1106 1599 1154 1593 1200 1589 1213 1593 1241 1603 1243 1603 1245 1603 1247 1603 1277 1593 1293 1589 1307 1593 1338 1603 1340 1603 1342 1603 1344 1603 1384 1593 1402 1589 1419 1593 1463 1601 1465 1601 1518 1591 1518 1569 1514 1496 1459 1482 1457 1482 1455 1482 1419 1496 1415 1498 1411 1496 1358 1480 1356 1480 1354 1480 1283 1492 1239 1482 1237 1482 1235 1482 1233 1482 1182 1496 1055 1484 1053 1484 1051 1484 1049 1484 1027 1502 1027 1504 1004 1504 1004 1502 970 1486 968 1486 966 1486 859 1498 831 1486 829 1486 827 1486 825 1486 778 1506 776 1506 732 1490 730 1490 728 1490 726 1490 724 1490 699 1508 653 1508 651 1508 605 1490 603 1490 602 1490 600 1490 598 1490 598 1492 578 1508 392 1502 390 1502 285 1512 259 1494 257 1494 255 1494 217 1494 215 1494 213 1494 136 1514 138 1585"/></Shape>
	    <String CONTENT="nõt pas peche: a la similitude de la"
                    HPOS="136"
                    VPOS="1480"
                    WIDTH="1382"
                    HEIGHT="135"
                    WC="0.9961570678530512"></String>
          </TextLine>
          <TextLine ID="eSc_line_e0a9927f"
                    TAGREFS="LT8"
                    BASELINE="134 1702 1520 1686" 
                    HPOS="132"
                    VPOS="1593"
                    WIDTH="1388"
                    HEIGHT="146">
            <Shape><Polygon POINTS="134 1702 134 1739 251 1733 253 1733 279 1720 297 1733 299 1733 301 1733 302 1733 304 1733 306 1733 326 1718 558 1728 560 1728 562 1728 564 1728 580 1716 594 1726 596 1726 598 1726 600 1726 712 1714 778 1733 780 1733 782 1733 784 1733 837 1714 885 1732 887 1732 889 1733 903 1733 998 1733 998 1732 1000 1732 1002 1732 1015 1722 1091 1730 1093 1730 1095 1730 1097 1730 1099 1730 1126 1708 1215 1708 1249 1728 1251 1728 1253 1728 1255 1728 1257 1728 1297 1710 1318 1720 1320 1720 1322 1720 1384 1708 1406 1726 1407 1726 1409 1726 1411 1726 1520 1724 1520 1686 1516 1609 1360 1593 1358 1593 1251 1595 1249 1595 1219 1611 1217 1611 1154 1597 1152 1597 1150 1597 1120 1613 1116 1613 1099 1613 948 1599 946 1599 885 1613 827 1599 825 1599 823 1599 701 1617 691 1617 689 1617 657 1603 655 1603 653 1603 582 1605 580 1605 578 1605 562 1617 562 1619 483 1619 479 1619 441 1605 439 1605 437 1605 435 1605 433 1605 413 1619 409 1623 132 1623 134 1702"/></Shape>
	    <String CONTENT="preuaricatiõ de Adam/ qui est la for"
                    HPOS="132"
                    VPOS="1593"
                    WIDTH="1388"
                    HEIGHT="146"></String>
          </TextLine>
          <TextLine ID="eSc_line_01ebcbae"
                    TAGREFS="LT8"
                    BASELINE="138 1813 966 1805" 
                    HPOS="136"
                    VPOS="1722"
                    WIDTH="830"
                    HEIGHT="116">
            <Shape><Polygon POINTS="138 1813 138 1827 166 1838 168 1838 170 1838 172 1838 174 1838 188 1827 231 1827 344 1825 396 1825 683 1834 685 1834 687 1834 689 1834 703 1823 706 1823 756 1834 758 1834 760 1834 794 1823 800 1821 805 1823 827 1832 829 1832 831 1832 966 1821 966 1805 962 1743 916 1743 867 1722 865 1722 863 1722 861 1722 815 1743 770 1743 748 1724 746 1724 744 1724 697 1724 695 1724 693 1724 691 1724 691 1726 673 1743 671 1745 582 1745 578 1743 538 1726 536 1726 483 1726 481 1726 479 1726 477 1726 477 1728 459 1743 455 1747 342 1747 336 1743 314 1728 312 1728 310 1728 308 1728 306 1728 257 1743 241 1747 174 1747 168 1743 150 1730 148 1730 146 1730 144 1730 142 1730 140 1730 140 1732 138 1732 136 1732 138 1813"/></Shape>
	    <String CONTENT="me de celuy a uenir."
                    HPOS="136"
                    VPOS="1722"
                    WIDTH="830"
                    HEIGHT="116"></String>
          </TextLine>
          <TextLine ID="eSc_line_3e17884a"
                    TAGREFS="LT8"
                    BASELINE="140 1927 1516 1916" 
                    HPOS="138"
                    VPOS="1825"
                    WIDTH="1378"
                    HEIGHT="138">
            <Shape><Polygon POINTS="140 1927 140 1957 255 1947 322 1957 362 1963 364 1963 366 1963 368 1963 376 1957 396 1945 508 1945 520 1955 522 1955 524 1955 526 1955 600 1943 669 1957 687 1959 689 1959 821 1957 823 1957 827 1955 861 1945 893 1955 897 1957 899 1957 901 1959 1015 1959 1015 1957 1017 1957 1021 1955 1057 1939 1075 1953 1077 1953 1079 1953 1081 1953 1083 1953 1085 1953 1106 1939 1227 1939 1289 1953 1291 1953 1396 1939 1512 1953 1516 1916 1512 1844 1344 1844 1297 1825 1295 1825 1293 1825 1291 1825 1245 1842 1219 1829 1217 1829 1215 1829 1213 1829 1186 1836 1130 1827 1128 1827 1126 1827 1124 1827 1101 1846 1033 1846 1009 1829 1007 1829 1005 1829 1004 1829 1002 1829 958 1842 938 1832 936 1832 934 1832 932 1832 930 1832 906 1848 817 1848 774 1830 772 1830 695 1830 693 1830 691 1830 651 1848 522 1832 520 1832 417 1850 370 1832 368 1832 366 1832 295 1834 293 1834 291 1834 271 1850 257 1838 255 1838 253 1838 176 1834 174 1834 172 1834 170 1834 138 1852 140 1927"/></Shape>
	    <String CONTENT="Rom̃.7.B. ¶ Ie nay point cõgneu"
                    HPOS="138"
                    VPOS="1825"
                    WIDTH="1378"
                    HEIGHT="138"></String>
          </TextLine>
          <TextLine ID="eSc_line_5f3d8394"
                    TAGREFS="LT8"
                    BASELINE="132 2040 1520 2028" 
                    HPOS="130"
                    VPOS="1939"
                    WIDTH="1390"
                    HEIGHT="137">
            <Shape><Polygon POINTS="132 2040 132 2062 207 2062 223 2074 223 2076 225 2076 227 2076 229 2076 332 2062 358 2076 360 2076 362 2076 364 2076 403 2060 566 2074 568 2074 625 2062 706 2072 708 2072 768 2058 805 2068 807 2068 809 2068 811 2068 837 2056 873 2066 875 2066 877 2066 962 2056 980 2070 982 2070 984 2070 986 2072 1025 2072 1025 2070 1198 2054 1322 2066 1324 2066 1326 2066 1328 2066 1346 2052 1431 2066 1433 2066 1435 2066 1437 2066 1453 2052 1467 2060 1469 2060 1471 2060 1520 2048 1520 2028 1512 1939 1485 1951 1402 1941 1400 1941 1398 1941 1396 1941 1394 1941 1366 1961 1285 1943 1283 1943 1281 1943 1279 1943 1265 1955 1215 1943 1209 1943 1207 1943 1206 1943 1204 1943 1176 1965 964 1965 938 1947 936 1945 934 1945 932 1945 930 1945 908 1949 865 1955 845 1949 831 1945 829 1945 827 1945 825 1945 823 1945 823 1947 819 1949 800 1969 722 1969 665 1951 645 1947 643 1947 641 1947 639 1947 625 1953 586 1969 546 1953 532 1949 530 1949 485 1949 483 1949 481 1949 479 1949 471 1955 447 1969 423 1955 409 1949 407 1949 405 1949 403 1949 380 1957 332 1973 223 1973 207 1959 200 1951 198 1951 196 1951 194 1951 130 1959 132 2040"/></Shape>
	    <String CONTENT="le peche/ sinõ par la loy: car ie ne sca"
                    HPOS="130"
                    VPOS="1939"
                    WIDTH="1390"
                    HEIGHT="137"
                    WC="0.9995101966509005"></String>
          </TextLine>
          <TextLine ID="eSc_line_a73ac09f"
                    TAGREFS="LT8"
                    BASELINE="136 2157 1520 2147" 
                    HPOS="134"
                    VPOS="2058"
                    WIDTH="1386"
                    HEIGHT="137">
            <Shape><Polygon POINTS="136 2157 136 2185 146 2193 148 2193 150 2193 152 2193 154 2193 184 2179 188 2179 190 2179 219 2193 221 2193 223 2195 285 2195 285 2193 287 2193 289 2193 306 2181 403 2193 405 2193 407 2193 409 2193 433 2177 435 2177 441 2177 510 2191 512 2191 776 2175 784 2175 790 2175 948 2189 950 2189 952 2189 954 2189 954 2187 970 2173 976 2173 1142 2187 1144 2187 1146 2187 1184 2173 1259 2181 1261 2181 1263 2181 1293 2171 1368 2185 1370 2185 1372 2185 1409 2171 1437 2185 1439 2185 1441 2185 1520 2167 1520 2147 1518 2078 1473 2058 1471 2058 1356 2058 1354 2058 1352 2058 1350 2058 1318 2078 1265 2078 1247 2062 1245 2062 1243 2062 1106 2060 1105 2060 1103 2060 1101 2060 1079 2076 942 2064 940 2064 938 2064 936 2064 936 2066 918 2080 825 2062 823 2062 821 2062 780 2082 712 2082 677 2064 675 2064 673 2064 586 2074 510 2064 508 2064 506 2064 504 2064 473 2084 425 2084 394 2066 392 2066 390 2066 388 2066 340 2084 308 2074 306 2074 304 2074 134 2086 136 2157"/></Shape>
	    <String CONTENT="uoye q̃ cestoit de la cõcupiscẽce/ se la"
                    HPOS="134"
                    VPOS="2058"
                    WIDTH="1386"
                    HEIGHT="137"
                    WC="0.9958414108980269"></String>
          </TextLine>
          <TextLine ID="eSc_line_3164fa4f"
                    TAGREFS="LT8"
                    BASELINE="138 2270 1512 2260" 
                    HPOS="136"
                    VPOS="2175"
                    WIDTH="1376"
                    HEIGHT="131">
            <Shape><Polygon POINTS="138 2270 138 2290 192 2290 194 2290 207 2302 207 2304 209 2304 211 2304 213 2306 314 2306 314 2304 316 2304 318 2304 340 2290 413 2302 415 2302 502 2292 621 2302 623 2302 689 2286 693 2286 736 2286 752 2298 752 2300 754 2300 756 2300 758 2300 903 2286 956 2300 958 2300 960 2300 962 2300 998 2284 1039 2284 1083 2284 1188 2298 1190 2298 1192 2298 1194 2298 1215 2284 1356 2292 1358 2292 1407 2282 1449 2292 1451 2292 1453 2292 1512 2278 1512 2260 1510 2199 1443 2181 1441 2181 1439 2181 1437 2181 1392 2197 1378 2185 1378 2183 1376 2183 1374 2183 1372 2183 1332 2189 1316 2177 1316 2175 1314 2175 1312 2175 1310 2175 1308 2175 1231 2195 1215 2201 845 2201 831 2191 817 2179 815 2179 813 2179 726 2179 724 2179 722 2179 720 2179 708 2189 708 2191 706 2189 685 2181 683 2181 447 2181 445 2181 443 2181 421 2187 356 2207 247 2207 200 2185 196 2183 194 2183 192 2183 136 2183 138 2270"/></Shape>
	    <String CONTENT="loy neust dist. Tu ne conuoiteras"
                    HPOS="136"
                    VPOS="2175"
                    WIDTH="1376"
                    HEIGHT="131"
                    WC="0.9809817147977424"></String>
          </TextLine>
          <TextLine ID="eSc_line_6210de8a"
                    TAGREFS="LT8"
                    BASELINE="144 2387 1520 2375" 
                    HPOS="142"
                    VPOS="2288"
                    WIDTH="1378"
                    HEIGHT="140">
            <Shape><Polygon POINTS="144 2387 144 2428 287 2426 289 2426 291 2426 314 2410 362 2418 364 2418 530 2408 578 2420 600 2424 602 2424 603 2424 617 2418 645 2408 703 2416 738 2422 740 2422 742 2422 754 2416 774 2407 807 2414 815 2416 817 2416 819 2416 821 2416 829 2414 865 2405 875 2414 883 2420 885 2420 887 2420 889 2422 990 2422 990 2420 992 2420 1019 2410 1035 2405 1041 2410 1053 2420 1055 2420 1057 2420 1059 2420 1110 2408 1138 2403 1174 2407 1255 2418 1257 2418 1259 2418 1303 2405 1314 2401 1322 2405 1352 2416 1354 2416 1356 2416 1358 2416 1398 2403 1404 2401 1518 2401 1520 2375 1516 2294 1219 2288 1217 2288 1215 2288 1186 2298 1164 2308 1053 2308 1039 2302 1019 2292 1017 2292 1015 2292 958 2304 930 2308 912 2304 863 2290 861 2290 859 2290 857 2290 813 2306 802 2310 790 2306 752 2292 750 2292 748 2292 746 2292 744 2292 722 2308 716 2311 689 2311 683 2308 661 2292 659 2292 657 2292 615 2292 613 2292 611 2292 609 2292 582 2310 576 2313 536 2313 530 2310 485 2294 483 2294 417 2294 415 2294 413 2294 370 2313 368 2313 362 2313 269 2296 267 2296 265 2296 263 2296 239 2313 184 2300 182 2300 180 2300 178 2300 142 2313 144 2387"/></Shape>
	    <String CONTENT="point. Car sãs la loy/ le peche estoit"
                    HPOS="142"
                    VPOS="2288"
                    WIDTH="1378"
                    HEIGHT="140"
                    WC="0.9999900200428107"></String>
          </TextLine>
          <TextLine ID="eSc_line_7dad3cc2"
                    TAGREFS="LT8"
                    BASELINE="140 2503 1524 2490" 
                    HPOS="138"
                    VPOS="2403"
                    WIDTH="1386"
                    HEIGHT="132">
            <Shape><Polygon POINTS="140 2503 140 2525 180 2535 182 2535 231 2525 255 2521 277 2525 334 2535 336 2535 384 2523 405 2519 538 2523 710 2527 712 2527 742 2521 766 2515 776 2521 788 2529 790 2529 792 2529 794 2531 910 2531 910 2529 912 2529 944 2519 946 2519 952 2519 1029 2527 1031 2527 1033 2527 1035 2527 1047 2519 1051 2515 1063 2517 1097 2527 1099 2527 1101 2527 1103 2527 1140 2517 1156 2513 1170 2517 1196 2525 1198 2525 1200 2527 1279 2527 1279 2525 1281 2525 1283 2525 1293 2515 1297 2513 1303 2515 1320 2523 1322 2523 1324 2523 1524 2513 1524 2490 1520 2424 1477 2422 1453 2403 1451 2403 1449 2403 1382 2403 1380 2403 1378 2403 1340 2418 1318 2405 1316 2405 1314 2405 1188 2405 1186 2405 1184 2405 1182 2405 1158 2424 1156 2426 1126 2426 1122 2424 1114 2416 1112 2416 1110 2416 1108 2416 1106 2416 1093 2424 1085 2428 784 2428 760 2424 685 2410 613 2410 611 2410 609 2410 607 2410 592 2424 586 2428 580 2424 562 2410 560 2410 558 2410 556 2410 554 2410 512 2424 506 2426 499 2424 451 2412 449 2412 447 2412 445 2412 421 2424 405 2432 382 2424 360 2418 358 2418 356 2418 354 2418 334 2424 308 2434 138 2426 140 2503"/></Shape>
	    <String CONTENT="mort. Et ie uiuoye aucunesfois sãs"
                    HPOS="138"
                    VPOS="2403"
                    WIDTH="1386"
                    HEIGHT="132"></String>
          </TextLine>
          <TextLine ID="eSc_line_030a64c8"
                    TAGREFS="LT8"
                    BASELINE="142 2616 1524 2604" 
                    HPOS="140"
                    VPOS="2515"
                    WIDTH="1384"
                    HEIGHT="137">
            <Shape><Polygon POINTS="142 2616 142 2632 233 2650 235 2652 281 2652 281 2650 283 2650 285 2650 285 2648 301 2636 368 2650 370 2650 564 2632 605 2646 607 2646 609 2648 677 2648 677 2646 679 2646 714 2630 857 2638 859 2638 861 2638 883 2628 948 2628 976 2642 978 2642 980 2642 1043 2628 1106 2642 1108 2642 1110 2642 1148 2626 1198 2642 1200 2642 1202 2642 1291 2624 1316 2636 1318 2636 1320 2636 1322 2636 1348 2628 1435 2640 1437 2640 1524 2620 1524 2604 1520 2529 1380 2515 1378 2515 1305 2529 1281 2533 1259 2529 1207 2517 1206 2517 1108 2529 1061 2535 1027 2529 968 2519 966 2519 964 2519 926 2529 906 2535 885 2529 845 2521 843 2521 792 2531 774 2533 756 2531 710 2521 708 2521 706 2521 689 2531 675 2539 603 2539 586 2531 566 2523 564 2523 520 2523 518 2523 516 2523 514 2523 514 2525 506 2531 499 2539 473 2531 447 2523 445 2523 443 2523 346 2525 344 2525 342 2525 334 2531 318 2543 219 2543 205 2531 198 2525 196 2525 194 2525 192 2525 140 2531 142 2616"/></Shape>
	    <String CONTENT="loy. Mais quãt le cõmandemẽt fut"
                    HPOS="140"
                    VPOS="2515"
                    WIDTH="1384"
                    HEIGHT="137"
                    WC="0.9800070558275495"></String>
          </TextLine>
          <TextLine ID="eSc_line_8db13bb4"
                    TAGREFS="LT8"
                    BASELINE="148 2729 1526 2723" 
                    HPOS="146"
                    VPOS="2638"
                    WIDTH="1380"
                    HEIGHT="123">
            <Shape><Polygon POINTS="148 2729 148 2747 340 2747 360 2761 362 2761 364 2761 366 2761 552 2759 554 2759 556 2759 570 2747 602 2761 603 2761 605 2761 685 2745 952 2759 954 2759 956 2759 984 2745 1007 2757 1009 2757 1011 2757 1013 2757 1043 2745 1110 2753 1112 2753 1114 2753 1152 2743 1164 2755 1166 2755 1168 2755 1170 2755 1261 2743 1275 2755 1277 2755 1279 2755 1281 2755 1318 2747 1354 2757 1356 2757 1358 2757 1360 2757 1392 2743 1445 2757 1447 2757 1449 2757 1526 2739 1526 2723 1522 2658 1421 2658 1374 2638 1372 2638 1289 2638 1287 2638 1285 2638 1283 2638 1255 2656 1172 2648 1170 2648 1065 2658 1043 2642 1041 2642 1039 2642 1037 2642 1035 2642 1004 2658 942 2640 940 2640 938 2640 936 2640 885 2660 804 2660 786 2646 784 2646 782 2646 780 2646 722 2656 633 2640 631 2640 629 2640 592 2660 542 2642 540 2642 538 2642 461 2660 433 2642 431 2642 429 2642 427 2642 372 2654 354 2642 352 2642 350 2642 348 2642 346 2642 306 2662 265 2662 247 2646 245 2646 243 2646 172 2642 170 2642 168 2642 166 2642 146 2658 148 2729"/></Shape>
	    <String CONTENT="uenu/ le peche commencea a uiure."
                    HPOS="146"
                    VPOS="2638"
                    WIDTH="1380"
                    HEIGHT="123"></String>
          </TextLine>
          <TextLine ID="eSc_line_d1fa7e09"
                    TAGREFS="LT8"
                    BASELINE="142 2848 1522 2836" 
                    HPOS="140"
                    VPOS="2749"
                    WIDTH="1382"
                    HEIGHT="131">
            <Shape><Polygon POINTS="142 2848 142 2866 273 2880 275 2880 277 2880 279 2880 301 2866 346 2874 348 2874 532 2864 540 2864 542 2864 596 2878 598 2878 600 2878 697 2862 699 2862 701 2862 714 2874 714 2876 716 2876 718 2876 720 2878 805 2878 805 2876 807 2876 839 2860 857 2874 859 2874 861 2874 863 2874 986 2862 1059 2874 1061 2874 1063 2874 1065 2874 1085 2860 1097 2870 1099 2870 1101 2870 1202 2872 1204 2872 1206 2872 1233 2858 1237 2858 1352 2866 1354 2866 1520 2854 1522 2836 1516 2749 1425 2765 1356 2751 1344 2749 1342 2749 1340 2749 1336 2751 1314 2763 1245 2753 1229 2751 1227 2751 1225 2751 1219 2753 1188 2767 1049 2771 855 2771 843 2759 837 2755 837 2753 835 2753 833 2753 831 2753 829 2753 827 2753 819 2759 805 2769 786 2759 774 2755 772 2755 770 2755 742 2761 703 2769 671 2761 641 2755 639 2755 637 2755 619 2763 596 2773 568 2763 550 2757 548 2757 546 2757 544 2757 532 2763 516 2773 506 2765 502 2761 501 2761 499 2761 497 2761 495 2761 481 2765 453 2773 435 2765 415 2757 413 2757 411 2757 368 2767 328 2775 308 2767 289 2759 287 2759 285 2759 140 2769 142 2848"/></Shape>
	    <String CONTENT="Mais moy/ ie suis mort: ⁊ le cõmã¬"
                    HPOS="140"
                    VPOS="2749"
                    WIDTH="1382"
                    HEIGHT="131"
                    WC="0.9675767140256034"></String>
          </TextLine>
          <TextLine ID="eSc_line_f77e97fb"
                    TAGREFS="LT8"
                    BASELINE="142 2961 1522 2955" 
                    HPOS="140"
                    VPOS="2864"
                    WIDTH="1382"
                    HEIGHT="144">
            <Shape><Polygon POINTS="142 2961 142 2994 403 2988 421 2996 449 3008 451 3008 453 3008 499 2998 534 3008 536 3008 538 3008 540 3008 542 3008 558 2996 566 2988 586 2996 588 2996 590 2996 592 2996 594 2996 598 2996 633 2986 659 2996 687 3006 689 3006 691 3008 908 3008 908 3006 910 3006 912 3006 924 2996 986 3006 988 3006 1134 2996 1307 2985 1328 2996 1338 3004 1340 3004 1342 3004 1344 3004 1346 3004 1374 2996 1404 2988 1417 2996 1429 3004 1431 3004 1433 3004 1435 3004 1437 3004 1459 2996 1489 2986 1516 2996 1522 2955 1518 2872 1362 2864 1360 2864 1358 2864 1356 2864 1346 2872 1338 2878 1322 2872 1299 2864 1297 2864 1295 2864 1293 2864 1261 2874 1233 2882 1091 2882 1081 2874 1065 2864 1063 2864 1061 2864 1059 2864 990 2876 946 2882 934 2876 920 2866 918 2866 916 2866 914 2866 912 2866 889 2876 887 2876 885 2876 841 2866 839 2866 837 2866 807 2876 792 2882 776 2876 744 2866 742 2866 740 2866 633 2878 592 2882 582 2878 560 2868 558 2868 556 2868 499 2880 473 2884 453 2880 423 2872 421 2872 419 2872 417 2872 388 2880 382 2882 378 2880 366 2870 366 2868 364 2868 362 2868 360 2868 358 2868 326 2880 314 2886 221 2886 217 2882 203 2870 203 2868 201 2868 200 2868 150 2868 148 2868 146 2868 144 2868 144 2870 142 2870 140 2870 142 2961"/></Shape>
	    <String CONTENT="demẽt qui mestoit baille poͬ la uie/"
                    HPOS="140"
                    VPOS="2864"
                    WIDTH="1382"
                    HEIGHT="144"
                    WC="0.9997735571216892"></String>
          </TextLine>
        </TextBlock>
        <TextBlock HPOS="1602"
                   VPOS="187"
                   WIDTH="122"
                   HEIGHT="108"
                   ID="eSc_textblock_775876ba"
                   TAGREFS="BT15">
          <Shape><Polygon POINTS="1602 187 1602 295 1724 295 1724 187"/></Shape>
          <TextLine ID="eSc_line_eb743bf8"
                    TAGREFS="LT8"
                    BASELINE="1607 281 1719 279" 
                    HPOS="1614"
                    VPOS="178"
                    WIDTH="104"
                    HEIGHT="145">
            <Shape><Polygon POINTS="1620 279 1620 323 1715 308 1718 276 1712 178 1614 178 1620 279"/></Shape>
	    <String CONTENT="53"
                    HPOS="1614"
                    VPOS="178"
                    WIDTH="104"
                    HEIGHT="145"></String>
          </TextLine>
        </TextBlock>
        <TextBlock HPOS="1334"
                   VPOS="2999"
                   WIDTH="200"
                   HEIGHT="87"
                   ID="eSc_textblock_bcb1a64d"
                   TAGREFS="BT17">
          <Shape><Polygon POINTS="1334 2999 1334 3082 1534 3086 1534 2999"/></Shape>
          <TextLine ID="eSc_line_934488fa"
                    TAGREFS="LT8"
                    BASELINE="1340 3056 1526 3052" 
                    HPOS="1338"
                    VPOS="2985"
                    WIDTH="188"
                    HEIGHT="126">
            <Shape><Polygon POINTS="1340 3056 1340 3076 1360 3076 1368 3081 1384 3095 1384 3097 1386 3097 1388 3097 1390 3097 1392 3097 1394 3097 1406 3089 1421 3078 1449 3097 1467 3109 1469 3109 1471 3109 1473 3111 1526 3111 1526 3052 1522 3000 1451 2985 1449 2985 1447 2985 1445 2985 1415 3002 1409 3006 1338 3006 1340 3056"/></Shape>
	    <String CONTENT="a este"
                    HPOS="1338"
                    VPOS="2985"
                    WIDTH="188"
                    HEIGHT="126"
                    WC="0.9997794727484385"></String>
          </TextLine>
        </TextBlock>
      </PrintSpace>
    </Page>
  </Layout>
</alto>
