2211 3563
715 370 1367 138 ne peult faire parfaictz ceulx qui y

707 490 521 129 approchent.

861 591 1189 121 ¶ Ambroise/ au liure de Iacob/ ⁊ de la

982 678 963 119 uie bienheureuse/ au .ui. Chap̃.

691 756 1411 122 ¶ Quelle chose dõcques auoit on affaire q̃ la

693 841 1397 121 loy fust publiee/ si elle ne debuoit pas ꝓffiter?

707 926 1397 117 Noꝰ auiõs desia la loy de noture: ung chascũ

705 1007 1389 125 estoit loy a soymesme/ ayãt loeuure de la loy

689 1094 1411 115 escripte en son cueur. Noꝰ nauons point tenu

675 1179 1421 113 ceste la/ pourquoy luy adionstoit on une aul¬

677 1266 1423 113 tre/ es oeuures de laq̃lle la chair ne peult estre

701 1340 1397 114 ruftifiee? Le uien est uenu/ et non pas la deli-

713 1421 1381 119 urãce: la recõgnoissance des pechez a este ad¬

716 1508 1376 125 ioristee/ ⁊ non pas la remission. Nous auons

710 1582 1385 116 tous peche: nous ne pouõs prẽdre excuse par

707 1668 1391 119 ignorãce/ la bouche est fermee a tous.? Tou¬

719 1751 1376 131 tesfois elle ma ꝓffite iay cõmence de confesser

698 1831 1397 134 ce q̃ ie nioye: iay cõmence a cõgnoistre mon pe

692 1926 1397 107 che/ ⁊ a ne plus couurir mon iniustice? iay cõ

695 2001 1400 116 mence a pronõcer cõtre moy mon iniustice au

698 2081 1388 125 seigñr: ⁊ tu as pardonne les iniquitez de mon

677 2175 1413 111 cueur. Mais aussi ce me proffite que nous ne

681 2254 1407 111 sommes point iustifiez par les oeuures de la

675 2337 1411 119 loy. Car ie nay riẽs dequoy ie me puisse glori¬

681 2430 1409 105 fier en mes oeuures: ie nay riẽs poͬ me uãter: ⁊

679 2503 1409 119 pourtãt me glorifieray ie en Christ. Ie ne me

689 2589 1395 114 glorifieray pas pour ce que ie soye iuste: mais

681 2670 1405 122 me glorifieray pour ce q̃ ie suis rachete. Ie me

693 2749 1387 127 glorifieray/ nõ pas poͬ ce q̃ ie soye sãs peche:

685 2834 1070 115 mais pour ce qͥlz me sont pardõnez.

768 2933 1304 133 ¶ Aug. de la lettre ⁊ de lesprit au .ix. Chap̃.

1172 227 408 131 De la loy

413 1457 282 143 Rom̃.3.c

410 1582 279 104 1.cor.15.f

413 1739 285 119 Loeuure

407 1837 270 92 ⁊ lutilite

398 1909 270 110 de la loy

395 1995 279 116 d moyse.

398 2072 214 122 Ps̈.31.

1759 3040 303 109 ¶ La loy
