2212 3563
112 305 1374 107 ¶ La loy monstre seullement/ quelle chose on

110 385 1358 116 doibt faire/ ⁊ de quoy on se doibt garder: affin

121 478 1341 103 que lae uolunte acõplisse/ ce quelle mõstre: ⁊ q̃

124 552 1356 116 ains/ lhõme soit iustifie. Mais o toy hõme/

118 638 1362 104 cõsidere quelle chose sensuyt.? Certes main¬

112 728 1373 101 tenant (dit il) sans la loy/ la iustice de dieu est

102 813 1375 103 manifestee: ⁊ tesmoignee par la loy/ ⁊ les pro¬

102 896 1379 103 phetes. Est ce ung petit son aux sourdz? La

95 976 1379 116 iustice (dist il) de dieu est manifestee. Ceulx qͥ

98 1062 1382 101 ueullent establir leur iustice/ ignorẽt celle iu¬

101 1146 1376 101 stice. A celle ne ueullent ilz pas estre subiectz.

98 1226 1376 98 La iustice de dieu (dit il) est manifestee. Il na

100 1310 1379 105 pas dit la iustice de lhõme/ ou la iustice de la

102 1397 1383 101 ꝓpre uolunte. La iustice de dieu/ non pas celle

104 1476 1381 105 par laquelle il est iuste: mais celle par laquelle

99 1557 1396 109 il uest lhõme quant il iustifie linfidele. Ceste

102 1646 1410 99 est elle tesmoignee par la loy/ et les xyhetes?

112 1728 1406 97 Certainement la uoy ⁊ les prophetes luy ren¬

112 1811 1380 95 dent tesmoignage.Ua loye ceauee7 com¬

104 1891 1376 95 mandant ⁊ menaceant ⁊ ne iustifiãt personne

98 1977 1382 95 demõstre assez que lhõme est iustifie par lay¬

104 2057 1385 107 de de lesprit/ ⁊ par le pur don de dieu. Les pro¬

104 2140 1373 95 phetes/ pour ce que la uenue de Christ a acõ¬

110 2226 1383 105 ply ce que les prophetes on predit. Et de ce en¬

122 2306 1371 108 suyt ⁊ adiouste/ disãt. Mais la iustice de dieu

116 2387 1385 109 est par la sou de Iesuehris: cest adire par la

120 2470 1379 107 foy par laquelle on croit en Cuuis̃. Et oinsiq̃

112 2553 1410 93 la foy de Christ est dicte/ nõ pas celle par la¬

124 2638 1396 101 quelle Christ croit: ainsi est dicte la iustice de

126 2719 1377 95 dieu/ non pas celle de laq̃lle dieu est iuste. Car

118 2806 1375 103 lune ⁊ laultre est a nous. Mais poͬ ce estelle

120 2889 1377 119 dicte a dieu et a nous: quelle nous estdonnee

353 142 1065 172 Mosaicque. Cha.h/.

1537 296 267 122 Quelle

1489 409 318 92 chose la

1495 481 294 95 loy de¬

1498 567 226 107 mõstre.

1507 647 196 104 Ro.3.c

1581 187 116 133 55

1498 985 211 107 Ro.3.c

1495 1059 268 110 2.cor.5.d

1495 1160 244 90 1.Io.1.a

1495 1232 229 142 Ps̈.24.

1510 1790 270 134 La tusti

1504 1900 226 89 ce nest

1504 1989 267 104 pas don

1507 2072 241 101 nee par

1507 2152 208 113 la loy.

1285 2985 216 104 par sa
