2212 3563
332 187 1044 154 Mosaicque. Cha.ui.

146 328 1351 123 uenue de Adam/ ⁊ a tire auec luy ce qui est icy

142 415 1344 110 cõceu. Le p̃mier hõme est tõbe: ⁊ tous ceulx qͥ

158 506 1339 111 sont naiz de luy/ ont tire de luy la cõcupiscẽce

150 589 1353 111 de la chair. Il falloit q̃ ung autre homme fut

134 673 1363 112 naiz/ leq̃l na tire nulle cõcupiscẽce. Parquoy

126 756 1375 114 est dit en lescripture/ hõme et hõme: assauoir/

124 835 1367 117 hõme a la mort/ ⁊ hõe a la uie: ainsi q̃ dit lapo

130 914 1356 113 stre. * Car certainemẽt la mort est par lhõme: ⁊

128 1001 1367 113 la resurrectiõ des mortz est par lhõme. Tous

126 1086 1367 111 ceulx qͥ sont iustifiez par Christ/ sont iustes.

122 1165 1369 119 Non pas en eulx mesmes/ mais en Christ.

142 1244 1344 109 * Car si tu demãde q̃lle chose ilz sont en eulx

115 1324 1371 119 mesmes: ilz sont Adam. Et si tu demande q̃lle

118 1407 1383 128 chose ilz sont en Christ: Ilz sont iustes. Pour¬

121 1493 1368 128 quoy? Pour ce q̃ nostre seigñr Iesuchrist qͥ est

118 1576 1392 125 le chief/ nest pas uenu par la brãche de peche:

118 1656 1416 119 mais toutesfoys il est uenu auec la chair mor

130 1739 1392 113 telle. La mort estoit la peine des pecheͬs: mais

130 1826 1368 109 au seigneur estoit le don de misericorde. Ce¬

121 1909 1377 124 stuy nauoit point de cause dequoy il deubt

121 1992 1377 113 mourir/ ⁊ si est mort. Mais tu as cause pour¬

121 2078 1374 122 quoy: ⁊ si ne ueulx point mourir? Souffre uo

120 2167 1385 109 luntairemẽt dung franc couraige selõ ton me

128 2248 1380 109 rite/ ce que cestuy a bien uoulu souffrir/ affin

136 2329 1376 105 qͥl te deliurast de la mort eternelle. Il est dõc¬

128 2416 1388 103 ques ung hõme/ ⁊ lautre hõme. Mais lung

118 2496 1420 108 nest que homme seullement: ⁊ uautre est dieu ⁊

128 2573 1416 119 hõme. Lung est lhomme de peche/ ⁊ lautre est

132 2662 1400 107 lhomme de iustice. Tu es mort en Adam: re¬

134 2741 1384 119 suscite en Christ. Car lung et lautre te est

126 2828 1388 111 deu. Combien que tu aye creu en Christ tou¬

122 2911 1390 139 tesfoys tu rendras ce que tu doibtz de Adam.

1590 181 110 151 56

1507 421 264 119 geñ.3.b

1498 875 273 199 1.cor.15.c

1507 1214 244 142 En noꝰ

1510 1336 256 95 mesmes

1513 1398 273 122 noꝰ som¬

1516 1508 279 95 mes adã

1534 1579 273 107 en christ

1551 1671 259 101 noꝰ som¬

1548 1748 235 134 mes iu¬

1516 1823 143 106 stes.

1516 1915 247 95 Ro.9.a

1516 1998 205 110 Io.1.d.

1513 2096 270 130 1.pet̃.4.a

1248 2992 265 125 * Mais
