2211 3563
1157 211 406 129 De la loy

710 332 1355 128 * Mais le lien de peche ne se tiendra pas eter¬

704 436 1367 110 nellemẽt: car la mort tẽporelle du seigneur ton

698 525 1367 95 dieu/ a occis ta mort eternelle. Mes freres/

677 611 1394 98 icelle est la grace/ icelle est la uerite: poͬ ce q̃lle

661 692 1413 103 est promise ⁊ donnee. Celle nestoit pas en lan¬

681 779 1389 99 cien testament: car la loy menaceoit/ ⁊ ne ay¬

691 859 1375 103 doit pas: elle cõmãdoit/ ⁊ si ne guerissoit pas:

687 944 1383 93 elle demonstroit la langueur/ mais elle ne lo¬

695 1025 1379 103 stoit pas. Mais icelle appareilloit poͬ le me¬

685 1108 1377 101 decin qui debuoit uenir auec grace ⁊ uerite: cõ

665 1193 1397 103 me si le medecin premier enuoyoit son serui¬

659 1276 1407 99 teur/ a quelcũ quil ueult guerir/ affin quil le

675 1357 1395 103 trouue tout lie. Lhomme nestoit pas sain: ⁊ si

687 1437 1377 101 ne uouloit pas estre guery. Et affin quil ne

698 1523 1355 104 fust pas guery: il se uãtoit estre sain. * La loy

695 1597 1376 104 fut enuoyee: laq̃lle le lia: ⁊ il se trouua coul¬

692 1686 1379 98 pable: desia crioit il pour son liẽ. Le seigñr est

695 1766 1373 101 uenu: il le guerit par aucunes medecines ame

665 1840 1400 122 res ⁊ ung petit terribles. Car il dit au malade

662 1941 1397 89 Souffre/ aye patience: ⁊ luy dit/ ne ayme pas

677 2016 1379 109 le monde: que le feu de cõtinence te guerisse: q̃

674 2093 1379 116 tes playes souffrẽt le fer de persecutiõ. Tu en

665 2194 1382 92 auois paour/ cõbien q̃ tu fusse lie: mais cestuy

651 2270 1413 101 qui estoit libre ⁊ qui nestoit pas lie/ a ueu ce qͥl

653 2351 1409 103 te dõne. Il a premier souffert/ affin quil te cõ

671 2428 1382 116 solast cõme sil disoit. * Que crains tu de souf

674 2508 1382 107 frir pour toy: ie souffre p̃mier pour toy. Ceste

671 2592 1388 118 est la grace/ et aussi la grande grace. Qui est

667 2686 1389 99 cestuy qui la pourra dignement louer? Mes

669 2765 1389 105 freres ie parle de lhumilite de Christ. Qui est

671 2850 1377 105 cestuy qͥ dira en explicãt ⁊ en parlant la ma-

667 2929 828 129 ieste de Christ ⁊ sa diuinite?

395 329 297 131 La mort

410 445 279 92 ð christ a

413 534 267 83 occis nr̃e

413 620 178 101 mort.

398 1508 255 110 La loy

395 1591 273 98 lie: mais

395 1674 255 110 elle ne

392 1760 229 104 gueryt

386 1843 223 104 pas le

377 1921 261 106 malade.

377 2013 276 106 Luc.4.c

374 2093 152 98 ⁊.6.c

383 2176 235 122 Io.12.f

380 2410 270 119 Les be¬

374 2508 276 101 nefices ð

371 2586 184 127 dieu.

1790 3002 258 137 Io.1.C.
