<?xml version="1.0" encoding="UTF-8"?>
<alto xmlns:xsi="http://www.w3.org/2001/XMLSchema-instance"
      xmlns="http://www.loc.gov/standards/alto/ns-v4#"
      xsi:schemaLocation="http://www.loc.gov/standards/alto/ns-v4# http://www.loc.gov/standards/alto/v4/alto-4-2.xsd">
  <Description>
    <MeasurementUnit>pixel</MeasurementUnit>
    <sourceImageInformation>
      <fileName>115_cb705_default.jpg</fileName>
      <fileIdentifier>https://www.e-rara.ch/i3f/v20/4105850/full/full/0/default.jpg</fileIdentifier>
    </sourceImageInformation>
  </Description>
  <Tags>
    <OtherTag ID="BT8" LABEL="DamageZone" DESCRIPTION="block type DamageZone"/><OtherTag ID="BT10" LABEL="DropCapitalZone" DESCRIPTION="block type DropCapitalZone"/><OtherTag ID="BT11" LABEL="GraphicZone" DESCRIPTION="block type GraphicZone"/><OtherTag ID="BT12" LABEL="MainZone" DESCRIPTION="block type MainZone"/><OtherTag ID="BT13" LABEL="MarginTextZone" DESCRIPTION="block type MarginTextZone"/><OtherTag ID="BT15" LABEL="NumberingZone" DESCRIPTION="block type NumberingZone"/><OtherTag ID="BT17" LABEL="QuireMarksZone" DESCRIPTION="block type QuireMarksZone"/><OtherTag ID="BT18" LABEL="RunningTitleZone" DESCRIPTION="block type RunningTitleZone"/><OtherTag ID="BT20" LABEL="StampZone" DESCRIPTION="block type StampZone"/><OtherTag ID="BT21" LABEL="TableZone" DESCRIPTION="block type TableZone"/><OtherTag ID="BT22" LABEL="TitlePageZone" DESCRIPTION="block type TitlePageZone"/><OtherTag ID="BT132" LABEL="MarginTextZone:handwrittenAddition" DESCRIPTION="block type MarginTextZone:handwrittenAddition"/>
    <OtherTag ID="LT7" LABEL="CustomLine" DESCRIPTION="line type CustomLine"/><OtherTag ID="LT8" LABEL="DefaultLine" DESCRIPTION="line type DefaultLine"/><OtherTag ID="LT9" LABEL="DropCapitalLine" DESCRIPTION="line type DropCapitalLine"/><OtherTag ID="LT10" LABEL="HeadingLine" DESCRIPTION="line type HeadingLine"/><OtherTag ID="LT11" LABEL="InterlinearLine" DESCRIPTION="line type InterlinearLine"/><OtherTag ID="LT125" LABEL="default" DESCRIPTION="line type default"/>
  </Tags>
  <Layout>
    <Page WIDTH="2211"
          HEIGHT="3563"
          PHYSICAL_IMG_NR="115"
          ID="eSc_dummypage_">
      <PrintSpace HPOS="0"
                  VPOS="0"
                  WIDTH="2211"
                  HEIGHT="3563">
        <TextBlock HPOS="1159"
                   VPOS="153"
                   WIDTH="431"
                   HEIGHT="142"
                   ID="eSc_textblock_e3e3d20a"
                   TAGREFS="BT18">
          <Shape><Polygon POINTS="1159 153 1159 295 1590 295 1590 153"/></Shape>
          <TextLine ID="eSc_line_2c05e0b5"
                    TAGREFS="LT10"
                    BASELINE="1172 257 1582 253" 
                    HPOS="1170"
                    VPOS="158"
                    WIDTH="412"
                    HEIGHT="140">
            <Shape><Polygon POINTS="1503 176 1497 172 1493 170 1487 170 1468 170 1454 168 1454 170 1452 170 1446 168 1428 168 1408 166 1388 166 1374 166 1355 176 1285 162 1269 162 1250 160 1230 160 1210 158 1190 158 1170 158 1172 257 1172 287 1178 292 1178 294 1180 294 1182 294 1184 294 1186 294 1220 283 1246 275 1265 285 1275 290 1277 290 1279 290 1281 290 1293 287 1325 271 1378 271 1398 287 1400 287 1402 287 1404 287 1406 287 1440 279 1493 294 1509 298 1511 298 1513 298 1582 296 1582 253 1579 182 1569 176"/></Shape>
	    <String CONTENT="De la loy"
                    HPOS="1170"
                    VPOS="158"
                    WIDTH="412"
                    HEIGHT="140"
                    WC="0.994211753209432"></String>
          </TextLine>
        </TextBlock>
        <TextBlock HPOS="645"
                   VPOS="302"
                   WIDTH="1474"
                   HEIGHT="2687"
                   ID="eSc_textblock_1e072cbe"
                   TAGREFS="BT12">
          <Shape><Polygon POINTS="960 454 720 461 669 676 679 813 715 906 681 1272 681 1889 647 2057 645 2069 681 2293 680 2981 2091 2989 2119 490 1843 462 1875 318 952 302"/></Shape>
          <TextLine ID="eSc_line_9595913c"
                    TAGREFS="LT10"
                    BASELINE="966 374 1854 378" 
                    HPOS="964"
                    VPOS="296"
                    WIDTH="890"
                    HEIGHT="111">
            <Shape><Polygon POINTS="1816 316 1796 314 1684 314 1680 310 1666 298 1664 298 1662 298 1660 298 1606 308 1586 312 1571 308 1537 298 1535 298 1533 298 1531 298 1529 298 1517 306 1509 314 1422 314 1414 306 1410 302 1410 300 1408 300 1406 300 1404 300 1363 304 1341 306 1329 304 1303 296 1301 296 1299 296 1260 302 1210 312 1168 312 1157 300 1153 298 1153 296 1151 296 1149 296 1147 296 1145 296 1143 296 1137 300 1127 306 1004 298 1004 300 984 304 966 310 966 374 964 391 1012 405 1014 405 1016 405 1018 405 1040 395 1367 405 1368 405 1370 405 1372 405 1380 399 1388 395 1410 399 1442 407 1444 407 1521 401 1594 397 1612 403 1622 407 1624 407 1626 407 1628 407 1640 405 1668 397 1850 407 1854 378 1852 320 1836 320"/></Shape>
	    <String CONTENT="¶ Augustin ad Hilarium/ en"
                    HPOS="964"
                    VPOS="296"
                    WIDTH="890"
                    HEIGHT="111"
                    WC="0.9988094063905569"></String>
          </TextLine>
          <TextLine ID="eSc_line_976c6c29"
                    TAGREFS="LT10"
                    BASELINE="1139 453 1709 457" 
                    HPOS="1137"
                    VPOS="387"
                    WIDTH="572"
                    HEIGHT="103">
            <Shape><Polygon POINTS="1137 477 1430 490 1432 490 1434 490 1485 477 1501 490 1503 490 1505 490 1507 490 1559 481 1608 490 1610 490 1612 490 1614 490 1614 488 1626 477 1707 475 1709 457 1707 407 1676 407 1676 405 1660 391 1660 389 1658 389 1656 389 1654 389 1525 399 1515 391 1513 391 1511 391 1509 391 1507 391 1505 391 1483 405 1479 405 1414 393 1412 393 1359 403 1299 387 1297 387 1295 387 1224 401 1162 389 1160 389 1158 389 1157 389 1139 399 1139 453"/></Shape>
	    <String CONTENT="la . lxxxix. epistre."
                    HPOS="1137"
                    VPOS="387"
                    WIDTH="572"
                    HEIGHT="103"
                    WC="0.972974263486408"></String>
          </TextLine>
          <TextLine ID="eSc_line_d9da8e44"
                    TAGREFS="LT8"
                    BASELINE="719 534 2102 544" 
                    HPOS="717"
                    VPOS="463"
                    WIDTH="1385"
                    HEIGHT="111">
            <Shape><Polygon POINTS="2100 494 2014 494 2012 492 1915 471 1913 471 1911 471 1909 471 1884 492 1787 492 1674 492 1672 490 1634 475 1632 475 1630 475 1628 475 1594 490 1592 490 1551 467 1549 467 1547 467 1545 467 1475 488 1378 477 1376 477 1374 477 1339 488 1309 471 1307 471 1305 471 1303 471 1232 486 1206 465 1204 465 1202 465 1200 465 1153 467 1151 467 1149 467 1117 486 1115 486 1093 486 998 486 947 463 945 463 754 463 752 463 750 463 748 463 719 481 719 534 717 550 752 566 754 566 756 566 970 554 994 554 1125 554 1129 556 1153 568 1155 568 1157 568 1234 558 1256 556 1262 558 1273 570 1275 570 1277 570 1279 572 1519 572 1519 570 1521 570 1537 564 1549 558 1618 564 1695 572 1697 572 1699 572 1715 566 1731 560 1767 566 1796 572 1798 572 1822 568 1852 562 1870 568 1884 574 1886 574 1888 574 1917 570 1961 562 1995 570 2008 574 2010 574 2012 574 2030 572 2076 562 2096 572 2102 544 2102 496 2100 494"/></Shape>
	    <String CONTENT="¶ Mesme aussi ceste loy est dõnee en ceste ay¬"
                    HPOS="717"
                    VPOS="463"
                    WIDTH="1385"
                    HEIGHT="111"
                    WC="0.9995119191230611"></String>
          </TextLine>
          <TextLine ID="eSc_line_dda02a3e"
                    TAGREFS="LT8"
                    BASELINE="701 611 2105 627" 
                    HPOS="699"
                    VPOS="546"
                    WIDTH="1406"
                    HEIGHT="117">
            <Shape><Polygon POINTS="701 611 699 631 958 637 984 651 986 651 988 651 1050 637 1069 653 1071 653 1073 653 1075 653 1077 653 1123 639 1155 653 1157 653 1158 653 1160 653 1188 639 1214 653 1216 653 1218 653 1319 647 1404 657 1406 657 1569 643 1586 655 1588 655 1590 655 1592 655 1747 645 1804 661 1806 661 2050 663 2052 663 2054 663 2104 647 2105 627 2102 564 2002 574 1979 562 1973 560 1971 560 1969 560 1951 562 1892 572 1878 562 1874 558 1872 558 1870 558 1868 558 1836 562 1755 572 1721 560 1705 556 1703 556 1701 556 1699 556 1680 560 1642 570 1604 560 1579 554 1577 554 1575 554 1509 560 1420 568 1386 560 1374 556 1372 556 1370 556 1347 558 1299 566 1263 558 1226 550 1224 550 1222 550 1200 558 1182 566 1111 566 1101 558 1091 550 1089 550 1087 550 1085 550 1034 558 996 562 988 556 976 548 974 548 972 548 970 548 968 548 943 556 925 562 776 562 766 556 752 546 750 546 748 546 746 546 701 554 701 611"/></Shape>
	    <String CONTENT="de a ceulx qͥ en usent legitimemẽt: affin q̃ par"
                    HPOS="699"
                    VPOS="546"
                    WIDTH="1406"
                    HEIGHT="117"
                    WC="0.963612074754676"></String>
          </TextLine>
          <TextLine ID="eSc_line_905b5b97"
                    TAGREFS="LT8"
                    BASELINE="689 696 1537 710 2102 706" 
                    HPOS="687"
                    VPOS="633"
                    WIDTH="1415"
                    HEIGHT="109">
            <Shape><Polygon POINTS="689 696 687 714 707 726 709 726 711 726 713 726 715 726 733 716 1052 718 1075 734 1077 734 1079 734 1081 734 1170 722 1238 736 1240 736 1378 722 1535 738 1537 738 1612 724 1668 740 1670 740 1672 740 1674 740 1705 728 1725 740 1727 740 1729 740 1731 740 1830 732 1886 742 1888 742 2100 726 2102 706 2100 659 1987 647 1985 647 1983 647 1981 647 1971 657 1969 659 1888 659 1884 657 1846 643 1844 643 1842 643 1787 655 1785 655 1783 655 1670 641 1668 641 1666 641 1632 653 1577 641 1575 641 1313 651 1307 651 1305 651 1232 637 1230 637 1228 637 1192 649 1137 639 1135 639 1081 649 1046 637 1044 637 1042 637 974 647 948 635 947 635 798 633 796 633 794 633 792 633 772 645 723 633 721 633 719 633 717 633 689 645 689 696"/></Shape>
	    <String CONTENT="icelle ilz congnoissent/ ou q̃lle chose ilz ont re¬"
                    HPOS="687"
                    VPOS="633"
                    WIDTH="1415"
                    HEIGHT="109"
                    WC="0.9889562550713035"></String>
          </TextLine>
          <TextLine ID="eSc_line_8ed62c67"
                    TAGREFS="LT8"
                    BASELINE="685 785 962 779 1475 793 2104 793" 
                    HPOS="683"
                    VPOS="716"
                    WIDTH="1421"
                    HEIGHT="105">
            <Shape><Polygon POINTS="685 785 683 797 905 799 937 815 939 815 941 815 1105 803 1121 815 1121 817 1123 817 1125 817 1127 817 1242 805 1319 819 1573 821 1575 821 1735 809 2030 821 2032 821 2102 807 2104 793 2102 730 1856 744 1836 734 1834 734 1832 734 1775 742 1745 730 1741 728 1739 728 1737 728 1735 728 1733 730 1707 742 1477 742 1462 730 1452 720 1450 720 1448 720 1446 720 1444 720 1408 730 1365 740 1232 730 1166 724 1164 724 1162 724 1160 724 1155 730 1143 738 1099 738 1077 730 1040 716 1038 716 1036 716 685 728 685 785"/></Shape>
	    <String CONTENT="ceu de Iustice/ pour en rẽdre graces: ou quelle"
                    HPOS="683"
                    VPOS="716"
                    WIDTH="1421"
                    HEIGHT="105"
                    WC="0.9962535612285137"></String>
          </TextLine>
          <TextLine ID="eSc_line_4f3e9cd6"
                    TAGREFS="LT8"
                    BASELINE="709 857 1388 876 2102 878" 
                    HPOS="709"
                    VPOS="789"
                    WIDTH="1393"
                    HEIGHT="123">
            <Shape><Polygon POINTS="709 857 709 880 804 880 806 880 826 894 828 894 830 894 832 894 911 882 917 882 925 882 1067 898 1069 898 1329 892 1454 904 1456 904 1545 892 1582 906 1584 906 1586 906 1687 894 1713 908 1715 908 1717 908 1787 896 1876 910 1878 910 1971 898 2066 912 2068 912 2070 912 2100 898 2102 878 2100 815 1993 809 1991 809 1989 809 1987 809 1983 813 1971 821 1899 815 1897 815 1895 815 1874 827 1854 813 1844 805 1842 805 1840 805 1838 805 1771 813 1745 815 1733 813 1697 803 1695 803 1693 803 1691 803 1656 813 1616 823 1604 813 1602 813 1600 813 1598 813 1557 821 1541 811 1531 807 1529 807 1527 807 1525 807 1523 807 1517 811 1501 821 1327 821 1250 819 1240 811 1226 797 1224 797 1222 797 1220 797 1162 811 1141 815 1125 809 1085 795 1083 795 1081 795 1079 795 1030 809 1016 813 1012 809 990 793 988 793 986 793 984 793 937 801 851 791 849 791 847 791 824 805 804 789 802 789 800 789 798 789 709 807 709 857"/></Shape>
	    <String CONTENT="chose leͬ deffault encore/ poͬ le demãder instã"
                    HPOS="709"
                    VPOS="789"
                    WIDTH="1393"
                    HEIGHT="123"
                    WC="0.992837384039042"></String>
          </TextLine>
          <TextLine ID="eSc_line_e7a83438"
                    TAGREFS="LT8"
                    BASELINE="729 944 756 944 1475 962 2102 958" 
                    HPOS="725"
                    VPOS="869"
                    WIDTH="1376"
                    HEIGHT="125">
            <Shape><Polygon POINTS="728 941 725 970 1375 991 1378 991 1488 976 1500 976 1515 976 1628 994 1631 994 2098 979 2101 956 2095 896 1369 896 1334 887 1271 878 1268 878 1224 887 1206 890 1197 887 1173 875 1170 875 1167 875 1164 875 1129 887 1111 890 1078 887 986 872 983 872 864 884 855 884 852 884 838 869 835 869 832 869 829 869 728 881 728 941"/></Shape>
	    <String CONTENT="mẽt. Mais ceulx qui oyẽt q̃ la loy dit. * Tu"
                    HPOS="725"
                    VPOS="869"
                    WIDTH="1376"
                    HEIGHT="125"></String>
          </TextLine>
          <TextLine ID="eSc_line_0e4b8d15"
                    TAGREFS="LT8"
                    BASELINE="711 1025 2105 1047" 
                    HPOS="709"
                    VPOS="962"
                    WIDTH="1396"
                    HEIGHT="116">
            <Shape><Polygon POINTS="711 1025 709 1043 780 1059 782 1059 784 1059 828 1047 962 1047 1073 1062 1075 1062 1077 1062 1113 1053 1133 1064 1135 1064 1137 1064 1139 1064 1232 1057 1246 1066 1248 1066 1250 1066 1252 1066 1475 1059 1495 1070 1497 1070 1499 1070 1598 1072 1600 1072 1723 1060 1765 1072 1767 1072 1769 1072 1771 1072 1812 1062 1868 1076 1870 1076 1872 1076 1951 1068 2018 1078 2020 1078 2104 1064 2105 1047 2105 979 1890 977 1888 977 1886 977 1884 977 1856 993 1802 977 1794 975 1792 975 1790 975 1789 975 1781 977 1729 991 1682 991 1660 977 1654 973 1652 973 1650 973 1648 973 1616 977 1537 987 1416 987 1392 975 1374 969 1372 969 1370 969 1368 969 1343 975 1317 983 1299 975 1291 973 1289 973 1287 973 1285 973 1283 973 1281 975 1269 983 1123 983 1097 975 1065 967 1063 967 1061 967 1059 967 1044 975 1034 979 1018 975 970 962 968 962 966 962 964 962 925 975 919 977 911 975 875 962 873 962 871 962 812 975 804 975 711 975 711 1025"/></Shape>
	    <String CONTENT="ne cõuoiteras point: tellement q̃ ce leur suffit"
                    HPOS="709"
                    VPOS="962"
                    WIDTH="1396"
                    HEIGHT="116"></String>
          </TextLine>
          <TextLine ID="eSc_line_90139176"
                    TAGREFS="LT8"
                    BASELINE="724 1112 2098 1130" 
                    HPOS="719"
                    VPOS="1051"
                    WIDTH="1376"
                    HEIGHT="106">
            <Shape><Polygon POINTS="722 1110 719 1137 734 1149 737 1149 739 1149 742 1149 933 1137 965 1152 968 1152 971 1152 1372 1143 1405 1157 1408 1157 1411 1157 2092 1149 2095 1128 2092 1057 722 1051 722 1110"/></Shape>
	    <String CONTENT="quilz le scaiuẽt biẽ: ⁊ quilz ne croiẽt pas/ ⁊ ne"
                    HPOS="719"
                    VPOS="1051"
                    WIDTH="1376"
                    HEIGHT="106"></String>
          </TextLine>
          <TextLine ID="eSc_line_8c1d31d6"
                    TAGREFS="LT8"
                    BASELINE="712 1196 2090 1209" 
                    HPOS="707"
                    VPOS="1119"
                    WIDTH="1382"
                    HEIGHT="128">
            <Shape><Polygon POINTS="707 1226 1283 1226 1310 1229 1390 1241 1393 1241 1456 1229 1476 1226 1479 1229 1494 1241 1497 1241 1500 1241 1503 1241 1506 1241 1509 1241 1521 1229 1527 1226 1542 1229 1607 1244 1610 1244 1815 1232 1830 1244 1830 1247 1833 1247 1836 1247 1839 1247 2086 1229 2089 1208 2086 1134 1263 1140 1156 1125 1153 1125 995 1137 971 1122 968 1122 965 1122 962 1122 766 1134 713 1119 710 1193 707 1226"/></Shape>
	    <String CONTENT="demãdẽt pas/ q̃ par layde de la grace de dieu/"
                    HPOS="707"
                    VPOS="1119"
                    WIDTH="1382"
                    HEIGHT="128"></String>
          </TextLine>
          <TextLine ID="eSc_line_051339e7"
                    TAGREFS="LT8"
                    BASELINE="688 1276 2092 1294" 
                    HPOS="683"
                    VPOS="1208"
                    WIDTH="1406"
                    HEIGHT="125">
            <Shape><Polygon POINTS="686 1273 683 1312 858 1303 900 1315 915 1321 918 1321 921 1321 947 1315 1001 1306 1271 1315 1542 1327 1545 1327 1548 1327 1580 1315 1598 1312 1646 1315 1768 1330 1771 1330 1833 1315 1842 1315 1848 1315 1881 1333 1884 1333 1887 1333 2086 1315 2089 1291 2089 1229 686 1208 686 1273"/></Shape>
	    <String CONTENT="la uertu leur soit dõnee de faire ce qui est com¬"
                    HPOS="683"
                    VPOS="1208"
                    WIDTH="1406"
                    HEIGHT="125"
                    WC="0.9948543655872345"></String>
          </TextLine>
          <TextLine ID="eSc_line_ebf11c24"
                    TAGREFS="LT8"
                    BASELINE="696 1362 2098 1375" 
                    HPOS="692"
                    VPOS="1300"
                    WIDTH="1403"
                    HEIGHT="113">
            <Shape><Polygon POINTS="695 1359 692 1383 778 1404 781 1404 1200 1392 1257 1410 1260 1410 1263 1410 1328 1398 1533 1413 1536 1413 2092 1398 2095 1374 2095 1309 695 1300 695 1359"/></Shape>
	    <String CONTENT="mãde: la loy leur est entree pour faire abõder"
                    HPOS="692"
                    VPOS="1300"
                    WIDTH="1403"
                    HEIGHT="113"></String>
          </TextLine>
          <TextLine ID="eSc_line_2b3acd64"
                    TAGREFS="LT8"
                    BASELINE="713 1444 2096 1456" 
                    HPOS="707"
                    VPOS="1371"
                    WIDTH="1388"
                    HEIGHT="125">
            <Shape><Polygon POINTS="707 1466 823 1487 1052 1472 1167 1490 1322 1475 1337 1487 1337 1490 1453 1478 1756 1496 1765 1496 1783 1484 1797 1496 1806 1496 2011 1481 2047 1496 2056 1496 2092 1478 2095 1454 2092 1398 1423 1398 1408 1377 1393 1377 1372 1392 1203 1377 1087 1392 1060 1374 760 1389 713 1371 707 1466"/></Shape>
	    <String CONTENT="le peche. Car affin q̃ nous laissons plusieͬs"
                    HPOS="707"
                    VPOS="1371"
                    WIDTH="1388"
                    HEIGHT="125"></String>
          </TextLine>
          <TextLine ID="eSc_line_3cca63bc"
                    TAGREFS="LT8"
                    BASELINE="717 1524 742 1524 2090 1543" 
                    HPOS="713"
                    VPOS="1457"
                    WIDTH="1376"
                    HEIGHT="119">
            <Shape><Polygon POINTS="716 1523 713 1546 962 1567 965 1567 1578 1561 1634 1576 1637 1576 1640 1576 2086 1564 2089 1540 2086 1487 1910 1487 1904 1484 1857 1466 1854 1466 1851 1466 1848 1466 1845 1466 1827 1481 1824 1481 1732 1466 1729 1466 1726 1466 1679 1478 1673 1481 1670 1478 1643 1463 1640 1463 1637 1463 1634 1463 1631 1463 1586 1478 1580 1478 1539 1478 1138 1457 1135 1457 716 1463 716 1523"/></Shape>
	    <String CONTENT="cõmandemẽs de la loy: et que seullemẽt nous"
                    HPOS="713"
                    VPOS="1457"
                    WIDTH="1376"
                    HEIGHT="119"></String>
          </TextLine>
          <TextLine ID="eSc_line_358f5ad1"
                    TAGREFS="LT8"
                    BASELINE="703 1611 2094 1625" 
                    HPOS="701"
                    VPOS="1547"
                    WIDTH="1393"
                    HEIGHT="111">
            <Shape><Polygon POINTS="703 1611 701 1633 776 1646 778 1646 1048 1637 1069 1637 1157 1637 1265 1638 1297 1652 1299 1652 1301 1654 1470 1654 1470 1652 1472 1652 1491 1642 1521 1654 1523 1654 1525 1654 1582 1642 1638 1654 1640 1654 1739 1644 1834 1656 1836 1656 1838 1656 1840 1656 1854 1646 1929 1658 1931 1658 1933 1658 1935 1658 1953 1646 1975 1656 1977 1656 1979 1656 1981 1656 1983 1656 1995 1646 2034 1656 2036 1656 2038 1656 2092 1644 2094 1625 2094 1575 1979 1563 1977 1563 1975 1563 1955 1571 1951 1573 1945 1571 1897 1557 1895 1557 1894 1557 1775 1569 1749 1571 1739 1569 1697 1555 1695 1555 1693 1555 1691 1555 1654 1567 1652 1569 1509 1569 1505 1565 1493 1555 1493 1553 1491 1553 1489 1553 1487 1553 1485 1553 1462 1565 1454 1567 1440 1563 1412 1557 1410 1557 1408 1557 1367 1563 1335 1567 1313 1561 1275 1551 1273 1551 1271 1551 1228 1561 1206 1565 1186 1559 1157 1551 1155 1551 1153 1551 1151 1551 1137 1559 1125 1565 1101 1559 1081 1553 1079 1553 1077 1553 1006 1557 903 1563 871 1555 843 1547 842 1547 840 1547 703 1551 703 1611"/></Shape>
	    <String CONTENT="faisons memoire de ce q̃ sainct Paul a prins"
                    HPOS="701"
                    VPOS="1547"
                    WIDTH="1393"
                    HEIGHT="111"
                    WC="0.9957200695167888"></String>
          </TextLine>
          <TextLine ID="eSc_line_bcaa262c"
                    TAGREFS="LT8"
                    BASELINE="704 1691 1390 1706 2100 1710" 
                    HPOS="698"
                    VPOS="1630"
                    WIDTH="1400"
                    HEIGHT="121">
            <Shape><Polygon POINTS="701 1689 698 1736 983 1739 986 1739 989 1739 998 1736 1046 1725 1078 1736 1084 1739 1087 1739 1090 1739 1093 1739 1099 1736 1129 1725 1170 1736 1191 1742 1194 1742 1197 1742 1200 1742 1203 1742 1209 1736 1224 1728 1307 1736 1390 1745 1393 1745 1512 1736 1589 1731 1616 1736 1664 1748 1667 1748 1670 1748 1821 1736 1857 1733 1875 1736 1970 1751 1973 1751 1976 1751 1979 1751 1979 1748 1994 1736 2095 1736 2098 1707 2098 1644 701 1630 701 1689"/></Shape>
	    <String CONTENT="pour en faire memoire/ quãt la loy dit. Tu ne"
                    HPOS="698"
                    VPOS="1630"
                    WIDTH="1400"
                    HEIGHT="121"
                    WC="0.9940340583739073"></String>
          </TextLine>
          <TextLine ID="eSc_line_ccf21c1d"
                    TAGREFS="LT8"
                    BASELINE="695 1775 2100 1791" 
                    HPOS="693"
                    VPOS="1712"
                    WIDTH="1407"
                    HEIGHT="111">
            <Shape><Polygon POINTS="695 1775 693 1793 762 1805 764 1805 893 1799 919 1811 921 1811 923 1811 925 1811 952 1799 1020 1811 1022 1811 1075 1801 1089 1813 1091 1813 1093 1813 1095 1813 1160 1801 1170 1801 1202 1803 1398 1817 1400 1817 1464 1807 1470 1807 1477 1807 1573 1819 1575 1821 1662 1821 1662 1819 1664 1819 1666 1819 1676 1811 1682 1807 1701 1811 1749 1821 1751 1821 1753 1821 1773 1813 1775 1811 1779 1813 1796 1821 1798 1821 1800 1821 1884 1815 1929 1811 1945 1815 1965 1821 1967 1821 1969 1821 1971 1821 1973 1821 1979 1815 1987 1811 2000 1817 2018 1823 2020 1823 2022 1823 2098 1817 2100 1791 2100 1743 2056 1726 2054 1726 2052 1726 1953 1735 1925 1724 1923 1724 1921 1724 1802 1732 1741 1722 1739 1722 1737 1722 1705 1739 1693 1739 1636 1739 1634 1737 1604 1722 1602 1722 1600 1722 1513 1735 1420 1724 1418 1724 1416 1724 1394 1735 1341 1735 1230 1735 1228 1733 1186 1716 1184 1716 1182 1716 1180 1716 1145 1732 1089 1732 1050 1732 1046 1732 1028 1720 1026 1720 1024 1720 1022 1720 958 1730 915 1718 913 1718 911 1718 909 1718 907 1718 895 1730 812 1730 784 1730 784 1728 735 1712 733 1712 731 1712 729 1712 695 1726 695 1775"/></Shape>
	    <String CONTENT="conuoiteras point: quelle aultre chose semble"
                    HPOS="693"
                    VPOS="1712"
                    WIDTH="1407"
                    HEIGHT="111"
                    WC="0.9937481178177727"></String>
          </TextLine>
          <TextLine ID="eSc_line_1042c240"
                    TAGREFS="LT8"
                    BASELINE="687 1858 1569 1874 2100 1870" 
                    HPOS="685"
                    VPOS="1797"
                    WIDTH="1415"
                    HEIGHT="107">
            <Shape><Polygon POINTS="685 1882 1586 1900 1588 1900 1660 1892 1674 1890 1685 1892 1745 1902 1747 1902 1749 1902 1769 1892 1771 1892 1794 1892 2022 1904 2024 1904 2098 1894 2100 1870 2098 1821 1987 1811 1985 1811 1983 1811 1965 1819 1951 1825 1935 1817 1915 1809 1913 1809 1911 1809 1909 1809 1894 1817 1882 1825 1824 1825 1808 1817 1792 1809 1790 1809 1789 1809 1787 1809 1785 1809 1775 1815 1761 1823 1616 1823 1606 1813 1600 1809 1600 1807 1598 1807 1596 1807 1553 1805 1551 1805 1549 1805 1531 1813 1513 1819 1481 1811 1450 1805 1448 1805 1394 1811 1333 1817 1321 1809 1313 1803 1311 1803 1309 1803 1307 1803 1269 1809 1216 1817 1192 1807 1174 1801 1172 1801 1170 1801 1168 1801 1153 1807 1131 1817 1050 1817 1012 1805 988 1799 986 1799 984 1799 947 1805 887 1813 873 1803 865 1797 863 1797 861 1797 859 1797 828 1803 796 1809 780 1801 768 1797 766 1797 764 1797 742 1801 709 1809 689 1801 687 1858 685 1882"/></Shape>
	    <String CONTENT="il estre cõmandee/ sinõ la cõtinence de toutes"
                    HPOS="685"
                    VPOS="1797"
                    WIDTH="1415"
                    HEIGHT="107"></String>
          </TextLine>
          <TextLine ID="eSc_line_12f10464"
                    TAGREFS="LT8"
                    BASELINE="673 1945 2094 1959" 
                    HPOS="673"
                    VPOS="1878"
                    WIDTH="1421"
                    HEIGHT="113">
            <Shape><Polygon POINTS="673 1945 673 1967 875 1967 883 1969 907 1981 909 1981 911 1981 1020 1973 1077 1983 1079 1983 1141 1971 1151 1971 1160 1973 1228 1983 1230 1983 1232 1983 1258 1973 1263 1971 1273 1973 1313 1983 1315 1983 1317 1983 1420 1975 1442 1973 1444 1975 1456 1985 1458 1985 1460 1985 1517 1987 1519 1987 1608 1975 1620 1975 1628 1977 1687 1989 1689 1989 1749 1977 1755 1977 1763 1977 1846 1987 1848 1987 1850 1987 1852 1987 1866 1979 1868 1977 1874 1979 1931 1991 1933 1991 2092 1979 2094 1959 2092 1890 2010 1902 1907 1890 1890 1888 1802 1888 1800 1888 1798 1888 1796 1888 1794 1890 1777 1902 1729 1890 1721 1888 1719 1888 1717 1888 1689 1890 1571 1900 1539 1890 1527 1886 1525 1886 1523 1886 1497 1890 1452 1898 1402 1890 1372 1886 1370 1886 1368 1886 1359 1890 1339 1898 1166 1898 1157 1890 1145 1882 1143 1882 1141 1882 1139 1882 1137 1882 1105 1890 1085 1896 1069 1890 1057 1886 1055 1886 1053 1886 964 1890 897 1894 869 1890 784 1878 782 1878 673 1890 673 1945"/></Shape>
	    <String CONTENT="illicites ꝯcupiscẽces? Car ueritablemẽt lesprit"
                    HPOS="673"
                    VPOS="1878"
                    WIDTH="1421"
                    HEIGHT="113"></String>
          </TextLine>
          <TextLine ID="eSc_line_09e886c3"
                    TAGREFS="LT8"
                    BASELINE="667 2030 2092 2040" 
                    HPOS="667"
                    VPOS="1963"
                    WIDTH="1425"
                    HEIGHT="111">
            <Shape><Polygon POINTS="667 2030 667 2064 873 2052 889 2064 891 2066 893 2066 895 2066 1026 2068 1028 2068 1030 2068 1044 2064 1059 2058 1073 2064 1087 2068 1089 2068 1091 2068 1093 2068 1105 2064 1125 2054 1194 2054 1216 2062 1236 2070 1238 2070 1240 2070 1349 2062 1384 2060 1392 2062 1416 2070 1418 2070 1420 2070 1422 2070 1442 2062 1456 2056 1470 2062 1483 2066 1485 2066 1487 2066 1513 2062 1519 2060 1521 2062 1533 2072 1535 2072 1537 2072 1539 2072 1600 2060 1610 2060 1628 2060 1755 2072 1757 2072 1759 2072 1794 2060 1800 2058 1804 2060 1830 2074 1832 2074 1834 2074 1903 2060 1905 2060 1907 2060 1967 2074 1969 2074 1971 2074 1999 2060 2012 2070 2014 2070 2016 2070 2018 2070 2090 2058 2092 2040 2092 1991 2038 1991 2036 1989 2016 1973 2014 1973 2012 1973 2010 1973 1945 1987 1933 1991 1905 1991 1901 1987 1886 1973 1884 1973 1882 1973 1824 1973 1822 1973 1820 1973 1800 1985 1792 1989 1717 1989 1701 1983 1676 1973 1674 1973 1672 1973 1670 1973 1650 1981 1636 1989 1573 1989 1563 1979 1553 1971 1551 1971 1549 1971 1547 1971 1511 1979 1507 1979 1495 1969 1493 1969 1491 1969 1489 1969 1487 1969 1485 1969 1474 1977 1464 1985 1444 1977 1422 1969 1420 1969 1418 1969 1376 1975 1323 1985 1202 1985 1182 1973 1176 1967 1174 1967 1172 1967 1170 1967 1139 1971 1063 1983 1034 1971 1032 1971 1030 1971 1028 1971 1000 1983 968 1973 966 1973 964 1973 887 1981 857 1965 855 1965 853 1965 851 1965 849 1965 845 1965 794 1981 772 1965 770 1965 768 1965 766 1965 764 1965 742 1977 731 1965 729 1965 727 1965 667 1963 667 2030"/></Shape>
	    <String CONTENT="se iecte partout la ou il se iecte/ cõme une cho¬"
                    HPOS="667"
                    VPOS="1963"
                    WIDTH="1425"
                    HEIGHT="111"
                    WC="0.9918427383899688"></String>
          </TextLine>
          <TextLine ID="eSc_line_41286453"
                    TAGREFS="LT8"
                    BASELINE="667 2114 2096 2123" 
                    HPOS="665"
                    VPOS="2048"
                    WIDTH="1431"
                    HEIGHT="107">
            <Shape><Polygon POINTS="667 2114 665 2135 675 2145 675 2147 677 2147 679 2147 681 2147 740 2135 756 2145 758 2145 760 2145 762 2145 764 2145 766 2145 784 2135 895 2135 945 2135 958 2147 958 2149 960 2149 962 2149 964 2151 1095 2151 1095 2149 1097 2149 1099 2149 1115 2137 1347 2151 1349 2151 1450 2141 1483 2151 1485 2151 1487 2151 1620 2141 1634 2141 1640 2141 1693 2153 1695 2153 1787 2143 1808 2141 1834 2143 1927 2155 1929 2155 2094 2145 2096 2123 2096 2072 1987 2072 1985 2070 1967 2056 1965 2056 1963 2056 1961 2056 1860 2068 1840 2070 1836 2068 1824 2058 1824 2056 1822 2056 1820 2056 1818 2056 1771 2066 1765 2068 1763 2066 1745 2054 1743 2054 1741 2054 1684 2054 1682 2054 1680 2054 1678 2054 1664 2066 1658 2070 1527 2070 1513 2064 1483 2052 1481 2052 1479 2052 1477 2052 1448 2062 1444 2064 1438 2062 1402 2054 1400 2054 1398 2054 1396 2054 1394 2054 1382 2062 1372 2068 1271 2068 1254 2060 1222 2050 1220 2050 1218 2050 1178 2060 1157 2064 1105 2058 1059 2054 1057 2054 1032 2058 994 2064 976 2056 954 2048 952 2048 950 2048 948 2048 929 2056 923 2058 917 2056 893 2048 891 2048 889 2048 667 2052 667 2114"/></Shape>
	    <String CONTENT="se fort pesante. Et ainsi il nous est cõmãde de"
                    HPOS="665"
                    VPOS="2048"
                    WIDTH="1431"
                    HEIGHT="107"
                    WC="0.9861688747697946"></String>
          </TextLine>
          <TextLine ID="eSc_line_a17d2111"
                    TAGREFS="LT8"
                    BASELINE="673 2195 2096 2209" 
                    HPOS="671"
                    VPOS="2133"
                    WIDTH="1425"
                    HEIGHT="107">
            <Shape><Polygon POINTS="673 2195 671 2226 804 2228 806 2228 808 2228 810 2228 810 2226 830 2213 875 2213 992 2226 1030 2230 1032 2230 1034 2230 1046 2226 1079 2214 1141 2226 1178 2232 1180 2232 1224 2226 1281 2216 1311 2226 1321 2228 1323 2228 1325 2228 1368 2226 1434 2220 1452 2224 1485 2236 1487 2236 1489 2236 1709 2224 1727 2224 1733 2224 1804 2238 1806 2238 1808 2238 1810 2238 1826 2224 1872 2224 1890 2224 1901 2234 1903 2234 1905 2234 1907 2234 1909 2234 1947 2224 1949 2224 2016 2240 2018 2240 2020 2240 2022 2240 2044 2224 2094 2224 2096 2209 2094 2159 1917 2159 1915 2157 1886 2143 1884 2143 1882 2143 1880 2143 1838 2155 1836 2157 1691 2157 1684 2153 1636 2141 1634 2141 1632 2141 1527 2153 1515 2153 1513 2153 1487 2139 1485 2139 1483 2139 1420 2151 1416 2151 1410 2151 1248 2137 1246 2137 1155 2149 1151 2149 1149 2149 1137 2137 1135 2137 1133 2137 1079 2135 1077 2135 1075 2135 1038 2147 976 2135 974 2135 972 2135 941 2147 939 2147 925 2147 766 2133 764 2133 673 2143 673 2195"/></Shape>
	    <String CONTENT="nous retirer du fais de cõcupiscence/ pour ap¬"
                    HPOS="671"
                    VPOS="2133"
                    WIDTH="1425"
                    HEIGHT="107"></String>
          </TextLine>
          <TextLine ID="eSc_line_53d05187"
                    TAGREFS="LT8"
                    BASELINE="687 2278 2082 2294" 
                    HPOS="685"
                    VPOS="2214"
                    WIDTH="1397"
                    HEIGHT="111">
            <Shape><Polygon POINTS="687 2278 685 2304 697 2311 699 2311 701 2311 703 2311 800 2302 806 2302 810 2302 875 2313 877 2313 927 2304 941 2302 943 2304 954 2313 956 2313 958 2313 1036 2315 1038 2315 1040 2315 1059 2306 1069 2302 1208 2302 1236 2310 1262 2317 1263 2317 1265 2317 1267 2317 1281 2311 1287 2308 1295 2311 1313 2317 1315 2317 1317 2317 1319 2317 1321 2317 1327 2311 1331 2308 1343 2311 1353 2315 1355 2315 1357 2315 1386 2313 1456 2306 1519 2315 1559 2321 1561 2323 1632 2323 1632 2321 1634 2321 1642 2317 1660 2308 1689 2317 1691 2317 1693 2317 1695 2317 1697 2317 1713 2308 1862 2308 2078 2325 2082 2294 2074 2226 2050 2242 1985 2242 1965 2226 1963 2226 1961 2226 1959 2226 1955 2226 1907 2236 1894 2226 1892 2224 1890 2224 1888 2224 1886 2224 1884 2224 1878 2226 1836 2238 1783 2228 1781 2228 1731 2238 1598 2238 1571 2224 1559 2220 1557 2220 1555 2220 1553 2220 1541 2224 1513 2234 1311 2234 1299 2224 1293 2218 1291 2218 1289 2218 1287 2218 1262 2224 1224 2232 1188 2222 1162 2216 1160 2216 1158 2216 1157 2216 1141 2222 1121 2230 1081 2222 1034 2214 1032 2214 687 2220 687 2278"/></Shape>
	    <String CONTENT="procher le fais de charite/ iusques a ce q̃ lung"
                    HPOS="685"
                    VPOS="2214"
                    WIDTH="1397"
                    HEIGHT="111"
                    WC="0.9892006690303484"></String>
          </TextLine>
          <TextLine ID="eSc_line_229fd636"
                    TAGREFS="LT8"
                    BASELINE="709 2361 2088 2377" 
                    HPOS="704"
                    VPOS="2289"
                    WIDTH="1382"
                    HEIGHT="113">
            <Shape><Polygon POINTS="707 2360 704 2402 2083 2402 2086 2375 2086 2315 1809 2295 1806 2295 1803 2295 1771 2310 1768 2310 1759 2310 1658 2295 1655 2295 1652 2295 1649 2295 1649 2298 1637 2307 1634 2312 1542 2312 1539 2307 1530 2295 1527 2295 1527 2292 1524 2292 1521 2292 1518 2292 1515 2292 1485 2304 1479 2310 1260 2310 1239 2301 1197 2289 1194 2289 1191 2289 1123 2301 1093 2304 707 2295 707 2360"/></Shape>
	    <String CONTENT="soit cõsume/ ⁊ q̃ laultre soit parfaict. * Car la"
                    HPOS="704"
                    VPOS="2289"
                    WIDTH="1382"
                    HEIGHT="113"></String>
          </TextLine>
          <TextLine ID="eSc_line_8c54baf3"
                    TAGREFS="LT8"
                    BASELINE="703 2443 2088 2456" 
                    HPOS="698"
                    VPOS="2369"
                    WIDTH="1388"
                    HEIGHT="122">
            <Shape><Polygon POINTS="701 2440 698 2476 2080 2491 2086 2455 2083 2381 1881 2396 1768 2381 1744 2378 1741 2378 1723 2381 1661 2393 1530 2381 1462 2375 1459 2375 1456 2375 1429 2381 1390 2393 1257 2393 1239 2381 1218 2372 1215 2372 1212 2372 1167 2381 1144 2387 1135 2381 1126 2372 1123 2372 1120 2372 1117 2372 1057 2381 1025 2387 998 2381 939 2369 936 2369 933 2369 909 2381 906 2384 903 2381 882 2369 879 2369 876 2369 873 2369 701 2381 701 2440"/></Shape>
	    <String CONTENT="plenitude de la loy est charite. Et toutesfois"
                    HPOS="698"
                    VPOS="2369"
                    WIDTH="1388"
                    HEIGHT="122"
                    WC="0.9938573370809141"></String>
          </TextLine>
          <TextLine ID="eSc_line_b31eef1a"
                    TAGREFS="LT8"
                    BASELINE="695 2528 2092 2543" 
                    HPOS="689"
                    VPOS="2467"
                    WIDTH="1400"
                    HEIGHT="98">
            <Shape><Polygon POINTS="692 2526 689 2553 2083 2565 2089 2541 2086 2479 692 2467 692 2526"/></Shape>
	    <String CONTENT="regarde quelle chose il est escript de ceste conti"
                    HPOS="689"
                    VPOS="2467"
                    WIDTH="1400"
                    HEIGHT="98"></String>
          </TextLine>
          <TextLine ID="eSc_line_3ed20e6c"
                    TAGREFS="LT8"
                    BASELINE="693 2608 2092 2626" 
                    HPOS="689"
                    VPOS="2550"
                    WIDTH="1400"
                    HEIGHT="107">
            <Shape><Polygon POINTS="692 2606 689 2645 2083 2657 2089 2624 2086 2568 692 2550 692 2606"/></Shape>
	    <String CONTENT="nẽce. * Et quant iay cõgneu (dit il) que nul ne"
                    HPOS="689"
                    VPOS="2550"
                    WIDTH="1400"
                    HEIGHT="107"></String>
          </TextLine>
          <TextLine ID="eSc_line_c22622ff"
                    TAGREFS="LT8"
                    BASELINE="695 2692 2088 2709" 
                    HPOS="689"
                    VPOS="2633"
                    WIDTH="1397"
                    HEIGHT="113">
            <Shape><Polygon POINTS="692 2690 689 2728 1598 2728 1679 2731 1928 2746 1931 2746 2083 2731 2086 2707 2083 2639 692 2633 692 2690"/></Shape>
	    <String CONTENT="peult estre cõtinent/ se dieu ne le donne: ⁊ q̃ ce"
                    HPOS="689"
                    VPOS="2633"
                    WIDTH="1397"
                    HEIGHT="113"
                    WC="0.9892304282562405"></String>
          </TextLine>
          <TextLine ID="eSc_line_a8619ccb"
                    TAGREFS="LT8"
                    BASELINE="701 2773 2090 2792" 
                    HPOS="695"
                    VPOS="2716"
                    WIDTH="1394"
                    HEIGHT="116">
            <Shape><Polygon POINTS="698 2770 695 2814 1652 2814 1664 2817 1699 2829 1702 2829 1705 2829 1860 2817 1881 2817 1890 2817 1946 2832 1949 2832 1952 2832 2086 2817 2089 2791 2086 2722 1928 2734 1884 2719 1881 2719 1878 2719 698 2716 698 2770"/></Shape>
	    <String CONTENT="appartenoit a la sapience/ de scauoir/ duquel"
                    HPOS="695"
                    VPOS="2716"
                    WIDTH="1394"
                    HEIGHT="116"
                    WC="0.9921777433819241"></String>
          </TextLine>
          <TextLine ID="eSc_line_6a4c5d60"
                    TAGREFS="LT8"
                    BASELINE="699 2859 2084 2872" 
                    HPOS="695"
                    VPOS="2802"
                    WIDTH="1388"
                    HEIGHT="98">
            <Shape><Polygon POINTS="698 2856 695 2900 2080 2900 2083 2871 2080 2817 698 2802 698 2856"/></Shape>
	    <String CONTENT="estoit ce don: ie mapprochay du seigñr ⁊ le re¬"
                    HPOS="695"
                    VPOS="2802"
                    WIDTH="1388"
                    HEIGHT="98"
                    WC="0.9833631105720997"></String>
          </TextLine>
          <TextLine ID="eSc_line_58fe4544"
                    TAGREFS="LT8"
                    BASELINE="691 2944 2082 2959" 
                    HPOS="686"
                    VPOS="2883"
                    WIDTH="1394"
                    HEIGHT="142">
            <Shape><Polygon POINTS="689 2942 686 2986 754 2986 757 2986 808 3016 811 3016 814 3016 817 3016 820 3016 918 2992 1010 3013 1013 3013 1016 3013 1075 2995 1096 3013 1096 3016 1099 3016 1102 3016 1105 3016 1108 3016 1203 2989 1239 3019 1239 3022 1242 3022 1245 3022 1248 3025 1491 3025 1491 3022 1494 3022 1497 3022 1497 3019 1512 3007 1762 3025 1765 3025 1768 3025 1830 2998 2077 2995 2080 2957 2080 2897 689 2883 689 2942"/></Shape>
	    <String CONTENT="quis. * Disoit il. Et quãt ie cõgneus q̃ nul ne"
                    HPOS="686"
                    VPOS="2883"
                    WIDTH="1394"
                    HEIGHT="142"></String>
          </TextLine>
        </TextBlock>
        <TextBlock HPOS="391"
                   VPOS="899"
                   WIDTH="320"
                   HEIGHT="79"
                   ID="eSc_textblock_39124f69"
                   TAGREFS="BT13">
          <Shape><Polygon POINTS="391 899 391 978 711 978 711 899"/></Shape>
          <TextLine ID="eSc_line_712b6d91"
                    TAGREFS="LT8"
                    BASELINE="404 948 707 945" 
                    HPOS="398"
                    VPOS="846"
                    WIDTH="306"
                    HEIGHT="124">
            <Shape><Polygon POINTS="401 947 401 970 701 970 704 944 695 869 579 875 549 861 528 846 526 846 523 846 520 846 398 849 401 947"/></Shape>
	    <String CONTENT="exo.20.a"
                    HPOS="398"
                    VPOS="846"
                    WIDTH="306"
                    HEIGHT="124"
                    WC="0.982437014579773"></String>
          </TextLine>
        </TextBlock>
        <TextBlock HPOS="381"
                   VPOS="1050"
                   WIDTH="302"
                   HEIGHT="502"
                   ID="eSc_textblock_28e26d64"
                   TAGREFS="BT13">
          <Shape><Polygon POINTS="417 1050 413 1184 413 1186 381 1391 382 1398 397 1552 667 1548 683 1060"/></Shape>
          <TextLine ID="eSc_line_275472f2"
                    TAGREFS="LT8"
                    BASELINE="439 1108 674 1111" 
                    HPOS="433"
                    VPOS="1027"
                    WIDTH="238"
                    HEIGHT="104">
            <Shape><Polygon POINTS="436 1107 433 1128 665 1131 671 1110 668 1030 520 1045 436 1027 436 1107"/></Shape>
	    <String CONTENT="Louye"
                    HPOS="433"
                    VPOS="1027"
                    WIDTH="238"
                    HEIGHT="104"
                    WC="0.9999913930892944"></String>
          </TextLine>
          <TextLine ID="eSc_line_29d827c9"
                    TAGREFS="LT8"
                    BASELINE="420 1193 655 1195" 
                    HPOS="416"
                    VPOS="1107"
                    WIDTH="237"
                    HEIGHT="110">
            <Shape><Polygon POINTS="419 1190 416 1217 650 1208 653 1193 653 1131 419 1107 419 1190"/></Shape>
	    <String CONTENT="seulle¬"
                    HPOS="416"
                    VPOS="1107"
                    WIDTH="237"
                    HEIGHT="110"
                    WC="0.9999489103044782"></String>
          </TextLine>
          <TextLine ID="eSc_line_02154ede"
                    TAGREFS="LT8"
                    BASELINE="408 1272 655 1275" 
                    HPOS="404"
                    VPOS="1199"
                    WIDTH="249"
                    HEIGHT="110">
            <Shape><Polygon POINTS="407 1270 404 1291 442 1309 445 1309 448 1309 650 1297 653 1273 653 1217 612 1199 609 1199 606 1199 407 1211 407 1270"/></Shape>
	    <String CONTENT="ment de"
                    HPOS="404"
                    VPOS="1199"
                    WIDTH="249"
                    HEIGHT="110"
                    WC="0.9902311648641314"></String>
          </TextLine>
          <TextLine ID="eSc_line_b3dac5c1"
                    TAGREFS="LT8"
                    BASELINE="396 1359 630 1361" 
                    HPOS="392"
                    VPOS="1279"
                    WIDTH="235"
                    HEIGHT="119">
            <Shape><Polygon POINTS="395 1356 392 1395 621 1398 627 1359 624 1282 520 1300 469 1291 416 1279 413 1279 410 1279 407 1279 395 1285 395 1356"/></Shape>
	    <String CONTENT="la loy"
                    HPOS="392"
                    VPOS="1279"
                    WIDTH="235"
                    HEIGHT="119"
                    WC="0.9999998609224955"></String>
          </TextLine>
          <TextLine ID="eSc_line_c9d61376"
                    TAGREFS="LT8"
                    BASELINE="394 1441 663 1443" 
                    HPOS="392"
                    VPOS="1389"
                    WIDTH="270"
                    HEIGHT="92">
            <Shape><Polygon POINTS="392 1440 392 1466 659 1481 662 1440 662 1389 392 1389 392 1440"/></Shape>
	    <String CONTENT="ne suf¬"
                    HPOS="392"
                    VPOS="1389"
                    WIDTH="270"
                    HEIGHT="92"></String>
          </TextLine>
          <TextLine ID="eSc_line_633d0f20"
                    TAGREFS="LT8"
                    BASELINE="408 1528 664 1525" 
                    HPOS="404"
                    VPOS="1460"
                    WIDTH="258"
                    HEIGHT="110">
            <Shape><Polygon POINTS="407 1526 407 1570 662 1567 662 1523 656 1466 404 1460 407 1526"/></Shape>
	    <String CONTENT="fit pas."
                    HPOS="404"
                    VPOS="1460"
                    WIDTH="258"
                    HEIGHT="110"
                    WC="0.9998932406306267"></String>
          </TextLine>
        </TextBlock>
        <TextBlock HPOS="407"
                   VPOS="1614"
                   WIDTH="260"
                   HEIGHT="107"
                   ID="eSc_textblock_023f3fba"
                   TAGREFS="BT13">
          <Shape><Polygon POINTS="407 1614 407 1721 667 1721 667 1614"/></Shape>
          <TextLine ID="eSc_line_2e650f84"
                    TAGREFS="LT8"
                    BASELINE="412 1684 662 1690" 
                    HPOS="407"
                    VPOS="1606"
                    WIDTH="252"
                    HEIGHT="136">
            <Shape><Polygon POINTS="410 1683 407 1742 656 1736 659 1689 659 1630 410 1606 410 1683"/></Shape>
	    <String CONTENT="deut̃.5.c"
                    HPOS="407"
                    VPOS="1606"
                    WIDTH="252"
                    HEIGHT="136"
                    WC="0.999645902050866"></String>
          </TextLine>
        </TextBlock>
        <TextBlock HPOS="371"
                   VPOS="2290"
                   WIDTH="314"
                   HEIGHT="676"
                   ID="eSc_textblock_476368cf"
                   TAGREFS="BT13">
          <Shape><Polygon POINTS="382 2290 393 2447 371 2692 372 2698 386 2966 672 2966 685 2863 685 2851 674 2314"/></Shape>
          <TextLine ID="eSc_line_a18d68b1"
                    TAGREFS="LT8"
                    BASELINE="400 2357 648 2360" 
                    HPOS="395"
                    VPOS="2280"
                    WIDTH="252"
                    HEIGHT="107">
            <Shape><Polygon POINTS="398 2354 395 2375 641 2387 647 2357 641 2301 499 2301 398 2280 398 2354"/></Shape>
	    <String CONTENT="Ro.13.c"
                    HPOS="395"
                    VPOS="2280"
                    WIDTH="252"
                    HEIGHT="107"
                    WC="0.999893137386867"></String>
          </TextLine>
          <TextLine ID="eSc_line_1a426876"
                    TAGREFS="LT8"
                    BASELINE="410 2440 638 2442" 
                    HPOS="404"
                    VPOS="2363"
                    WIDTH="231"
                    HEIGHT="104">
            <Shape><Polygon POINTS="407 2437 404 2467 632 2461 635 2440 630 2363 407 2369 407 2437"/></Shape>
	    <String CONTENT="sap̃.8.d"
                    HPOS="404"
                    VPOS="2363"
                    WIDTH="231"
                    HEIGHT="104"
                    WC="0.9989785924553871"></String>
          </TextLine>
          <TextLine ID="eSc_line_abbe45ef"
                    TAGREFS="LT8"
                    BASELINE="400 2525 667 2528" 
                    HPOS="395"
                    VPOS="2443"
                    WIDTH="270"
                    HEIGHT="116">
            <Shape><Polygon POINTS="398 2523 395 2559 662 2547 665 2526 662 2443 398 2449 398 2523"/></Shape>
	    <String CONTENT="La cõti¬"
                    HPOS="395"
                    VPOS="2443"
                    WIDTH="270"
                    HEIGHT="116"
                    WC="0.9548150102297465"></String>
          </TextLine>
          <TextLine ID="eSc_line_172be3db"
                    TAGREFS="LT8"
                    BASELINE="388 2604 675 2608" 
                    HPOS="383"
                    VPOS="2532"
                    WIDTH="291"
                    HEIGHT="110">
            <Shape><Polygon POINTS="386 2603 383 2630 668 2642 674 2606 668 2532 609 2550 543 2538 514 2535 511 2535 386 2547 386 2603"/></Shape>
	    <String CONTENT="nence est"
                    HPOS="383"
                    VPOS="2532"
                    WIDTH="291"
                    HEIGHT="110"
                    WC="0.9999978144963583"></String>
          </TextLine>
          <TextLine ID="eSc_line_e5877c60"
                    TAGREFS="LT8"
                    BASELINE="388 2688 671 2692" 
                    HPOS="383"
                    VPOS="2612"
                    WIDTH="285"
                    HEIGHT="125">
            <Shape><Polygon POINTS="386 2687 383 2722 478 2719 528 2734 546 2737 549 2737 552 2737 555 2737 558 2737 561 2734 579 2719 662 2737 668 2690 665 2627 386 2612 386 2687"/></Shape>
	    <String CONTENT="ung don"
                    HPOS="383"
                    VPOS="2612"
                    WIDTH="285"
                    HEIGHT="125"
                    WC="0.999991808618818"></String>
          </TextLine>
          <TextLine ID="eSc_line_a0453315"
                    TAGREFS="LT8"
                    BASELINE="384 2769 642 2772" 
                    HPOS="380"
                    VPOS="2707"
                    WIDTH="261"
                    HEIGHT="101">
            <Shape><Polygon POINTS="383 2767 380 2808 638 2799 641 2770 638 2719 383 2707 383 2767"/></Shape>
	    <String CONTENT="de dieu."
                    HPOS="380"
                    VPOS="2707"
                    WIDTH="261"
                    HEIGHT="101"></String>
          </TextLine>
          <TextLine ID="eSc_line_0850d6bf"
                    TAGREFS="LT8"
                    BASELINE="384 2856 673 2859" 
                    HPOS="380"
                    VPOS="2779"
                    WIDTH="291"
                    HEIGHT="121">
            <Shape><Polygon POINTS="383 2853 380 2894 665 2900 671 2856 671 2791 647 2779 644 2779 641 2779 638 2779 635 2779 603 2793 499 2779 496 2779 383 2791 383 2853"/></Shape>
	    <String CONTENT="Cõtre le"
                    HPOS="380"
                    VPOS="2779"
                    WIDTH="291"
                    HEIGHT="121"
                    WC="0.999928699599372"></String>
          </TextLine>
          <TextLine ID="eSc_line_40d09146"
                    TAGREFS="LT8"
                    BASELINE="394 2941 663 2944" 
                    HPOS="389"
                    VPOS="2865"
                    WIDTH="273"
                    HEIGHT="148">
            <Shape><Polygon POINTS="392 2939 389 3013 659 2984 662 2942 659 2880 392 2865 392 2939"/></Shape>
	    <String CONTENT="frãc ar¬"
                    HPOS="389"
                    VPOS="2865"
                    WIDTH="273"
                    HEIGHT="148"
                    WC="0.999702599313524"></String>
          </TextLine>
        </TextBlock>
        <TextBlock HPOS="1862"
                   VPOS="2990"
                   WIDTH="220"
                   HEIGHT="83"
                   ID="eSc_textblock_c69ea490"
                   TAGREFS="BT17">
          <Shape><Polygon POINTS="1862 2990 1862 3073 2082 3073 2082 2990"/></Shape>
          <TextLine ID="eSc_line_3473dd83"
                    TAGREFS="LT8"
                    BASELINE="1868 3048 2074 3044" 
                    HPOS="1866"
                    VPOS="2981"
                    WIDTH="208"
                    HEIGHT="108">
            <Shape><Polygon POINTS="1868 3048 1868 3072 1894 3081 1895 3081 1897 3081 1899 3081 1901 3081 1907 3076 1919 3066 1973 3066 1995 3081 2000 3087 2002 3087 2004 3087 2006 3089 2074 3089 2074 3044 2068 2981 1866 2992 1868 3048"/></Shape>
	    <String CONTENT="peult"
                    HPOS="1866"
                    VPOS="2981"
                    WIDTH="208"
                    HEIGHT="108"
                    WC="0.9999999046325684"></String>
          </TextLine>
        </TextBlock>
        <TextBlock HPOS="505"
                   VPOS="706"
                   WIDTH="132"
                   HEIGHT="110"
                   ID="eSc_textblock_c1073f5e"
                   TAGREFS="BT11">
          <Shape><Polygon POINTS="505 706 505 816 637 816 637 706"/></Shape>
        </TextBlock>
      </PrintSpace>
    </Page>
  </Layout>
</alto>
