2212 3563
252 109 1103 158 Mosaicque. Cha.ui.

59 255 1391 136 peult estre cõtinent/ sinõ par le frãc arbitre: et

59 365 1382 104 ce mesme appartenoit a la sapiẽce de scauoir

67 441 1386 107 ce bien estre de moymesme? Certainemẽt il na

73 528 1382 99 pas dit ce q̃ aucuns disent en leͬ uanite: mais

81 607 1368 105 a dit ce qͥ estoit a dire selõ la uerite de la saĩcte

77 690 1372 107 escripture. Quãt ie sceu (dit il) q̃ nul ne peult

69 775 1376 99 estre cõtinent/ se dieu ne le dõne. Dieu doncq̃s

59 857 1390 103 cõmande cõtinẽce/ ⁊ dõne la cõtinẽce. Il la cõ¬

53 942 1394 105 mãde par la loy/ ⁊ la dõne ꝑ grace. Il la cõmã

53 1021 1392 103 de ꝑ la lettre: mais il la dõne par lesprit. Car

51 1104 1398 107 la loy sans grace fais abõder le delict: ⁊ la let

47 1187 1386 95 tre sans lesprit/ occist. * Poͬ ce cõmãde elle: af¬

50 1261 1394 122 fin q̃ nous qͥ nous efforceõs de faire les cõmã¬

47 1348 1389 118 demẽs/ ⁊ lassez soubz la loy par nr̃e ĩfirmite/

47 1428 1394 127 nous uenõs a demander laide de la grace: ⁊ se

47 1532 1380 104 nous pouõs faire q̃lque bõne oeuure/ que nen

61 1607 1390 103 soyõs point ingratz uers celuy qͥ nous ayde.

57 1682 1412 109 Et nest pas pourtãt larbitre de la uolũte oste/

57 1765 1410 115 de ce qͥl est ayde: mais pourtãt est il ayde/ quil

47 1843 1386 116 nest pas roste. Celuy doncq̃s qui dit a dieu:

53 1931 1390 115 seigñr soye mõ adiuteur: il ꝯfesse qͥl ueult ac¬

49 2015 1392 114 cõplir ce qͥl a cõmãde: mais aussi se cõfesse de¬

49 2102 1390 112 mãder ayde de celuy qͥ la cõmande/ affin qͥl le

55 2189 1382 109 puisse faire. Parquoy doncques la loy nous

49 2268 1384 113 enseigne a labõdãce des delictz/ q̃lle chose noꝰ

51 2355 1388 107 deuõs uouloir: si ce nest q̃ la grace ayde/ telle¬

49 2442 1388 99 mẽt q̃ nous puissions ce q̃ nous uoulons/ et q̃

53 2517 1113 117 nous acõplissons ce q̃ nous pouõs.

209 2595 1258 118 ¶ Aug. des nopces ⁊ de la cõcupiscẽce/ ad

213 2684 1244 108 Ualeriũ au p̃mier liure/ au .xxuiii. chap̃.

53 2761 1388 125 ¶ Certainemẽt ie ne fais point le bien que ie

55 2848 1384 148 uueil: mais ie fais le mal q̃ iay hay: cest adire

1536 138 109 123 58

1483 267 259 107 bitre de

1468 359 253 127 lhõme.

1468 1163 259 122 Ro.5.d.

1504 1261 220 116 La loy

1468 1353 259 98 nous cõ

1462 1428 271 110 traint a

1465 1517 271 110 la grace

1459 1826 262 148 Psal.17.

1456 2755 203 151 Ro.7.c

1021 2939 414 115 H .ii. ie le
