2211 3563
776 288 1399 123 ie le conuoite: car aussi uouldroit il bien quil

766 378 1411 116 ne le feist pas: affin quil fut bienheureux de

758 461 1417 120 toutes pars. Mais se ie fais (dit il) ce que ie ne

754 548 1421 115 uueil pas: ie cõsens a la loy de dieu/ quelle est

748 631 1423 113 bõne: car elle ne ueult pas tellez ou telles cho¬

760 704 1411 129 ses: lesquelles aussi ne uueil pas faire.? Elle

784 789 1385 134 ne ueult pas q̃ ie cõuoite: quãt elle dit. Tu ne

787 872 1376 137 cõuoiteras point: ⁊ aussi ne uueil ie pas con¬

787 959 1382 133 uoiter. Et en ceste chose cõsentẽt/ ma uolunte

784 1036 1382 139 ⁊ la uolunte de la loy. Mais pour ce quil ne

766 1119 1400 125 uouloit pas cõnotter/ ⁊ toutesfois il quoitoit:

742 1225 1425 107 ⁊ que nullement ne seruoit a la mesme concu¬

748 1300 1412 122 xiscence par consentement: il adiorista/ ⁊ dist.

768 1381 1395 123 Mais maintenant ne fais ie pas ceste chose¬

770 1464 1120 113 mais cest le peche qui habite en moy.

935 1545 1127 123 ¶ Augustin/ cõtre Iulianum/ au .iii.

1057 1635 848 106 liure/ au dernier Chapitre.

778 1689 1382 148 ¶ Uouloir est auec moy: mais de parfaire le

760 1797 1401 117 bien/ ie ne le treuue pas. Ou cõme disent les

742 1878 1417 125 liures grecz. Uouloir est auec moy/ mais de

733 1965 1426 121 parfaire le bien/ non: cest adire/ parfaire le biẽ

735 2048 1420 119 nest pas auec moy. Il ne dit pas/ faire le bien/

754 2129 1405 121 maĩs parfaire le biẽ: car fatre le bren est de nõ

760 2211 1397 124 aller apres les cõcupiscẽces: mois poirfoire le

758 2296 1395 122 bien/ est de non cõuoiter. Ce dõcques qͥ est aux

769 2366 1385 128 Galatiens? Ne parfaictes point les concu¬

750 2464 1405 117 piscẽces de la chair: icy au ꝯtraire est aux Ro¬

763 2535 1391 131 mains.? Mais ie ne treuue pas de parfaire le

772 2624 1376 131 biẽ.7 Car aussi celles ne sont point parfaictes

769 2704 1373 143 en mal/ quãt le cõsentemẽt de nr̃e uolunte ny

766 2788 1370 136 est pas: ⁊ nostre uolũte nest point parfaicte en

766 2883 1376 139 biẽ/ tãdis que les mouuemẽs des cõcupiscẽces

463 786 300 101 Les hõ-

457 872 288 90 mes ne

469 947 303 95 font pas

469 1033 270 92 ce quilz

469 1116 253 119 uerillẽt.

1250 152 410 136 De la loy

445 1264 280 122 exo.20.q

478 1680 247 131 Ro.7.d

472 2342 279 134 Gał.5.c

465 2527 250 103 Ro.7.d

451 2615 294 95 Cõment

451 2696 288 97 sõt diffe

439 2770 306 118 rẽs/ faire

445 2868 294 95 et ꝑfaire

463 2947 172 109 se biẽ.

1792 2992 351 117 demeurent
