2212 3563
300 195 1020 176 Mosaicque. Cha.ui.

79 364 1380 107 demeurẽt cõbien q̃ ny cõsentons point. Et est

79 449 1380 109 ceste bataille en laq̃lle aussi ceulx qui sõt bap

93 534 1368 109 tisez guerroiẽt cõme en ung chãp de bataille:

99 615 1356 111 quãt la chair cõuoite cõtre lesprit: ⁊ lesprit cõ

93 702 1366 99 tre la chair: la ou aussi lesprit faict bõne oeu¬

81 783 1376 107 ure en nõ ꝯsentãt a la cõcupiscẽce mauuaise:

75 868 1386 103 mais ne le parfaict pas/ pour ce qͥl ne cõsume

79 950 1380 110 pas ces mauuais desirs: et la chair faict les

83 1037 1384 105 mauuais desirs/ mais aussi ne les parfaicte

83 1118 1380 109 pas: car par ce q̃ lesprit ne luy ꝯsent pas/ aussi

75 1203 1350 109 icelle ne paruiẽt pas aux oeuures dãnables.

330 1288 933 97 ¶ Augustin au mesme/ au .iiii.

405 1369 737 99 liure/ ⁊ au .ii. Chapitre.

89 1446 1382 105 ¶ Ie ne scay comment aussi les ames chastes

79 1536 1392 108 tresbuchẽt en infames cõsentemẽs: q̃ si le sou¬

83 1621 1406 103 uerain les imputoit/ qͥ seroit celux ueueoit

85 1696 1416 119 chastemẽt? Uoͬ quox Uis ie) ne extirpe il pas

91 1783 1376 111 ce mal icy de la chair des sainctz?? Mais po

87 1866 1372 113 ce que en ceste/ nesere humaine on se doibt gar

87 1953 1374 101 der dorgueil pire q̃ tous les aultres: pourtant

85 2036 1378 105 principalemẽt nest pas du tout estaincte ceste

85 2121 1376 107 cõcupiscence en la chair des sainctz cõtinens:

95 2201 1372 109 affin q̃ quãt on bataille cõtre elle/ lesprit soit

97 2290 1378 101 admõneste de ses dangiers/ affin q̃ par seurete

93 2369 1382 101 il ne se enfde: iusq̃s a ce q̃ la fragilite humai¬

91 2454 1390 95 ne uiẽgne a telle ertion de (orcccte/ lo ou il n

97 2533 1406 109 ait quelque pourriture de cõcupiscẽce/ ⁊ la ou

106 2616 1250 109 on ne craigne quelqre enflure dorgueil.

330 2697 1083 111 ¶ Augustin au liure premier de ses

405 2785 939 108 Retractations au .xix. Chap̃.

108 2872 1375 105 ¶ Toꝰ les cõmandemẽs de dieu sont acõplis:

100 2953 1292 121 quãt dieu pardõne tout ce qͥ nest pas faict.

1531 228 133 155 59

1501 1797 239 125 Pour¬

1489 1894 271 109 quoy de¬

1483 1989 279 95 meure la

1483 2064 271 111 cõcupis¬

1487 2161 265 95 cẽce aux

1493 2256 251 83 regene

1497 2335 105 101 rez.

918 3040 559 119 H .iii. 2.Coꝝ.
