2211 3563
913 176 782 144 De la transgression

661 318 1405 115 primer lorgueil: si en ceste foiblesse leur eut este

657 401 1419 115 delaisse leur uolunte/ quilz fussent demourez

667 488 1389 113 silz eussent uoulu en layde de dieu/ sans quoy

669 587 1391 93 ne pouoient perseuerer/ ⁊ que dieu ne feist pas

689 647 1367 110 en eulx quilz eussent la uolunte/ la uolunte

686 742 1373 101 tomberoit souuent par sa foiblesse/ entretant

667 829 1389 105 et si grandes tentations quelle peult auoir:

653 914 1399 103 ⁊ pourtant ne pourroit perseuerer: car en def¬

647 993 1395 101 faillant par foiblesse ne pourroient uouloir

641 1076 1413 105 ou ne uouldroient pas tellement par linfir¬

644 1152 1409 124 mite de la uolunte qͥlz peussent.* On a dõc¬

650 1241 1400 115 ques proueu a linfirmite de la uolunte hu¬

662 1324 1376 116 maine: affin quelle fust sans decliner/ ⁊ sans

674 1395 1370 119 soy separer/ conduicte par la grace diuine: et

662 1493 1385 101 pourtant cõbien quelle fut foible/ toutesfois

653 1573 1391 104 ne deffauldroit pas ⁊ si ne seroit uaincue par

657 1658 1387 101 nude aduersite. Il a ainsi este faict/ que la uo¬

651 1739 1395 107 lunte de lhomme foible ⁊ imbecille/ estãt enco¬

631 1829 1415 98 re en peu de bien ꝑseuereroit par uertu: la ou

633 1906 1407 109 aussi la uolunte du premier homme forte et

624 1993 1410 107 entiere en plus grand bien/ na point perseue¬

630 2074 1414 103 re/ ayãt la uertu du franc arbitre cõduicte par

641 2157 1405 109 layde de dieu: sans laquelle ne pouoit ꝑseue¬

653 2236 1391 111 rer aussi quãt il eut uoulu: toutesfois ne leut

651 2321 1391 109 pas tellement q̃ dieu feist en luy quil eust uo¬

645 2405 1393 110 lunte. Et ainsi il laissa ⁊ ꝑmist faire/ a celuy

651 2488 1389 109 qui estoit tresfort/ ce quil uouloit: mais il sest

651 2569 1391 111 garde pour les foibles: affin que quand il se

645 2666 1397 99 donnera a eulx que uictorieusement ilz puis-

647 2741 1395 105 sent uouloir ce qui est bon: ⁊ que par nulle ba¬

645 2820 1387 111 taille ilz ne ayẽt uolunte de le laisser. Quãd

662 2897 1355 146 doncques Christ disoit/*Iay prie pour toy/ q̃

371 608 276 131 3.Coꝝ.

371 739 267 107 13.b.⁊.c.

380 1119 252 136 La uolũ

374 1232 256 89 te du bõ

365 1303 279 119 hõme est

356 1398 297 101 menee de

362 1484 285 104 la grace

368 1555 247 176 de dieu.

356 2877 285 157 Luc.22.c

1816 2990 196 145 ta foy
