2212 3563
297 169 1055 172 Mosaicque. Cha.ui.

100 322 1377 135 ainsi ceulx estans implicq̃s par la mort de la

112 421 1361 115 preuaricatiõ/ ilz eussent leur refuge a la gra¬

112 498 1368 125 ce/ laquelle seullemẽt ne commãde pas/ mais

122 597 1353 97 aussi ayde: laquelle a este releuee au nouueau

118 671 1355 112 testamẽt. De ce estiment ces blasphemateurs

104 758 1369 107 icy des parolles diuines/ q̃ la loy a este mau¬

100 837 1373 115 uaise/ laq̃lle a este donnee par Moyse/ pour ce

100 918 1371 105 q̃lle est appellee ladministratiõ de la mort fi¬

104 991 1370 125 guree en lettres de pierre * sans regarder quil

98 1080 1370 116 est dit pour ceulx/ qui estimoiẽt/ q̃ la loy estoit

98 1160 1370 128 suffisante a leur franc arbitre: ⁊ sans layde de

95 1244 1373 115 lesprit/ estoiẽt tenus coulpables de preuarica

95 1330 1379 124 tiõ soubz la mesme lettre de la loy. Car aussi

100 1425 1387 107 la preuarication de la loy ne seroit pas mau¬

100 1500 1385 119 uaise/ si la loy nestoit bõne. Quest ce dõcques

98 1585 1382 101 de merueille se ceste est appellee ladministratiõ

108 1666 1410 105 de la mort: la ou la lettre tue/ en deffendant le

114 1751 1396 111 mal qui se faict/ ⁊ en cõmandãt le bien qui ne

114 1830 1375 119 se faict point? Mais aussi est icelle mesme ap

106 1910 1383 120 pellee ladministratiõ de lesprit totallemẽt ui¬

104 2001 1385 109 uifiãt: affin q̃ nous nous releuõs de la mort

102 2086 1383 109 de p̃uaricatiõ: et q̃ sãs estre coulpables/ nous

106 2169 1377 105 lisons es tables de pierre la iustice de dieu: ⁊ q̃

116 2250 1373 105 noꝰ ayãt la liberte en noz cueurs/ nous ayõs

116 2333 1379 113 aussi ceste iustice en meurs. Cestuy est le nou¬

107 2416 1382 107 ueau testamẽt diferẽt a lanciẽ * car en lanciẽ/

110 2488 1400 112 lhõme est cõtrainct par angoisses de craincte:

118 2571 1392 119 ⁊ au nouueau lhõe est en la largesse spacieuse

118 2651 1389 134 de charite. Car la deffense du peche qui est la

118 2741 1383 119 loy/ augmẽte certainemẽt le desir de peche. Le

116 2830 1377 123 quel nest pas estainct/ sinõ ꝑ ung desir ꝯtraire

118 2909 1319 149 de bien faire: la ou foy besõgne par charite.

1536 209 135 105 60

1498 475 202 130 Ro.5.c

1498 979 259 131 La letre

1495 1083 262 98 de la loy

1495 1160 265 104 ne suffit

1495 1258 265 92 pas sãs

1501 1324 220 127 lesprit.

1507 1594 276 104 2.cor.3.b

1546 2396 237 115 Lhõme

1528 2497 252 101 ancien ⁊

1540 2571 229 113 le nou¬

1528 2660 160 101 ueau.

942 2989 565 134 H .iiii. Rom̃.
