2211 3563
410 296 276 128 Phił.3.a

390 403 277 103 1Ro.16.c

716 311 1370 143 Rom̃.7.D. ¶ Doncques moymes¬

687 447 1403 127 me/ en ma pensee ie sers a la loy de

667 556 1425 138 dieu: mais en la chair ie sers a la

657 673 537 138 loy de peche.

814 811 1143 109 ¶ Augustin des parolles de lapostre/

1010 894 507 111 au .ui. Sermon.

701 979 1376 122 ¶ Mort ou est ta uictoire? Mort ou est ton

665 1074 1407 115 eguillon? Mais leguillõ de la mdit est peche:

651 1161 1421 113 ⁊ la loy est la uertu de peche: car par la deffẽse

637 1252 1437 103 est le pe che augmente/ ⁊ non pas estainct. La

649 1330 1431 111 loy a dõne qui(sance ou peche/ en cõmandant

671 1411 1403 111 seullemẽt par la lettre/ ⁊ non pas en subuenãt

671 1496 1397 105 par lesprit. Car la loy cõmandoit/ ⁊ ne acom

659 1577 1415 111 plissoit pas: pour ce q̃ la chair inuinciblement

655 1662 1411 107 resistoit la ou il ny auoit pas de grace: ⁊la loy

668 1748 1397 107 estoit affoiblie par la chair? poͬce que la loy

659 1825 1415 110 est spirituelle/ mais ie suis charnel. Commẽt

649 1910 1417 109 dõcques me aideroit la loy en cõmandant par

643 1989 1413 113 la lettre/ laquelle ne donne riens par lesprit?

650 2072 1415 116 4 Elle estoit affoiblie par la chair. Quelle

656 2152 1409 122 chose a faict dieu ueuq̃ ce estoit impossible a

651 2240 1399 109 la loy/ ⁊ quelle estoit affoiblie por la chair?

649 2327 1409 109 Dieu a enuoye sõ filz. Parquoy estoit la loy

649 2408 1415 111 affoiblie: ⁊ pourquoy estoit ce impossible a la

653 2488 1407 111 loy? Elle estoit affoiblie par la chair. Quelle

649 2571 1405 115 chose dõcq̃s a faict dieu? Il a enuoye la chair

649 2658 1411 105 contre la chair. Car il a occis le peche de la

653 2735 1405 113 chair/ ⁊ a deliure la substãce de la chair. Dieu

653 2822 1399 111 a enuoye sõ filz en la similitude de la chair de

647 2909 1401 123 Peche. Ouy urayemẽt en chair/ mais non pas

368 959 300 145 1.cor.15.g

1141 174 422 136 De la loy

380 1704 229 133 Ro.7.c

374 2024 223 134 La loy

362 2137 273 110 estoit af¬

378 2226 200 105 foiblie

376 2317 204 86 par la

374 2391 190 122 chair.

1761 3006 277 105 en chair
