2212 3563
321 139 1135 184 Mosaicque. Chap̃.ui.

101 296 1400 122 en chairde peche. * Ce doncq̃s qͥ estoit imposs¬

110 389 1367 121 ble a la loy/ laq̃lle faisoit preuarication: poͬ

120 477 1375 112 ce q̃ la pẽsee cõuaincue nauoit pas encore cher

126 556 1381 124 che le sauueur: en quoy estoit affoiblie par la

120 639 1379 121 chair: dieu a enuoye sõ filz en la similitude de

112 726 1383 111 la chair de peche: ⁊ de peche a dãne le peche en

104 801 1391 113 la chair. * Cõmẽt dõcq̃s nauoit il pas de peche

110 878 1388 140 si de peche il a dãne le peche? Le sacrifice poͬ le

115 982 1383 122 peche estoit en la loy appelle peche. La loy re¬

104 1065 1397 119 memore ceste chose souuẽt/ non pas une foys

110 1146 1385 112 ou deux/ mais tres souuent les sacrifices pour

104 1220 1400 136 les pechez estoient appellez pechez. Tel peche

110 1303 1388 134 estoit Christ. Car que dirons nous? Auoit

112 1393 1404 123 il quelque peche? Non non. Il nauoit pas de

120 1476 1390 121 peche/ mais il estoit le peche. Il estoit (dis ie)

116 1559 1402 125 le peche selon lintelligence/ pour ce quil estoit

118 1656 783 109 le sacrifice pour le peche.

133 1742 1389 158 Gala.3.D. ¶ Et ainsi la loy a este

118 1858 1398 166 nostre pedagogue en Christ: affin q̃

122 1983 1266 156 nous soyons iustifiez par la foy.

239 2123 1198 129 ¶ Hierosme au liure de son exposition

396 2216 776 115 sur lepistre ad Galatas.

142 2315 1392 127 ¶ Le pedagogue est ordõne pour les petis en¬

138 2407 1392 116 fans: affin q̃ leage lasciue soit refrenee ⁊ q̃ les

128 2490 1418 110 cueͬs enclins a uices/ soiẽt tenus quãt lẽfance

138 2565 1404 125 qͥ est tẽdre est ĩstruicte par lestude: ⁊ est appareil

138 2658 1402 111 lee par ꝯtraincte ⁊ ꝑ la craĩcte de la peine/ aux

133 2737 1398 122 plus grãdes sciẽces de philosophie/ ⁊ poͬ gou¬

130 2811 1407 125 uerner la chose publicq̃. Toutesfoys le peda¬

140 2909 1398 133 gogue nest pas le maistre ⁊ le pere: ⁊ cestuy qui

1592 180 101 97 61

1522 279 241 148 Ro.8.a

1525 771 270 140 Sacrifi

1519 878 267 113 ce est aus

1522 962 270 112 si appel¬

1516 1045 279 104 le peche

1519 1128 276 122 en lescri

1525 1238 217 104 pture.

1513 1306 285 128 exo.45.c

1531 1781 276 116 1.cor.4.d

1537 1882 270 128 Ro.3.d. ⁊

1526 1983 139 81 5.a.

1522 2038 282 139 1.tim̃.3.d

1554 2793 268 128 1.cor.4.c

1162 2994 378 115 est enseigne
