2211 3563
1071 221 444 129 De la loy

853 356 1094 113 ¶ Augustin/ du franc arbitre ⁊ de la

1006 451 727 101 grace/ au .iiii. chapitre.

701 504 1382 134 ¶ Tãt de choses qͥ sont cõmãdees en la loy de

710 599 1376 116 dieu: assauoir q̃ les fornications ⁊ les adulte¬

698 700 1391 110 res ne soient pas cõmis: demonstrent elles au¬

673 777 1415 105 tre chose q̃ le frãc arbitre? Car aussi ne seroiẽt

661 865 1429 104 elles point cõmãdees/ se lhõme nauoit sa pro¬

667 944 1421 103 pre uolũte/ poͬ obeir aux cõmãdemẽs diuins.

735 1029 1353 107 * Et toutesfoys cest le don de dieu/ sãs lequel

689 1113 1382 98 les commandemems ne peuuent estre gardez.

671 1205 1406 101 Saĩct Paul dit. * Ne soye pas uaĩcu du mal:

662 1285 1424 95 mais uaincz le mal par bien: ce toutesfoys ne

680 1368 1403 92 peult estre faict/ sil nest aide de la grace que si

689 1443 1389 106 la grace ne laide/ la loy ne sera riens sinon la

695 1524 1395 111 uertu de peche. Car la ꝯcupiscẽce sera augmẽ¬

681 1611 1407 105 tee/ ⁊ prendra plus grãdes forces par ce que la

681 1688 1207 111 loy deffend/ se lesprit de grace ne laide.

964 1777 959 103 ¶ Pareillemẽt au .ui. chapitre.

693 1858 1395 111 Les Pelagiẽs se estimẽt scauoir grand chose/

679 1943 1405 101 quãt ilz disẽt. Le seigñr ne cõmãderoit pas ce

667 2024 1419 111 qͥl scauroit q̃ lhõme ne pourroit faire. Qui est

671 2105 1412 115 cestuy qͥ ignore ceste chose? * Mais pourtãt cõ

674 2188 1397 116 mãde il aucunes choses q̃ noꝰ ne pouõs: affin

674 2265 1412 107 q̃ nous cõgnoissons q̃lle chose nous luy deb¬

680 2348 1409 125 uons demãder. Et est ceste foy/ laq̃lle en priãt

686 2434 1400 113 impetre/ ce que la loy commande. Finable¬

698 2529 1388 107 ment celuy qui a dit. * Se tu ueulx/ tu garde¬

695 2606 1391 101 ras les cõmandemens. Au mesme liure de lec¬

695 2681 1388 124 clesiasticque ung petit apres il dit. Qui dõne

669 2777 1417 109 ra la garde en ma bouche ⁊c. Cest une chose

661 2862 1421 103 certaine q̃ nous gardons les cõmandemens se

657 2947 1425 115 nous uoulons: mais pource que la uolunte

404 510 264 119 exo.20.e

404 599 279 116 mat.19.c

404 674 255 127 Ro.13.c.

390 1041 285 95 La bõne

383 1125 276 107 uolunte

371 1196 282 113 est le dõ

374 1294 247 101 de dieu.

380 1368 252 110 Ro.12.d

389 2078 255 134 poͬquoy

386 2191 241 92 cõmãde

392 2259 258 110 dieu ce q̃

392 2342 264 98 nous ne

392 2437 255 95 pouons

389 2511 196 113 faire.

380 2598 300 92 eccłi.22.d

389 2678 279 121 Ps̈.140.

1691 3042 391 107 est preparee
