2212 3563
350 106 1133 176 Mosaicque. Chap̃.ui.

182 267 1394 122 est preparer du seigneur/ a luy fault il deman

192 360 1356 113 der/ que nous uoulons autãt quil suffit pour

202 433 1344 122 faire en uueillãt. * Il est certain/ q̃ nous uou¬

190 531 1353 107 lons quant nous auons la uolunte: mais ce¬

181 608 1367 119 stuy faict/ q̃ nous uoulons le bien. Duquel il

166 688 1388 107 est dit. * Les pas de lhõme serõt dressez par le

166 771 1388 110 seigneur/ quil uueille ses uoyes. Duquel est

160 864 1391 106 dit. * Cest dieu qui faict en nous le uouloir et

163 941 1383 107 le parfaire. Il est certain que nous le faisons

170 1031 1384 107 quant nous le faisons: mais cestuy faict que

166 1118 1392 103 nous le faisons: en dõnant la uertu treseffica

170 1203 1386 103 ce a la uolunte/ lequel dit. Ie feray que uous

172 1286 1386 105 cheminerez en mes iustifications ⁊ que uous

176 1371 1079 105 garderez mes iugemens/ ⁊ les ferez.

344 1450 1056 107 ¶ Du mesme au .xuiii. Chapitre.

178 1530 1400 112 ¶ Pourquoy dõcques est il dit. Aymõs lung

184 1609 1409 104 lautre: car la dilection est de dieu: sinon q̃ par

194 1698 1406 105 le cõmandement est le franc arbitre admonne

196 1781 1384 107 ste/ pour demander le don de dieu? Leq̃l aussi

184 1860 1390 115 seroit admõneste sans fruict: se p̃mier il ne re¬

174 1947 1396 103 cepuoit quelq̃ dilection/ affin quil demande q̃

174 2028 1404 113 la mesme dilection luy soit augmẽtee/ ⁊ quil

182 2114 1390 112 puisse acõplir ce q̃ on cõmande. Quãt on dit.

188 2199 1382 111 Aymons lung lautre: cest la loy: quãt on dit/

200 2288 1101 103 car la dilection est de dieu: cest grace.

390 2371 990 99 ¶ Du mesme au .xix. Chapitre.

190 2425 1409 128 ¶ Iehan dit. Dieu est charite. * Et les Pela¬

184 2520 1427 125 giens aussi disent quilz ont dieu/ non pas de

190 2600 1406 131 dieu/ mais de eulx mesmes: ⁊ la ou ilz confes¬

199 2687 1379 124 sent que la loy nous est dõnee de dieu: ilz ueu¬

194 2781 1384 107 lent auoir la charite de eulx mesmes. Et ne

187 2859 1388 157 escoute pas lapostre/ disant. * La sciẽce enfle:

1656 139 98 149 63

1605 421 226 122 Dieu

1566 519 247 125 faict q̃

1563 602 289 104 noꝰ uou¬

1572 700 244 95 lions le

1575 771 152 101 bien.

1572 852 226 115 Ps̈.36.

1572 935 262 151 Phił̃.2.b

1617 1585 253 181 1.Io.4.b

1620 2402 250 133 1.Io.4.b

1647 2520 214 104 Lerreur

1614 2598 247 103 des Pe¬

1596 2690 223 109 lagiẽs.

1602 2847 259 139 1.cor.8.a

1396 2961 188 111 mais
