2211 3563
1085 136 410 135 De la loy

628 273 1382 112 mais la charite edifie. Aussi lescripture dit q̃

626 360 1390 111 la uraye foy/ ⁊ la saine doctrine sont toutes

628 443 1390 101 deux de dieu: car il est escript. De sa face pro¬

635 526 1375 121 cede scence ⁊ entendemẽt. Et est escript. * Aussi

637 615 573 103 charite est de dieu.

808 694 935 119 ¶ Bernard/ sur les cãticques/

1050 791 410 95 au .l. sermon.

609 858 1402 115 ¶ Celuy qui a cõmande le cõmandement na

591 950 1420 101 pas ignore/ que le fais du cõmãdemẽt excede

594 1027 1414 98 les forces des hõmes: mais par ce mesme a iu¬

603 1107 1394 116 ge quil est utile de les admõnester quilz ne sõt

588 1199 1412 110 pas suffisãs: ⁊ quilz cõgneussent plainemẽt a

585 1273 1420 113 q̃lle fin de iustice il se fauldroit efforcer de tou

594 1353 1406 119 tes ses uertus. * Doncques en commandant

615 1434 1379 115 choses impossibles/ dieu na pas faict les hõ¬

638 1520 1364 104 mes preuaricateurs/ mais les a faict hũbles:

630 1603 1375 113 affin que toute bouche soit fermee/ ⁊ q̃ tout le

632 1683 1373 119 mõde soit rẽdu subiect a dieu: car nulle chair

615 1772 1393 110 ne sera iustifiee deuãt luy par les oeuures de

597 1858 1408 101 la loy. Et ainsi quãt nous auõs receu le com¬

588 1938 1409 113 mandemẽt/ ⁊ que nous sentõs nostre deffaul¬

591 2036 1406 86 te: nous criõs au ciel: ⁊ dieu a mercy de nous:

590 2110 1407 104 ⁊ scauons en ce temps la/ quil nous a sauue/

596 2197 1395 105 non point par les oeuures de iustice que nous

602 2280 1143 97 auons faict mais par sa misericorde.

760 2355 1239 111 ¶ Aug. au liure de la perfectiõ de iustice.

621 2443 1373 110 ¶ Lapostre a escript ad Philemon/ disant:

615 2523 1379 101 affin q̃ ce ne fusse pas ton bien cõe par necessi¬

604 2610 1396 101 te: mais ton biẽ uolũtaire: cõme si autremẽt le

602 2694 1395 104 bien estoit uoluntaire sinon quant dieu faict

594 2773 1394 113 en noꝰ le uouloir/ ⁊ le parfaire poͬ la bõne uo

572 2860 1415 125 lunte. Ou poͬ ce qͥl est escript au Deuterono¬

344 528 283 175 1.Io.4.b

344 855 244 104 Le cõmã

335 941 214 110 dement

326 1030 188 104 excede

312 1107 228 104 la force

306 1190 270 116 des hom

306 1282 148 92 mes.

300 1353 187 119 Dieu

303 1454 190 84 nous

315 1511 294 116 faict hũ¬

317 1609 271 104 bles en

315 1695 294 101 nous cõ

317 1769 268 104 mandãt

306 1852 220 119 choses

300 1932 270 131 impossi¬

303 2019 157 106 bles.

309 2434 246 125 Phile.

300 2532 121 119 1.c.

312 2728 243 160 Philip.

318 2864 107 109 2.b

1678 2935 315 127 me. * Il a
