2212 3563
115 264 1404 130 me? Iladone deuãt la face de lhõme/ la uie ⁊

134 366 1369 113 la mort/ le bien ⁊ le mal: ⁊ la admonneste quil

138 451 1355 109 esleu/ la uie/ cõme aussi ceste admonition ne

148 525 1344 125 uie/ e pas de la misericorde? ou cõe sil prouf

139 611 1356 116 fitoit aucune chose de eslire la uie/ la ou dieu

124 697 1371 107 ne inspireroit pas la charite de leslire/ ⁊ la ou

112 774 1374 107 il ne la donneroit pas apres q̃lle seroit esleue.

115 855 1383 130 Dequoy est dit.? Car ire est en son ĩdignatiõ/

114 950 1387 109 ⁊ la uie est en sa uolunte. Ou poͬ ce qͥl est dit.

120 1029 1383 117 Se tu ueulx/ les cõmandemẽs te garderont:

112 1116 1395 107 cõme sil ne debuoit pas rẽdre grace a dieu/ qͥl

114 1199 1389 105 a uoulu les cõmãdemẽs/ quãt luy estãt delais

118 1280 1385 111 se de la lumiere de uerite de toutes choses/ ne

114 1361 1394 111 les pouuoit uouloir: ⁊ quãt leau ⁊ le feu sõt

114 1444 1393 111 mis deuãt lhõme/ il baille la main auq̃l quil

121 1520 1386 124 ueult.? Mais celuy qͥ appelle est plus hault/

124 1609 1407 113 et est par de (us toute humoiee cogitation:

133 1692 1404 107 quant uroyemẽt le cõmencemẽt de corriger le

133 1769 1380 122 cueur: cest la foy: cõme/ lest̃ esarix/ Tr/ u/en¬¬

124 1861 1371 110 dras ⁊ posseras par le cõmencement de foy: et

118 1941 1383 107 ung chascun ainsi esleit le bien.4 Cõe a ung

115 2024 1389 110 chascun dieu a diuise la mesure de foy.? Et

118 2108 1386 121 nul ne peult uenir a moy (dit le prince de la

140 2197 1374 116 foy) si le pere qͥ ma enuoye ne le tire. Ce qui est

138 2284 1376 103 dit de la foy par laq̃lle on croit en luy/ cõme

136 2367 1384 105 assez euidemmẽt agies le declaire la ou il dit.

136 2449 1401 95 7Les parolles q̃ ie uous dis/ Iont espuit ⁊ uie:

121 2520 1427 122 mais il en ya aucuns de uous qͥ ne croiẽt pas.

130 2603 1413 119 Car Iesus sceauoit des le commencement qui

127 2687 1392 121 estoiẽt ceulx qui croyoiẽt/ ⁊ qui le debuoit l¬

124 2767 1392 130 urer: pourtãt uous ay ie dit/ que nul ne peult

128 2866 1394 140 uenir a moy/ sil ne luy est donne de mon pere.

312 127 1138 163 Mosaicque. Chad̃.ui.

1560 164 147 99 o4

1548 273 262 124 deu.30.d

1519 492 288 143 La cha¬

1516 611 253 101 rite noꝰ

1513 691 273 116 est dõnee

1513 783 238 101 de dieu.

1528 861 226 133 Ps̈.29.

1540 1496 282 131 Le cõmẽ

1566 1609 256 101 cemẽt de

1554 1689 238 113 corriger

1534 1778 249 119 Le crrerit.

1525 1852 214 116 cest la

1528 1938 122 125 foy.

1525 2022 246 109 Ro.12.a

1531 2117 235 109 Ioã.6.e

1566 2410 253 140 Les pa¬

1572 2517 238 113 rolles de

1566 2603 238 113 dieu sõt

1540 2755 243 44 IC C bC teC

1546 2779 113 145 uie.

1229 2951 299 121 Lhomme
