2212 3563
184 346 1350 119 ta foy ne faille: on entẽd ce estre dit a celuy qui

186 431 1344 119 est edifie sus la pierre. Et ainsi/ lhõme de dieu

174 514 1360 117 nest pas seulement celuy qui a obtenu miseri¬

162 601 1380 115 corde pour estre fidele: mais aussi celuy au¬

154 679 1383 110 quel ceste foy ne deffault point: affin que ce¬

154 764 1319 130 luy qͥ se glorifie/ prẽgne sa gloire au seigñr.

427 849 889 116 ¶ Augustin/ en sa. cui. epistre

605 940 496 93 ad Paulinum.

166 991 1371 149 ¶ Que nulz ne offensent en la pierre de offen

169 1089 1374 134 sion cõme en arguant deffendant le franc ar¬

160 1169 1391 140 bitre ⁊ nature: ainsi que les philosophes de ce

163 1261 1380 119 monde/ qui lont faict uehementement: affin

166 1342 1388 121 quilz fussent estimez: ⁊ aussi pour ce qͥlz cuy¬

172 1437 1384 110 doient acquerir la uie biẽ heureuse par la uer¬

163 1505 1383 122 tu de leur propre uolunte. Telz dõcques quilz

172 1603 1371 107 se gardent/ que par la sapience de la parolle/

182 1688 1392 111 ilz ne rendent la ceoix de ¶uuig̃ ucũne: ⁊ que

180 1767 1376 115 cela ne leur soit offenser en la pierre de ofen¬

176 1848 1380 119 ston. Car aussi nature humaine quãt elle de¬

172 1935 1384 111 moureroit en ceste integrite en laquelle a este

180 2021 1366 110 faicte/ nullement ne se pourroit garder si son

172 2102 1372 112 createur ne laydoit. Cõme ainsi soit doncq̃s/

172 2185 1385 101 quelle ne puisse garder le salut quelle a receu

186 2274 1368 109 sans la grace de dieu/ comment pourroit elle

192 2355 1316 97 rauoir ce quede a gdu sans la grace de dieu?

429 2436 1135 105 ¶ Augu, en lepistre cuii. ad Uitalem.

184 2511 1394 110 ¶ Se urayemẽt nous uoulõs defendre le frãc

184 2592 1373 124 arbitre/ cõgnoissons doncq̃s dont il est franc.

187 2675 1370 121 Car celuy qui contredist a la grace (par laq̃l¬

190 2761 1373 113 le nostre arbitre est faict libre: pour decliner

184 2859 1376 104 du mal ⁊ pour faire le bien) cestuy ueult q̃ son

180 2937 954 129 arbitre soit encore serf ⁊ captif.

457 172 990 175 de Adam. Chaq̃.5.

1653 172 101 154 6

1554 653 262 116 1.coꝝ.1.d

1566 985 244 128 Contre

1560 1089 274 107 les def¬

1566 1169 268 107 fenseurs

1566 1258 274 101 du franc

1569 1348 253 95 arbitre.

1566 1496 277 110 mat.21.d

1572 1588 274 116 1.Pe.2.a

1575 2164 214 134 Ro.1.a

1635 2503 211 118 Nostre

1581 2595 220 103 arbitre

1572 2666 262 113 est faict

1584 2764 262 104 libre par

1584 2850 262 116 la grace

1570 2937 247 103 de dieu.

1259 3020 297 123 p̃s.48.C.
