2212 3563
374 124 1044 166 Mosaicque. Cha.ui.

144 277 1343 150 Gala.3.B. ¶ La loy nest pas de

138 395 1345 157 la foy: mais qui fera les choses/ il

142 532 620 121 uiura en icelles.

281 623 1081 123 ¶ Augustin/ au liure de lexposition

423 718 735 99 de lepistre ad Galatas.

118 787 1363 123 ¶ Il ne dit pas: celuy qui fera la loy/ uiura

106 878 1369 113 en icelle/ tellemẽt que tu entende en ce lieu icy

118 960 1365 118 estre mis/ la loy/ pour icelles oeuures. Mais

114 1041 1375 118 ceulx qͥ uiuoient en ces oeuures icy/ ilz crain¬

112 1124 1375 121 gnoient: car silz ne eussent pas faict ces cho¬

114 1213 1373 119 ses icy: ilz eussẽt souffert/ ou destre lapide/ ou

108 1292 1383 121 la croix/ ou quelque autre chose. Parquoy il

110 1379 1381 111 dit/ celuy qͥ fera ces choses il uiura en icelles:

108 1460 1385 121 cest adire/ il aura le loyer/ quil ne sera pas pu¬

118 1551 1387 113 gny par telle mort. Ce nest pas doncques en¬

120 1629 1396 108 uers dieu: que sil quelcun uit en la foy diceluy

124 1708 1406 117 en ceste uie/ quãt il sera party dicy/ adonc au¬

122 1789 1386 121 ra il son loyer plus pres de luy. * Parquoy ce

112 1873 1380 110 luy ne uit de foy/ qui desire ou craint les cho¬

118 1962 1374 122 ses que lon uoit icy present. Car la foy de dieu

115 2027 1383 131 appartient aux choses inuisibles: lesq̃lles se¬

115 2119 1380 128 ront dõnees icy apres. Mais il y a aucune iu¬

130 2203 1368 124 stice es oeuures de la loy/ qui est telle q̃lle nest

138 2292 1351 113 pas delaissee sans loyer: tellement que celuy

132 2373 1373 115 qui fera ces oeuures/ il uiura en icelles. De¬

124 2440 1401 131 quoy aussi est dit aux Romains. * Ueritable

126 2533 1412 127 ment se Abraam est iustifie par les oeuures: il

134 2626 1131 113 a gloire: mais non pas enuers dieu.

138 2711 1370 159 1.Timo.1.B. ¶ La loy nest pas

128 2844 749 148 mise pour le iuste.

1575 133 119 149 65

1540 1855 220 110 La foy

1519 1938 258 107 ne desire

1513 2024 247 104 pas les

1513 2114 205 100 choses

1523 2199 257 98 presẽtes.

1546 2416 231 137 Ro.4.a

936 2927 577 149 I ¶ Hierosme
