<?xml version="1.0" encoding="UTF-8"?>
<alto xmlns:xsi="http://www.w3.org/2001/XMLSchema-instance"
      xmlns="http://www.loc.gov/standards/alto/ns-v4#"
      xsi:schemaLocation="http://www.loc.gov/standards/alto/ns-v4# http://www.loc.gov/standards/alto/v4/alto-4-2.xsd">
  <Description>
    <MeasurementUnit>pixel</MeasurementUnit>
    <sourceImageInformation>
      <fileName>132_615df_default.jpg</fileName>
      <fileIdentifier>https://www.e-rara.ch/i3f/v20/4105867/full/full/0/default.jpg</fileIdentifier>
    </sourceImageInformation>
  </Description>
  <Tags>
    <OtherTag ID="BT8" LABEL="DamageZone" DESCRIPTION="block type DamageZone"/><OtherTag ID="BT10" LABEL="DropCapitalZone" DESCRIPTION="block type DropCapitalZone"/><OtherTag ID="BT11" LABEL="GraphicZone" DESCRIPTION="block type GraphicZone"/><OtherTag ID="BT12" LABEL="MainZone" DESCRIPTION="block type MainZone"/><OtherTag ID="BT13" LABEL="MarginTextZone" DESCRIPTION="block type MarginTextZone"/><OtherTag ID="BT15" LABEL="NumberingZone" DESCRIPTION="block type NumberingZone"/><OtherTag ID="BT17" LABEL="QuireMarksZone" DESCRIPTION="block type QuireMarksZone"/><OtherTag ID="BT18" LABEL="RunningTitleZone" DESCRIPTION="block type RunningTitleZone"/><OtherTag ID="BT20" LABEL="StampZone" DESCRIPTION="block type StampZone"/><OtherTag ID="BT21" LABEL="TableZone" DESCRIPTION="block type TableZone"/><OtherTag ID="BT22" LABEL="TitlePageZone" DESCRIPTION="block type TitlePageZone"/><OtherTag ID="BT132" LABEL="MarginTextZone:handwrittenAddition" DESCRIPTION="block type MarginTextZone:handwrittenAddition"/>
    <OtherTag ID="LT7" LABEL="CustomLine" DESCRIPTION="line type CustomLine"/><OtherTag ID="LT8" LABEL="DefaultLine" DESCRIPTION="line type DefaultLine"/><OtherTag ID="LT9" LABEL="DropCapitalLine" DESCRIPTION="line type DropCapitalLine"/><OtherTag ID="LT10" LABEL="HeadingLine" DESCRIPTION="line type HeadingLine"/><OtherTag ID="LT11" LABEL="InterlinearLine" DESCRIPTION="line type InterlinearLine"/><OtherTag ID="LT125" LABEL="default" DESCRIPTION="line type default"/>
  </Tags>
  <Layout>
    <Page WIDTH="2212"
          HEIGHT="3563"
          PHYSICAL_IMG_NR="132"
          ID="eSc_dummypage_">
      <PrintSpace HPOS="0"
                  VPOS="0"
                  WIDTH="2212"
                  HEIGHT="3563">
        <TextBlock HPOS="100"
                   VPOS="274"
                   WIDTH="1451"
                   HEIGHT="2692"
                   ID="eSc_textblock_94c12ca1"
                   TAGREFS="BT12">
          <Shape><Polygon POINTS="136 298 103 1312 100 2080 100 2966 1492 2938 1524 2652 1524 2579 1524 2575 1500 2382 1513 1808 1536 1776 1551 1756 1517 1546 1548 274"/></Shape>
          <TextLine ID="eSc_line_e1ec36a2"
                    TAGREFS="LT8"
                    BASELINE="148 348 1534 342" 
                    HPOS="146"
                    VPOS="271"
                    WIDTH="1388"
                    HEIGHT="111">
            <Shape><Polygon POINTS="186 277 166 283 146 308 148 348 150 382 194 370 291 380 293 380 295 380 297 380 308 368 324 380 326 380 328 380 330 380 400 368 534 380 538 380 540 380 542 380 621 366 689 378 691 378 693 378 732 366 800 376 802 376 940 366 958 378 960 378 962 378 964 380 1027 380 1027 378 1029 378 1031 378 1071 364 1101 376 1103 376 1105 376 1170 364 1211 376 1213 376 1215 376 1217 376 1273 364 1330 376 1334 376 1336 376 1338 376 1340 376 1354 364 1374 376 1376 376 1378 376 1380 376 1388 376 1461 364 1530 374 1534 342 1530 288 1473 288 1451 271 1449 271 1447 271 1445 271 1394 281 1378 273 1376 273 1374 273 1372 273 1370 273 1352 287 1293 275 1291 275 1128 287 912 273 910 273 908 273 906 273 883 288 855 277 853 277 851 277 782 288 762 273 760 273 758 273 649 273 647 273 645 273 603 290 596 290 360 277 358 277 356 277 330 290 291 275 289 275 287 275 285 275 225 290 188 277 186 277"/></Shape>
	    <String CONTENT="aux Hebrieux/ a use de ce tesmoignage: ⁊ stnra"
                    HPOS="146"
                    VPOS="271"
                    WIDTH="1388"
                    HEIGHT="111"
                    WC="0.9925149484820988"></String>
          </TextLine>
          <TextLine ID="eSc_line_020ddd9e"
                    TAGREFS="LT8"
                    BASELINE="154 429 1520 425" 
                    HPOS="152"
                    VPOS="362"
                    WIDTH="1368"
                    HEIGHT="99">
            <Shape><Polygon POINTS="154 429 154 447 178 459 180 459 182 459 259 449 271 447 275 449 295 459 297 459 299 461 417 461 417 459 419 459 441 449 449 447 501 451 603 457 605 457 659 451 703 447 758 451 833 459 835 459 837 459 855 453 879 445 1071 445 1083 455 1085 457 1087 457 1089 457 1091 459 1394 459 1394 457 1400 457 1467 445 1514 457 1520 425 1514 362 1459 376 1358 376 1330 362 1328 362 1326 362 1324 362 1318 362 1249 374 1211 362 1209 362 1207 362 1206 362 1170 362 904 374 851 364 837 362 835 362 833 362 825 364 786 376 742 364 738 364 736 364 734 364 732 364 728 364 685 376 657 364 653 364 651 364 649 364 647 364 645 364 627 376 152 368 154 429"/></Shape>
	    <String CONTENT="blemẽtapres tous les hõmes ecclesiasticques"
                    HPOS="152"
                    VPOS="362"
                    WIDTH="1368"
                    HEIGHT="99"
                    WC="0.9917807685004341"></String>
          </TextLine>
          <TextLine ID="eSc_line_22fe72be"
                    TAGREFS="LT8"
                    BASELINE="160 512 1510 506" 
                    HPOS="158"
                    VPOS="443"
                    WIDTH="1352"
                    HEIGHT="97">
            <Shape><Polygon POINTS="160 512 160 530 578 540 580 540 582 540 605 530 611 528 635 530 701 538 703 538 772 530 794 528 804 530 831 538 833 538 835 538 972 530 1011 528 1021 530 1045 536 1047 536 1049 536 1051 536 1053 536 1061 530 1065 526 1081 530 1110 536 1112 536 1154 530 1178 526 1194 530 1219 536 1221 536 1223 536 1508 528 1510 506 1508 453 1475 443 1473 443 1471 443 1469 443 1467 443 1457 453 1453 457 1299 457 1291 453 1277 443 1275 443 1273 443 1215 443 1213 443 1211 443 1209 443 1198 453 1196 455 1194 453 1178 443 1176 443 1174 443 1061 443 1059 443 1057 443 1035 453 1019 461 845 461 837 453 827 445 825 445 823 445 821 445 784 453 756 459 718 453 663 445 625 445 623 445 621 445 619 445 607 453 598 461 546 453 524 451 522 451 520 451 518 451 516 453 504 463 403 463 394 453 388 449 388 447 386 447 384 447 382 447 158 453 160 512"/></Shape>
	    <String CONTENT="disent q̃ au premier aduenement du sauueur/"
                    HPOS="158"
                    VPOS="443"
                    WIDTH="1352"
                    HEIGHT="97"
                    WC="0.9943880674450897"></String>
          </TextLine>
          <TextLine ID="eSc_line_9dc9582c"
                    TAGREFS="LT8"
                    BASELINE="164 595 1516 589" 
                    HPOS="162"
                    VPOS="524"
                    WIDTH="1354"
                    HEIGHT="93">
            <Shape><Polygon POINTS="164 595 164 613 1512 617 1516 589 1510 526 1396 538 1342 528 1320 524 1318 524 1316 524 1314 524 1310 528 1297 540 1223 540 1164 530 1114 524 1112 524 1110 524 1093 532 1077 540 920 540 910 534 899 526 897 526 895 526 893 526 891 526 875 534 865 540 847 536 821 528 819 528 817 528 815 528 784 536 766 540 740 536 669 526 667 526 596 538 576 542 572 540 554 528 552 528 550 528 548 528 453 540 441 542 439 542 413 528 411 528 409 528 350 538 295 528 293 528 291 528 265 542 207 530 205 530 203 530 162 544 164 595"/></Shape>
	    <String CONTENT="tout a este acomply: ⁊ q̃ le nouueau testamẽt"
                    HPOS="162"
                    VPOS="524"
                    WIDTH="1354"
                    HEIGHT="93"
                    WC="0.9839773903722349"></String>
          </TextLine>
          <TextLine ID="eSc_line_7bf776cf"
                    TAGREFS="LT8"
                    BASELINE="154 678 1520 673" 
                    HPOS="152"
                    VPOS="607"
                    WIDTH="1368"
                    HEIGHT="99">
            <Shape><Polygon POINTS="154 678 154 694 203 706 205 706 207 706 243 696 512 696 514 696 524 706 526 706 528 706 530 706 625 696 653 694 675 696 726 704 728 704 782 696 804 694 817 696 843 704 845 704 847 704 1005 698 1140 692 1160 698 1172 702 1174 702 1176 702 1520 698 1520 673 1516 619 1285 619 1253 607 1251 607 1249 607 1247 607 1245 607 1233 619 1106 619 1067 607 1065 607 1063 607 1061 607 1011 619 647 609 645 609 643 609 603 621 570 611 568 611 566 611 564 611 536 621 415 611 413 611 354 621 342 611 340 611 338 611 225 611 223 611 152 623 154 678"/></Shape>
	    <String CONTENT="cest adire/ leuãgile a succede a lãcien testamẽt:"
                    HPOS="152"
                    VPOS="607"
                    WIDTH="1368"
                    HEIGHT="99"
                    WC="0.99370727286889"></String>
          </TextLine>
          <TextLine ID="eSc_line_5ecc8298"
                    TAGREFS="LT8"
                    BASELINE="138 760 1516 760" 
                    HPOS="138"
                    VPOS="694"
                    WIDTH="1378"
                    HEIGHT="97">
            <Shape><Polygon POINTS="138 760 138 789 231 777 316 789 330 789 332 789 348 787 423 779 485 787 497 787 499 787 501 787 502 787 516 777 568 785 592 789 594 791 703 791 703 789 704 789 714 785 728 777 901 777 904 783 912 789 914 789 916 789 918 789 964 781 992 777 1004 781 1025 789 1027 789 1029 789 1031 789 1061 781 1077 777 1091 781 1126 789 1128 789 1130 789 1132 789 1158 779 1168 777 1174 779 1202 789 1204 789 1206 791 1303 791 1303 789 1368 777 1374 777 1376 777 1398 789 1400 789 1402 789 1404 789 1406 789 1417 777 1441 787 1443 787 1445 787 1516 775 1516 760 1514 702 1178 706 1164 702 1134 694 1132 694 1130 694 1128 694 1105 702 1095 706 1077 702 1031 694 1029 694 1027 694 1025 694 1013 704 1007 708 952 708 946 704 934 694 932 694 930 694 928 694 875 704 873 704 871 704 861 694 859 694 857 694 760 694 758 694 756 694 754 694 742 704 738 706 724 704 665 696 663 696 603 704 596 706 594 706 580 694 578 694 576 694 425 694 423 694 350 706 346 706 342 706 275 694 273 694 271 694 245 706 245 708 138 708 138 760"/></Shape>
	    <String CONTENT="par lequel la loy de la lettre est changee en la"
                    HPOS="138"
                    VPOS="694"
                    WIDTH="1378"
                    HEIGHT="97"
                    WC="0.9914511082073053"></String>
          </TextLine>
          <TextLine ID="eSc_line_9f9155ed"
                    TAGREFS="LT8"
                    BASELINE="128 845 1510 837" 
                    HPOS="126"
                    VPOS="771"
                    WIDTH="1384"
                    HEIGHT="103">
            <Shape><Polygon POINTS="128 845 128 865 463 874 465 874 467 874 469 874 469 872 479 863 481 863 756 863 758 863 815 872 817 872 891 863 1041 870 1043 870 1045 870 1077 861 1079 861 1081 861 1162 870 1164 870 1241 859 1249 859 1259 859 1322 868 1324 868 1508 857 1510 837 1507 787 1392 787 1368 771 1366 771 1364 771 1362 771 1243 785 1194 771 1192 771 1190 771 1188 771 1186 771 1172 783 1105 775 1103 775 1101 775 1099 775 1087 787 1085 787 1075 787 901 773 899 773 897 773 863 787 861 787 855 787 750 777 748 777 679 787 665 789 653 787 580 775 578 775 576 775 548 787 544 789 540 787 497 775 495 775 493 775 491 775 489 775 469 787 364 777 362 777 360 777 318 789 306 791 301 789 281 777 279 777 223 777 221 777 219 777 217 777 201 789 198 791 190 789 156 777 154 777 152 777 150 777 126 785 128 845"/></Shape>
	    <String CONTENT="loy de lesprit: tellemẽt que tous les sacrifices/"
                    HPOS="126"
                    VPOS="771"
                    WIDTH="1384"
                    HEIGHT="103"
                    WC="0.9941937303543091"></String>
          </TextLine>
          <TextLine ID="eSc_line_0ec96ade"
                    TAGREFS="LT8"
                    BASELINE="128 930 1507 922" 
                    HPOS="126"
                    VPOS="855"
                    WIDTH="1381"
                    HEIGHT="107">
            <Shape><Polygon POINTS="128 930 128 962 172 962 172 960 174 960 176 960 176 958 192 946 334 946 350 956 352 956 354 956 356 956 477 944 502 954 510 958 512 958 514 958 534 954 580 944 592 954 596 956 596 958 598 958 600 958 602 958 603 958 615 954 629 946 637 952 643 958 645 958 647 958 649 960 798 960 798 958 800 958 802 958 811 950 823 942 906 948 1005 956 1007 956 1087 946 1116 942 1126 944 1152 954 1154 954 1156 954 1318 942 1328 942 1334 942 1433 954 1435 954 1507 938 1507 922 1503 868 1301 855 1299 855 1297 855 1295 855 1281 866 1211 857 1209 857 1154 868 1106 857 1105 857 1103 857 1101 857 1099 857 1081 868 1069 857 1067 857 1065 857 1000 857 998 857 562 870 542 859 540 859 538 859 473 859 471 859 469 859 429 872 209 861 207 861 205 861 203 861 190 874 126 874 128 930"/></Shape>
	    <String CONTENT="⁊ la circoncision/ ⁊ le sabbat sont acõplis spi-"
                    HPOS="126"
                    VPOS="855"
                    WIDTH="1381"
                    HEIGHT="107"
                    WC="0.9942126067317262"></String>
          </TextLine>
          <TextLine ID="eSc_line_9623ab5a"
                    TAGREFS="LT8"
                    BASELINE="132 1011 1508 1011" 
                    HPOS="130"
                    VPOS="950"
                    WIDTH="1377"
                    HEIGHT="80">
            <Shape><Polygon POINTS="130 1009 130 1030 1507 1030 1507 1009 1507 950 130 950 130 1009"/></Shape>
	    <String CONTENT="rituellement.? Et ce que nous mettons aucu¬"
                    HPOS="130"
                    VPOS="950"
                    WIDTH="1377"
                    HEIGHT="80"
                    WC="0.9892768707386282"></String>
          </TextLine>
          <TextLine ID="eSc_line_1423f88e"
                    TAGREFS="LT8"
                    BASELINE="132 1094 1506 1089" 
                    HPOS="127"
                    VPOS="1015"
                    WIDTH="1377"
                    HEIGHT="101">
            <Shape><Polygon POINTS="130 1092 130 1116 1504 1110 1504 1086 1498 1030 838 1015 835 1015 832 1015 829 1015 805 1030 222 1018 220 1018 127 1033 130 1092"/></Shape>
	    <String CONTENT="nesfoys en lescripture/ aliance pour testamẽt:"
                    HPOS="127"
                    VPOS="1015"
                    WIDTH="1377"
                    HEIGHT="101"
                    WC="0.9848111703040752"></String>
          </TextLine>
          <TextLine ID="eSc_line_352185c5"
                    TAGREFS="LT8"
                    BASELINE="126 1177 1497 1172" 
                    HPOS="121"
                    VPOS="1107"
                    WIDTH="1374"
                    HEIGHT="101">
            <Shape><Polygon POINTS="124 1175 124 1208 1492 1199 1495 1169 1486 1107 121 1113 124 1175"/></Shape>
	    <String CONTENT="cela est selon la uerite Hebraicque: cõbien que"
                    HPOS="121"
                    VPOS="1107"
                    WIDTH="1374"
                    HEIGHT="101"
                    WC="0.9905461383362612"></String>
          </TextLine>
          <TextLine ID="eSc_line_dd3b5aac"
                    TAGREFS="LT8"
                    BASELINE="120 1260 1495 1255" 
                    HPOS="115"
                    VPOS="1184"
                    WIDTH="1377"
                    HEIGHT="101">
            <Shape><Polygon POINTS="118 1258 118 1282 1486 1285 1492 1252 1483 1184 115 1196 118 1258"/></Shape>
	    <String CONTENT="testament est bien appelle paction ou aliance:"
                    HPOS="115"
                    VPOS="1184"
                    WIDTH="1377"
                    HEIGHT="101"
                    WC="0.9915103057156438"></String>
          </TextLine>
          <TextLine ID="eSc_line_3337d88e"
                    TAGREFS="LT8"
                    BASELINE="120 1344 1499 1339" 
                    HPOS="115"
                    VPOS="1273"
                    WIDTH="1383"
                    HEIGHT="92">
            <Shape><Polygon POINTS="118 1342 118 1365 1495 1362 1498 1336 1489 1273 115 1276 118 1342"/></Shape>
	    <String CONTENT="car la uolunte ⁊ la testation de ceulx qui font"
                    HPOS="115"
                    VPOS="1273"
                    WIDTH="1383"
                    HEIGHT="92"
                    WC="0.9920266334046709"></String>
          </TextLine>
          <TextLine ID="eSc_line_5cad78ca"
                    TAGREFS="LT8"
                    BASELINE="120 1427 1489 1422" 
                    HPOS="115"
                    VPOS="1348"
                    WIDTH="1371"
                    HEIGHT="106">
            <Shape><Polygon POINTS="118 1425 118 1454 1483 1454 1486 1419 1480 1362 1394 1348 1391 1348 1388 1348 1385 1348 1364 1362 1361 1365 1204 1365 1201 1362 1177 1348 1174 1348 1171 1348 1168 1348 1165 1348 1162 1348 1162 1350 1147 1362 1147 1365 1138 1365 1013 1365 975 1348 972 1348 969 1348 897 1362 826 1348 823 1348 820 1348 817 1348 790 1365 344 1350 341 1350 338 1350 300 1365 142 1350 139 1350 136 1350 133 1350 115 1362 118 1425"/></Shape>
	    <String CONTENT="laliance ou paction est contenue en ce testa¬"
                    HPOS="115"
                    VPOS="1348"
                    WIDTH="1371"
                    HEIGHT="106"
                    WC="0.9941522664493985"></String>
          </TextLine>
          <TextLine ID="eSc_line_baf67f52"
                    TAGREFS="LT8"
                    BASELINE="116 1512 1487 1509" 
                    HPOS="112"
                    VPOS="1428"
                    WIDTH="1374"
                    HEIGHT="112">
            <Shape><Polygon POINTS="115 1511 115 1540 1483 1532 1486 1508 1477 1428 1403 1445 112 1445 115 1511"/></Shape>
	    <String CONTENT="ment. Quant Israel fut mene hors degipte/"
                    HPOS="112"
                    VPOS="1428"
                    WIDTH="1374"
                    HEIGHT="112"
                    WC="0.9880850722150105"></String>
          </TextLine>
          <TextLine ID="eSc_line_bf2d1ae4"
                    TAGREFS="LT8"
                    BASELINE="116 1597 1508 1587" 
                    HPOS="114"
                    VPOS="1520"
                    WIDTH="1394"
                    HEIGHT="107">
            <Shape><Polygon POINTS="116 1597 116 1615 152 1627 154 1627 156 1627 324 1625 326 1625 350 1615 556 1625 558 1625 663 1611 675 1611 677 1611 695 1623 697 1623 699 1623 701 1625 768 1625 768 1623 770 1623 772 1623 788 1611 800 1623 802 1623 804 1623 805 1625 851 1625 851 1623 853 1623 855 1623 869 1611 912 1611 914 1611 934 1623 936 1623 938 1623 940 1623 1007 1609 1013 1609 1025 1609 1148 1619 1150 1619 1221 1607 1231 1607 1249 1607 1404 1619 1406 1619 1407 1619 1409 1619 1423 1609 1445 1619 1447 1619 1449 1619 1507 1605 1508 1587 1505 1532 1249 1520 1247 1520 1245 1520 1200 1532 1002 1522 1000 1522 998 1522 946 1534 673 1524 671 1524 669 1524 641 1536 457 1526 455 1526 453 1526 451 1526 439 1536 394 1526 392 1526 390 1526 362 1538 148 1528 146 1528 144 1528 114 1540 116 1597"/></Shape>
	    <String CONTENT="il y auoit si grande familiarite entre dieu ⁊ le"
                    HPOS="114"
                    VPOS="1520"
                    WIDTH="1394"
                    HEIGHT="107"
                    WC="0.9995831064879894"></String>
          </TextLine>
          <TextLine ID="eSc_line_7741ebab"
                    TAGREFS="LT8"
                    BASELINE="120 1680 1518 1670" 
                    HPOS="115"
                    VPOS="1606"
                    WIDTH="1401"
                    HEIGHT="98">
            <Shape><Polygon POINTS="118 1677 118 1701 1486 1704 1489 1704 1492 1704 1495 1704 1516 1689 1516 1668 1510 1609 115 1606 118 1677"/></Shape>
	    <String CONTENT="peuple: que il est dit que dieu pirat ueue main/"
                    HPOS="115"
                    VPOS="1606"
                    WIDTH="1401"
                    HEIGHT="98"
                    WC="0.9911733108262221"></String>
          </TextLine>
          <TextLine ID="eSc_line_cd7fd870"
                    TAGREFS="LT8"
                    BASELINE="128 1763 784 1751 1530 1754" 
                    HPOS="124"
                    VPOS="1689"
                    WIDTH="1404"
                    HEIGHT="98">
            <Shape><Polygon POINTS="127 1760 127 1778 1162 1787 1165 1787 1525 1769 1528 1751 1522 1689 124 1695 127 1760"/></Shape>
	    <String CONTENT="⁊ leur donna ualiance ou paction/ que iceulx"
                    HPOS="124"
                    VPOS="1689"
                    WIDTH="1404"
                    HEIGHT="98"
                    WC="0.9895773828029633"></String>
          </TextLine>
          <TextLine ID="eSc_line_52c9d562"
                    TAGREFS="LT8"
                    BASELINE="132 1844 932 1834 1503 1838" 
                    HPOS="127"
                    VPOS="1757"
                    WIDTH="1374"
                    HEIGHT="119">
            <Shape><Polygon POINTS="130 1843 130 1876 1501 1855 1501 1837 1498 1766 1064 1757 1061 1757 820 1772 781 1775 775 1775 740 1760 737 1760 734 1760 648 1775 645 1775 600 1760 597 1760 594 1760 419 1778 413 1778 407 1778 303 1763 300 1763 127 1781 130 1843"/></Shape>
	    <String CONTENT="rompirent: et pourtant les li a le seigneu/"
                    HPOS="127"
                    VPOS="1757"
                    WIDTH="1374"
                    HEIGHT="119"
                    WC="0.9729583443597306"></String>
          </TextLine>
          <TextLine ID="eSc_line_1740efc6"
                    TAGREFS="LT8"
                    BASELINE="128 1927 948 1918 1490 1921" 
                    HPOS="124"
                    VPOS="1843"
                    WIDTH="1365"
                    HEIGHT="107">
            <Shape><Polygon POINTS="127 1926 127 1944 1486 1950 1489 1918 1486 1855 1150 1843 1147 1843 1061 1858 1058 1858 1055 1858 995 1843 993 1843 990 1843 862 1858 841 1843 838 1843 835 1843 832 1843 829 1843 826 1843 802 1861 799 1861 796 1861 633 1846 630 1846 627 1846 579 1861 502 1846 499 1846 496 1846 493 1846 469 1864 469 1867 460 1867 362 1867 347 1852 347 1849 344 1849 341 1849 172 1849 169 1849 166 1849 124 1864 127 1926"/></Shape>
	    <String CONTENT="Mais en Leuangile maintenant/ apres la"
                    HPOS="124"
                    VPOS="1843"
                    WIDTH="1365"
                    HEIGHT="107"
                    WC="0.9997278906797108"></String>
          </TextLine>
          <TextLine ID="eSc_line_69a2d61e"
                    TAGREFS="LT8"
                    BASELINE="114 2013 782 2003 1487 2004" 
                    HPOS="110"
                    VPOS="1932"
                    WIDTH="1376"
                    HEIGHT="98">
            <Shape><Polygon POINTS="112 2010 112 2030 1483 2022 1486 2001 1480 1932 110 1941 112 2010"/></Shape>
	    <String CONTENT="croix/ ⁊ la resurrection/ ⁊ lascension/ promet"
                    HPOS="110"
                    VPOS="1932"
                    WIDTH="1376"
                    HEIGHT="98"
                    WC="0.9822610564853834"></String>
          </TextLine>
          <TextLine ID="eSc_line_0a852c63"
                    TAGREFS="LT8"
                    BASELINE="114 2090 1489 2082" 
                    HPOS="112"
                    VPOS="2021"
                    WIDTH="1377"
                    HEIGHT="100">
            <Shape><Polygon POINTS="114 2090 114 2114 332 2121 334 2121 398 2112 415 2110 419 2112 429 2119 431 2119 433 2119 435 2121 538 2121 538 2119 590 2110 607 2108 623 2110 669 2119 671 2119 673 2119 675 2119 691 2110 695 2108 704 2110 756 2119 758 2119 760 2119 792 2108 802 2106 813 2108 855 2118 857 2118 992 2108 1015 2106 1023 2106 1075 2118 1077 2118 1079 2118 1081 2118 1093 2106 1095 2106 1106 2106 1263 2116 1265 2116 1267 2116 1310 2104 1314 2104 1322 2104 1437 2116 1439 2116 1441 2116 1489 2102 1489 2082 1483 2022 922 2032 899 2030 835 2021 833 2021 780 2030 764 2034 760 2032 750 2022 748 2022 746 2022 687 2022 685 2022 580 2034 572 2034 570 2034 558 2022 556 2022 554 2022 475 2022 473 2022 471 2022 441 2036 439 2036 421 2024 419 2024 417 2024 415 2024 287 2036 205 2024 203 2024 201 2024 172 2036 140 2024 138 2024 136 2024 134 2024 132 2024 112 2034 114 2090"/></Shape>
	    <String CONTENT="de dõner laliãce ou pactiõ/ non pas en tables"
                    HPOS="112"
                    VPOS="2021"
                    WIDTH="1377"
                    HEIGHT="100"
                    WC="0.9876564132670561"></String>
          </TextLine>
          <TextLine ID="eSc_line_20ad0274"
                    TAGREFS="LT8"
                    BASELINE="112 2177 1487 2169" 
                    HPOS="110"
                    VPOS="2106"
                    WIDTH="1377"
                    HEIGHT="97">
            <Shape><Polygon POINTS="112 2177 112 2197 247 2203 249 2203 251 2203 271 2197 291 2193 308 2197 330 2203 332 2203 334 2203 360 2197 384 2193 405 2197 433 2203 435 2203 465 2197 499 2191 510 2197 518 2201 520 2201 522 2203 639 2203 639 2201 687 2197 754 2191 764 2197 770 2201 772 2201 774 2201 776 2201 853 2197 990 2189 1031 2197 1047 2199 1049 2199 1051 2199 1053 2199 1055 2197 1065 2189 1089 2197 1097 2199 1099 2199 1101 2199 1116 2197 1166 2187 1485 2195 1487 2169 1483 2116 1120 2108 1118 2108 1116 2108 1091 2116 1083 2118 1075 2116 1033 2106 1031 2106 1029 2106 972 2116 964 2118 962 2116 950 2106 948 2106 946 2106 899 2106 897 2106 895 2106 867 2116 863 2118 863 2116 851 2106 849 2106 847 2106 802 2106 800 2106 798 2106 774 2116 714 2108 712 2108 710 2108 691 2118 685 2119 657 2118 572 2108 570 2108 568 2108 528 2118 516 2119 504 2118 459 2108 457 2108 390 2118 360 2121 324 2118 249 2110 247 2110 245 2110 211 2118 200 2121 192 2118 174 2110 172 2110 170 2110 110 2118 112 2177"/></Shape>
	    <String CONTENT="de pierres: mais es tables de chair au cueur."
                    HPOS="110"
                    VPOS="2106"
                    WIDTH="1377"
                    HEIGHT="97"
                    WC="0.9875989317893982"></String>
          </TextLine>
          <TextLine ID="eSc_line_f16aa66a"
                    TAGREFS="LT8"
                    BASELINE="120 2262 1491 2250" 
                    HPOS="118"
                    VPOS="2181"
                    WIDTH="1373"
                    HEIGHT="107">
            <Shape><Polygon POINTS="120 2262 120 2284 451 2278 485 2280 558 2288 560 2288 562 2288 564 2288 578 2280 586 2274 804 2274 851 2276 966 2284 968 2284 1083 2274 1110 2272 1132 2274 1241 2282 1243 2282 1245 2282 1277 2272 1281 2270 1285 2272 1301 2280 1303 2280 1305 2282 1423 2282 1423 2280 1489 2268 1491 2250 1487 2195 1285 2195 1249 2181 1247 2181 1245 2181 1243 2181 1241 2181 1219 2197 1114 2197 1071 2181 1069 2181 1067 2181 1065 2181 1029 2197 998 2185 996 2185 994 2185 903 2195 883 2183 881 2183 879 2183 877 2183 796 2199 744 2187 742 2187 740 2187 621 2199 566 2187 564 2187 362 2197 332 2189 330 2189 328 2189 326 2189 324 2189 310 2201 160 2189 158 2189 156 2189 118 2205 120 2262"/></Shape>
	    <String CONTENT="Et quãt le testamẽt du seigñr sera escript au"
                    HPOS="118"
                    VPOS="2181"
                    WIDTH="1373"
                    HEIGHT="107"
                    WC="0.9969777055084705"></String>
          </TextLine>
          <TextLine ID="eSc_line_3140d2d4"
                    TAGREFS="LT8"
                    BASELINE="120 2341 1491 2333" 
                    HPOS="118"
                    VPOS="2268"
                    WIDTH="1373"
                    HEIGHT="101">
            <Shape><Polygon POINTS="120 2341 120 2357 382 2369 384 2369 564 2359 651 2355 695 2359 756 2367 758 2367 760 2367 782 2359 794 2357 853 2361 938 2365 940 2365 942 2365 952 2361 966 2353 978 2361 988 2365 990 2365 992 2367 1077 2367 1077 2365 1148 2361 1307 2351 1350 2361 1358 2363 1360 2363 1362 2363 1364 2363 1366 2363 1366 2361 1382 2351 1404 2361 1407 2363 1409 2363 1411 2363 1489 2361 1491 2333 1487 2278 1384 2268 1382 2268 1380 2268 1352 2278 1344 2282 1237 2282 1233 2280 1204 2268 1202 2268 1200 2268 1198 2268 1196 2268 1184 2280 1182 2282 1114 2282 1110 2280 1099 2270 1097 2270 1095 2270 996 2270 994 2270 992 2270 990 2270 978 2282 976 2282 962 2282 845 2274 843 2274 744 2284 736 2284 734 2284 722 2272 720 2272 718 2272 716 2272 611 2282 560 2272 558 2272 556 2272 554 2272 536 2284 326 2274 324 2274 219 2286 176 2274 174 2274 172 2274 170 2274 118 2288 120 2341"/></Shape>
	    <String CONTENT="cueur des croyãs/ il ꝓmet quil sera leur dieu:"
                    HPOS="118"
                    VPOS="2268"
                    WIDTH="1373"
                    HEIGHT="101"
                    WC="0.998516450537012"></String>
          </TextLine>
          <TextLine ID="eSc_line_ebeda170"
                    TAGREFS="LT8"
                    BASELINE="118 2424 1485 2416" 
                    HPOS="116"
                    VPOS="2349"
                    WIDTH="1369"
                    HEIGHT="109">
            <Shape><Polygon POINTS="118 2424 118 2458 176 2456 178 2456 180 2456 180 2454 194 2442 213 2456 215 2456 217 2456 219 2456 221 2456 223 2456 239 2442 273 2452 275 2452 277 2452 279 2452 281 2452 297 2442 403 2442 455 2454 457 2454 459 2454 588 2440 643 2440 659 2452 659 2454 661 2454 663 2454 665 2454 667 2454 673 2452 706 2444 770 2452 798 2454 800 2454 802 2454 809 2450 833 2440 849 2450 851 2452 853 2452 855 2452 857 2452 859 2452 861 2452 863 2450 873 2444 881 2450 883 2452 885 2452 887 2452 889 2454 994 2454 994 2452 996 2452 998 2452 1002 2448 1019 2438 1089 2448 1110 2450 1112 2450 1132 2448 1192 2436 1231 2446 1249 2450 1251 2450 1253 2450 1483 2442 1485 2416 1481 2365 1415 2365 1398 2349 1396 2349 1394 2349 1392 2349 1314 2363 1281 2349 1279 2349 1202 2349 1200 2349 1134 2365 1130 2365 1128 2365 1099 2351 1097 2351 1005 2351 1004 2351 1002 2351 1000 2351 988 2361 940 2351 938 2351 936 2351 891 2365 889 2365 873 2351 871 2351 869 2351 867 2351 807 2365 796 2369 708 2369 703 2365 685 2353 683 2353 681 2353 592 2353 590 2353 588 2353 586 2353 586 2355 572 2365 570 2367 564 2365 518 2353 516 2353 514 2353 512 2353 469 2365 439 2355 437 2355 435 2355 433 2355 431 2355 417 2365 411 2369 392 2365 338 2355 336 2355 291 2365 267 2357 265 2357 263 2357 261 2357 259 2357 247 2365 239 2369 116 2367 118 2424"/></Shape>
	    <String CONTENT="⁊ que iceulx serõt son peuple: tellemẽt q̃ plus"
                    HPOS="116"
                    VPOS="2349"
                    WIDTH="1369"
                    HEIGHT="109"
                    WC="0.9901167750358582"></String>
          </TextLine>
          <TextLine ID="eSc_line_4bd98a3e"
                    TAGREFS="LT8"
                    BASELINE="110 2509 796 2498 1498 2501" 
                    HPOS="104"
                    VPOS="2428"
                    WIDTH="1391"
                    HEIGHT="101">
            <Shape><Polygon POINTS="107 2508 107 2523 1492 2529 1495 2500 1489 2428 104 2440 107 2508"/></Shape>
	    <String CONTENT="nullemẽt ne chercherõd des maoigres Iuiz/ ne"
                    HPOS="104"
                    VPOS="2428"
                    WIDTH="1391"
                    HEIGHT="101"
                    WC="0.9923187662725863"></String>
          </TextLine>
          <TextLine ID="eSc_line_d6a51a83"
                    TAGREFS="LT8"
                    BASELINE="114 2593 1516 2575" 
                    HPOS="112"
                    VPOS="2509"
                    WIDTH="1404"
                    HEIGHT="97">
            <Shape><Polygon POINTS="114 2593 114 2606 1514 2599 1516 2575 1510 2517 1219 2521 1213 2521 1144 2509 1142 2509 1140 2509 1087 2523 1085 2523 1057 2509 1055 2509 1053 2509 1051 2509 992 2525 988 2525 978 2525 879 2515 877 2515 875 2515 873 2515 863 2525 825 2513 823 2513 821 2513 819 2513 817 2513 817 2515 802 2527 802 2529 726 2529 720 2529 602 2515 600 2515 508 2531 489 2517 487 2517 485 2517 423 2517 421 2517 419 2517 417 2517 403 2529 314 2519 312 2519 235 2535 138 2521 136 2521 134 2521 132 2521 112 2533 114 2593"/></Shape>
	    <String CONTENT="les traditiõs ⁊ cõmandemẽs des hõmes: mais"
                    HPOS="112"
                    VPOS="2509"
                    WIDTH="1404"
                    HEIGHT="97"
                    WC="0.996205994616384"></String>
          </TextLine>
          <TextLine ID="eSc_line_bd6518a0"
                    TAGREFS="LT8"
                    BASELINE="120 2676 1516 2658" 
                    HPOS="118"
                    VPOS="2591"
                    WIDTH="1398"
                    HEIGHT="112">
            <Shape><Polygon POINTS="120 2676 120 2694 211 2703 213 2703 273 2694 289 2692 320 2694 425 2701 427 2701 546 2692 609 2688 710 2688 716 2692 722 2697 724 2697 726 2697 728 2697 774 2692 809 2686 847 2690 887 2696 889 2696 891 2696 903 2690 916 2684 946 2690 966 2694 968 2694 1009 2690 1081 2682 1514 2686 1516 2658 1512 2602 1433 2591 1431 2591 1429 2591 1427 2591 1409 2602 1390 2602 1243 2602 1239 2602 1211 2591 1209 2591 1207 2591 1085 2602 1035 2606 1027 2602 1017 2595 1015 2595 1013 2595 940 2593 938 2593 875 2602 835 2608 804 2602 764 2595 762 2595 760 2595 758 2595 748 2602 736 2610 685 2602 641 2597 639 2597 586 2602 508 2612 457 2602 429 2599 427 2599 392 2602 354 2608 328 2602 312 2600 310 2600 308 2600 301 2602 269 2616 118 2604 120 2676"/></Shape>
	    <String CONTENT="seront enseignez du sainct esprit: uoire toutes¬"
                    HPOS="118"
                    VPOS="2591"
                    WIDTH="1398"
                    HEIGHT="112"
                    WC="0.9908750280737877"></String>
          </TextLine>
          <TextLine ID="eSc_line_bc6b3125"
                    TAGREFS="LT8"
                    BASELINE="122 2759 1108 2747 1496 2752" 
                    HPOS="118"
                    VPOS="2669"
                    WIDTH="1377"
                    HEIGHT="122">
            <Shape><Polygon POINTS="121 2758 121 2791 1495 2770 1495 2749 1489 2669 698 2690 618 2687 416 2678 413 2678 410 2678 371 2693 359 2681 359 2678 356 2678 353 2678 350 2678 187 2693 163 2678 160 2678 157 2678 154 2678 151 2678 118 2693 121 2758"/></Shape>
	    <String CONTENT="foys silz sõt dignes de ouyr.? Uous estes le tẽ"
                    HPOS="118"
                    VPOS="2669"
                    WIDTH="1377"
                    HEIGHT="122"
                    WC="0.9909232879171566"></String>
          </TextLine>
          <TextLine ID="eSc_line_433e8360"
                    TAGREFS="LT8"
                    BASELINE="110 2840 1480 2831" 
                    HPOS="104"
                    VPOS="2755"
                    WIDTH="1373"
                    HEIGHT="119">
            <Shape><Polygon POINTS="107 2838 107 2874 222 2859 1471 2862 1477 2829 1471 2770 1043 2755 1040 2755 1037 2755 1034 2755 1010 2770 1007 2773 104 2773 107 2838"/></Shape>
	    <String CONTENT="ple de dieu: et lesprit de dieu habite en uous."
                    HPOS="104"
                    VPOS="2755"
                    WIDTH="1373"
                    HEIGHT="119"
                    WC="0.9945942087376372"></String>
          </TextLine>
          <TextLine ID="eSc_line_95842857"
                    TAGREFS="LT8"
                    BASELINE="110 2927 1097 2917 1476 2919" 
                    HPOS="104"
                    VPOS="2838"
                    WIDTH="1370"
                    HEIGHT="143">
            <Shape><Polygon POINTS="107 2924 107 2972 175 2978 214 2957 309 2978 312 2981 538 2981 538 2978 600 2960 633 2969 677 2975 710 2954 749 2975 755 2975 975 2951 1144 2951 1192 2972 1302 2954 1326 2972 1337 2972 1409 2948 1468 2957 1474 2918 1471 2853 1061 2838 963 2856 945 2841 930 2841 909 2856 909 2859 695 2859 567 2841 478 2859 386 2844 255 2859 145 2844 104 2862 107 2924"/></Shape>
	    <String CONTENT="Mais lesprit inspire la ou il ueult/ ⁊ a di¬"
                    HPOS="104"
                    VPOS="2838"
                    WIDTH="1370"
                    HEIGHT="143"
                    WC="0.9966375543312593"></String>
          </TextLine>
        </TextBlock>
        <TextBlock HPOS="338"
                   VPOS="121"
                   WIDTH="1133"
                   HEIGHT="154"
                   ID="eSc_textblock_009a3908"
                   TAGREFS="BT18">
          <Shape><Polygon POINTS="338 121 338 275 1471 275 1471 121"/></Shape>
          <TextLine ID="eSc_line_2de20647"
                    TAGREFS="LT10"
                    BASELINE="344 229 1465 245" 
                    HPOS="338"
                    VPOS="115"
                    WIDTH="1124"
                    HEIGHT="164">
            <Shape><Polygon POINTS="338 246 407 267 627 252 654 270 663 270 775 249 841 273 850 273 891 252 984 252 1111 276 1120 276 1147 255 1207 276 1293 258 1337 279 1343 279 1459 255 1462 243 1462 142 1444 121 1248 133 1088 118 1028 133 975 115 963 115 930 139 915 139 657 124 597 136 570 115 558 115 520 133 457 115 445 115 428 133 341 133 341 228"/></Shape>
	    <String CONTENT="Mosaicque. Chap̃.i."
                    HPOS="338"
                    VPOS="115"
                    WIDTH="1124"
                    HEIGHT="164"
                    WC="0.9747262220633658"></String>
          </TextLine>
        </TextBlock>
        <TextBlock HPOS="1586"
                   VPOS="144"
                   WIDTH="128"
                   HEIGHT="108"
                   ID="eSc_textblock_852ed33b"
                   TAGREFS="BT15">
          <Shape><Polygon POINTS="1586 144 1586 252 1714 252 1714 144"/></Shape>
          <TextLine ID="eSc_line_95a2be3c"
                    TAGREFS="LT8"
                    BASELINE="1590 223 1705 227" 
                    HPOS="1588"
                    VPOS="144"
                    WIDTH="117"
                    HEIGHT="111">
            <Shape><Polygon POINTS="1691 144 1651 144 1631 146 1611 146 1590 148 1590 223 1588 241 1647 255 1649 255 1703 245 1705 227 1705 156 1691 144"/></Shape>
	    <String CONTENT="6b"
                    HPOS="1588"
                    VPOS="144"
                    WIDTH="117"
                    HEIGHT="111"
                    WC="1.0"></String>
          </TextLine>
        </TextBlock>
        <TextBlock HPOS="1498"
                   VPOS="936"
                   WIDTH="314"
                   HEIGHT="616"
                   ID="eSc_textblock_5c7dcb83"
                   TAGREFS="BT13">
          <Shape><Polygon POINTS="1522 936 1498 1540 1649 1552 1812 1534 1803 1457 1705 1444 1777 1289 1777 1279 1777 941"/></Shape>
          <TextLine ID="eSc_line_b3844154"
                    TAGREFS="LT8"
                    BASELINE="1532 1011 1768 1011" 
                    HPOS="1531"
                    VPOS="911"
                    WIDTH="235"
                    HEIGHT="134">
            <Shape><Polygon POINTS="1531 1009 1531 1045 1766 1045 1766 1009 1763 914 1641 929 1620 923 1566 911 1563 911 1560 911 1557 911 1554 911 1531 926 1531 1009"/></Shape>
	    <String CONTENT="Quelle"
                    HPOS="1531"
                    VPOS="911"
                    WIDTH="235"
                    HEIGHT="134"
                    WC="0.9999804695447286"></String>
          </TextLine>
          <TextLine ID="eSc_line_4d29a8d8"
                    TAGREFS="LT8"
                    BASELINE="1540 1089 1716 1088" 
                    HPOS="1537"
                    VPOS="1027"
                    WIDTH="178"
                    HEIGHT="95">
            <Shape><Polygon POINTS="1537 1086 1537 1122 1715 1113 1715 1086 1715 1027 1537 1027 1537 1086"/></Shape>
	    <String CONTENT="chose"
                    HPOS="1537"
                    VPOS="1027"
                    WIDTH="178"
                    HEIGHT="95"
                    WC="0.9999878883361817"></String>
          </TextLine>
          <TextLine ID="eSc_line_816a4122"
                    TAGREFS="LT8"
                    BASELINE="1526 1172 1764 1171" 
                    HPOS="1525"
                    VPOS="1098"
                    WIDTH="238"
                    HEIGHT="110">
            <Shape><Polygon POINTS="1525 1169 1525 1208 1763 1196 1763 1169 1763 1101 1525 1098 1525 1169"/></Shape>
	    <String CONTENT="cest/ te¬"
                    HPOS="1525"
                    VPOS="1098"
                    WIDTH="238"
                    HEIGHT="110"
                    WC="0.9950703581174215"></String>
          </TextLine>
          <TextLine ID="eSc_line_9180e00a"
                    TAGREFS="LT8"
                    BASELINE="1524 1255 1766 1254" 
                    HPOS="1522"
                    VPOS="1178"
                    WIDTH="241"
                    HEIGHT="116">
            <Shape><Polygon POINTS="1522 1252 1522 1294 1763 1285 1763 1252 1760 1178 1522 1190 1522 1252"/></Shape>
	    <String CONTENT="stament"
                    HPOS="1522"
                    VPOS="1178"
                    WIDTH="241"
                    HEIGHT="116"
                    WC="0.999999863760812"></String>
          </TextLine>
          <TextLine ID="eSc_line_7e73d88b"
                    TAGREFS="LT8"
                    BASELINE="1514 1339 1742 1338" 
                    HPOS="1513"
                    VPOS="1276"
                    WIDTH="226"
                    HEIGHT="83">
            <Shape><Polygon POINTS="1513 1336 1513 1359 1739 1359 1739 1336 1736 1276 1513 1282 1513 1336"/></Shape>
	    <String CONTENT="ou pa¬"
                    HPOS="1513"
                    VPOS="1276"
                    WIDTH="226"
                    HEIGHT="83"
                    WC="0.9390083352724711"></String>
          </TextLine>
          <TextLine ID="eSc_line_9815b9d3"
                    TAGREFS="LT8"
                    BASELINE="1510 1422 1689 1421" 
                    HPOS="1507"
                    VPOS="1365"
                    WIDTH="181"
                    HEIGHT="92">
            <Shape><Polygon POINTS="1507 1419 1507 1451 1685 1457 1688 1419 1685 1365 1507 1365 1507 1419"/></Shape>
	    <String CONTENT="ction."
                    HPOS="1507"
                    VPOS="1365"
                    WIDTH="181"
                    HEIGHT="92"
                    WC="0.9955045382181803"></String>
          </TextLine>
          <TextLine ID="eSc_line_ca44928f"
                    TAGREFS="LT8"
                    BASELINE="1506 1509 1800 1508" 
                    HPOS="1501"
                    VPOS="1451"
                    WIDTH="297"
                    HEIGHT="98">
            <Shape><Polygon POINTS="1504 1508 1504 1549 1798 1532 1798 1505 1789 1451 1501 1454 1504 1508"/></Shape>
	    <String CONTENT="2.reg.23a"
                    HPOS="1501"
                    VPOS="1451"
                    WIDTH="297"
                    HEIGHT="98"
                    WC="0.9970833129352994"></String>
          </TextLine>
        </TextBlock>
        <TextBlock HPOS="1503"
                   VPOS="1602"
                   WIDTH="321"
                   HEIGHT="428"
                   ID="eSc_textblock_7f705509"
                   TAGREFS="BT13">
          <Shape><Polygon POINTS="1545 1602 1539 1649 1544 1753 1516 1820 1515 1825 1507 1879 1503 2027 1786 2030 1824 1610"/></Shape>
          <TextLine ID="eSc_line_77fcf38e"
                    TAGREFS="LT8"
                    BASELINE="1552 1670 1811 1668" 
                    HPOS="1548"
                    VPOS="1585"
                    WIDTH="262"
                    HEIGHT="119">
            <Shape><Polygon POINTS="1551 1668 1551 1704 1807 1695 1810 1665 1795 1585 1760 1609 1673 1609 1644 1600 1587 1585 1584 1585 1581 1585 1578 1585 1575 1585 1548 1600 1551 1668"/></Shape>
	    <String CONTENT="Esa.33.b"
                    HPOS="1548"
                    VPOS="1585"
                    WIDTH="262"
                    HEIGHT="119"
                    WC="0.9999896883964539"></String>
          </TextLine>
          <TextLine ID="eSc_line_d5f1ac52"
                    TAGREFS="LT8"
                    BASELINE="1552 1754 1802 1755" 
                    HPOS="1548"
                    VPOS="1683"
                    WIDTH="253"
                    HEIGHT="104">
            <Shape><Polygon POINTS="1551 1751 1548 1787 1798 1784 1801 1754 1798 1692 1551 1683 1551 1751"/></Shape>
	    <String CONTENT="hier.11.b."
                    HPOS="1548"
                    VPOS="1683"
                    WIDTH="253"
                    HEIGHT="104"
                    WC="0.999984085559845"></String>
          </TextLine>
          <TextLine ID="eSc_line_baa37451"
                    TAGREFS="LT8"
                    BASELINE="1522 1838 1756 1840" 
                    HPOS="1519"
                    VPOS="1772"
                    WIDTH="235"
                    HEIGHT="104">
            <Shape><Polygon POINTS="1519 1837 1519 1876 1754 1870 1754 1837 1754 1772 1519 1772 1519 1837"/></Shape>
	    <String CONTENT="eze.16.g"
                    HPOS="1519"
                    VPOS="1772"
                    WIDTH="235"
                    HEIGHT="104"
                    WC="0.9395185336470604"></String>
          </TextLine>
          <TextLine ID="eSc_line_5ed37857"
                    TAGREFS="LT8"
                    BASELINE="1511 1921 1780 1922" 
                    HPOS="1507"
                    VPOS="1849"
                    WIDTH="270"
                    HEIGHT="98">
            <Shape><Polygon POINTS="1510 1918 1507 1947 1774 1941 1777 1921 1769 1849 1721 1864 1670 1852 1650 1849 1647 1849 1510 1858 1510 1918"/></Shape>
	    <String CONTENT="mala.2b"
                    HPOS="1507"
                    VPOS="1849"
                    WIDTH="270"
                    HEIGHT="98"
                    WC="0.9999489273343768"></String>
          </TextLine>
          <TextLine ID="eSc_line_b4f79ca9"
                    TAGREFS="LT8"
                    BASELINE="1514 2004 1778 2005" 
                    HPOS="1510"
                    VPOS="1950"
                    WIDTH="267"
                    HEIGHT="80">
            <Shape><Polygon POINTS="1513 2001 1510 2027 1771 2030 1777 2004 1774 1950 1513 1950 1513 2001"/></Shape>
	    <String CONTENT="2.corĩ.3.a"
                    HPOS="1510"
                    VPOS="1950"
                    WIDTH="267"
                    HEIGHT="80"
                    WC="0.990155041217804"></String>
          </TextLine>
        </TextBlock>
        <TextBlock HPOS="1516"
                   VPOS="2444"
                   WIDTH="281"
                   HEIGHT="83"
                   ID="eSc_textblock_00d3cb5c"
                   TAGREFS="BT13">
          <Shape><Polygon POINTS="1516 2444 1516 2527 1797 2527 1797 2444"/></Shape>
          <TextLine ID="eSc_line_06afa818"
                    TAGREFS="LT8"
                    BASELINE="1522 2501 1792 2502" 
                    HPOS="1519"
                    VPOS="2419"
                    WIDTH="270"
                    HEIGHT="128">
            <Shape><Polygon POINTS="1519 2500 1519 2526 1786 2547 1789 2500 1789 2431 1519 2419 1519 2500"/></Shape>
	    <String CONTENT="mat.15.a"
                    HPOS="1519"
                    VPOS="2419"
                    WIDTH="270"
                    HEIGHT="128"
                    WC="0.9999717846512794"></String>
          </TextLine>
        </TextBlock>
        <TextBlock HPOS="1493"
                   VPOS="2689"
                   WIDTH="278"
                   HEIGHT="248"
                   ID="eSc_textblock_eef61acd"
                   TAGREFS="BT13">
          <Shape><Polygon POINTS="1503 2689 1493 2936 1771 2937 1771 2697"/></Shape>
          <TextLine ID="eSc_line_1e597d5c"
                    TAGREFS="LT8"
                    BASELINE="1510 2752 1766 2755" 
                    HPOS="1504"
                    VPOS="2657"
                    WIDTH="259"
                    HEIGHT="131">
            <Shape><Polygon POINTS="1507 2749 1504 2773 1757 2788 1763 2752 1763 2681 1608 2657 1605 2657 1507 2678 1507 2749"/></Shape>
	    <String CONTENT="1.Corĩ.3."
                    HPOS="1504"
                    VPOS="2657"
                    WIDTH="259"
                    HEIGHT="131"
                    WC="0.9988077342510223"></String>
          </TextLine>
          <TextLine ID="eSc_line_363e4615"
                    TAGREFS="LT8"
                    BASELINE="1502 2831 1716 2830" 
                    HPOS="1501"
                    VPOS="2758"
                    WIDTH="214"
                    HEIGHT="101">
            <Shape><Polygon POINTS="1501 2829 1501 2859 1715 2853 1715 2829 1712 2764 1590 2776 1501 2758 1501 2829"/></Shape>
	    <String CONTENT="d. ⁊.6.d"
                    HPOS="1501"
                    VPOS="2758"
                    WIDTH="214"
                    HEIGHT="101"
                    WC="0.9864322617650032"></String>
          </TextLine>
          <TextLine ID="eSc_line_d5049b50"
                    TAGREFS="LT8"
                    BASELINE="1498 2919 1762 2921" 
                    HPOS="1495"
                    VPOS="2865"
                    WIDTH="265"
                    HEIGHT="104">
            <Shape><Polygon POINTS="1495 2918 1495 2951 1605 2969 1608 2969 1760 2954 1760 2918 1757 2865 1495 2865 1495 2918"/></Shape>
	    <String CONTENT="2.cor.6.d"
                    HPOS="1495"
                    VPOS="2865"
                    WIDTH="265"
                    HEIGHT="104"
                    WC="0.999973800447252"></String>
          </TextLine>
        </TextBlock>
        <TextBlock HPOS="958"
                   VPOS="2943"
                   WIDTH="527"
                   HEIGHT="94"
                   ID="eSc_textblock_bf0146ff"
                   TAGREFS="BT17">
          <Shape><Polygon POINTS="958 2943 958 3037 1485 3037 1485 2943"/></Shape>
          <TextLine ID="eSc_line_1f05598b"
                    TAGREFS="LT8"
                    BASELINE="968 3012 1162 3006 1481 3006" 
                    HPOS="963"
                    VPOS="2924"
                    WIDTH="517"
                    HEIGHT="143">
            <Shape><Polygon POINTS="966 3010 966 3067 1055 3049 1141 3067 1218 3049 1317 3067 1412 3043 1477 3049 1480 3004 1477 2936 1397 2924 1331 2948 1311 2933 1296 2933 1263 2957 1174 2957 1120 2927 1111 2927 1070 2948 1064 2954 1061 2948 1037 2930 1037 2927 978 2927 978 2930 963 2942 966 3010"/></Shape>
	    <String CONTENT="I .ii uerses"
                    HPOS="963"
                    VPOS="2924"
                    WIDTH="517"
                    HEIGHT="143"
                    WC="0.9950155963500341"></String>
          </TextLine>
        </TextBlock>
      </PrintSpace>
    </Page>
  </Layout>
</alto>
