2211 3563
380 279 279 109 La con¬

371 374 288 121 Enoissã¬

377 463 273 89 ce ð dieu

377 546 273 92 hiere.5.b

380 627 269 89 Heb.8.d

380 700 247 101 Ps̈.18.b

377 792 232 104 La loy

368 887 253 95 du seigͬ

350 964 277 101 faict con

341 1039 202 101 uertir

338 1125 294 133 les ames

677 288 1373 130 uerses graces.? Et la cõgnoissanee dung seul

677 374 1388 124 dieu est la possession de toutes uertus. Et ce

677 466 1370 115 sera faict (dit il) poͬce q̃ ie seray ꝓpice a leͬ ini

677 561 1334 98 quite: ⁊ naur ay plus memorre de leur peche.

738 641 1314 117 ¶ Bernard au Chartroux en la .xi. epistre.

659 709 1394 134 ¶ La loy du seigneur est sans macule faisãt

641 813 1406 113 retour ner les ames/ de que icelle est la seulle/

641 878 1412 128 qui peult faire destourner le couraige de la¬

650 973 1391 116 mour de soymesme ⁊ du monde/ ⁊ ladresser en

659 1048 1382 124 dieu. Car aussi lmou ou la crnime de qͥ̃lque

650 1128 1391 119 hõme ne faict pas retourner lame. Elles chã¬

633 1225 1407 111 gẽt biẽ aucunesfoys le uicare ou loeuure par

631 1304 1403 105 dehors: mais iamais ne changent Uoection.

651 1385 1399 111 Car aussi le serf faict aucunesfoys loeuure de

665 1466 1391 113 dieu: mais pour ce quil ne le faict pas libre¬

669 1551 1381 115 mẽt/ il est cõuaincu de demourer encore en sa

671 1637 1377 110 seruitude. Le mercenaire aussi le faict: mais

669 1718 1385 112 pour ce quil ne le faict pas pour neãt: il est cõ

659 1805 1397 113 gneu estre attire par sa propre concupiscence.

649 1882 1403 121 Car la ou il y a ꝓpriete/ la ya il singularite.

637 1967 1415 113 Et la ou il y a singularite/ la y a quelque an¬

649 2048 1405 115 glet. Et la ou est tanglet/ la sans doubte sont

665 2131 1385 122 les ordures ⁊ les esrouilhures. Darquoy au

683 2206 1364 121 serf/ sa loy est la crainte par laquelle il est con

671 2304 1381 108 traĩt. Au mercenaire/ sa ocupiscẽce est sa loy/

665 2383 1395 113 par laq̃lle aussi cestuy est tenu/ quãt par la tẽ¬

665 2466 1395 113 tation dicelle il est tire ⁊ incite. Mais nulle di

663 2547 1395 117 celles nest sans macule/ et nulle dicelles ne

681 2634 1373 111 peult faire conuertir les ames. Mais la cha¬

680 2704 1382 131 rite conuertist les ames: lesquelles aussi les

671 2802 1385 111 faict uoluntaires. Mais iay dit que i celle est

663 2884 1395 128 sans macule en celuy/ qui na acoustume de

1125 166 408 140 De la loy

356 2125 259 101 Iob.7.a

368 2220 291 107 Ioã.10.c

356 2615 291 110 1.Io.5.a

365 2707 288 116 Psal.18.

1862 2992 194 101 riens
