2212 3563
184 378 1354 101 riẽs resenir a luy comme son propre. Et celuy

192 469 1348 91 quin a riens de propre: ueritablemẽt tout ce qͥl

186 544 1354 103 a est de dieu. Et ce qui est de dieu/ ne peult estre

178 629 1365 95 souille.? Parquoy la loy du seigneur qui est

157 712 1386 92 sans macule/ cest charite: laquelle ne cherche

154 783 1389 104 pas ce quil luy est utile/ mais ce qui est utile

157 878 1386 101 a plusieurs. Et est appellee la loy du seigneͬ:

166 947 1377 110 de ce quil uit dicelle: ou que nul ne la peult

154 1030 1389 116 auoir sinon par le don diceluy. Et q̃ ce ne sem

148 1125 1395 107 ble pas estre estrange/ que iay dit/ que aussi

154 1201 1384 105 dieu uit de la loy: quãt ie nay dit de nulle au¬

154 1279 1394 101 tre que de charite.? Car quelle chose garde ce

157 1362 1386 107 ste grande ⁊ ineffable unite/ en ceste souuerai¬

154 1445 1392 113 ne ⁊ beatifiee Trinite/ sinõ charite? Cest dõc¬

160 1536 1410 106 ques la loy/ uoire la loy du seigneur qͥ est cha

160 1627 1422 91 rite: laq̃lle aucunemenat dient ercemule la Tri

168 1700 1408 103 nite en unite/ ⁊ les assẽble par le lien de paix.

180 1785 1378 105 Que nul toutes soys /eeeare se preng̃e

162 1868 1388 103 icy charite pour aucune qualite/ ou poͬ quel¬

154 1951 1398 97 que accident: car autrement ie diroye (ce quil

150 2034 1400 99 nest pas) quil y auroit quelque chose en dieu

154 2119 1388 101 qui ne seroit pas dieu: mais prens charite poͬ

160 2201 1390 105 ceste substance diuine ce que urayement nest

166 2284 1380 105 riẽs de nouueau ne cõtre la coustume de ainsi

160 2354 1388 116 le prẽdre/ cõme dit sainct Iehã.4 Dieu est cha

154 2449 1418 104 rite.? Parquoy charite est uudement appellee

154 2517 1415 107 dieu/ ⁊ le don de dieu. Et ainsi charite donne

157 2603 1400 119 charite. Icelle est la loy eternelle qui a cree ⁊ qͥ

163 2690 1377 103 gouuerne toutes choses. Et aussi toutes cho

160 2773 1374 113 ses sõt faictes par icelle/ en pois/ en nombre/ ⁊

151 2856 1392 104 en mesure: ⁊ riẽs nest delaisse sãs loy: ueu aus¬

162 2949 1386 113 si q̃ celle mesme qͥ est la loy de toutes choses/

386 207 1055 176 Mosaicque. Chap̃.ui.

1629 261 131 127 O7

1563 614 232 119 La loy

1560 700 250 116 de chari

1563 801 247 92 te ne de¬

1563 872 226 98 mande

1560 953 259 109 pas ce qͥl

1563 1054 244 101 luy ap¬

1563 1131 241 110 partiẽt.

1593 1279 208 110 Christ

1566 1371 280 101 aussi uit

1569 1448 277 128 de la loy

1575 2354 271 107 1.Io.4.b

1608 2455 235 92 Charite

1593 2532 244 113 est dieu ⁊

1575 2612 262 113 le don de

1566 2696 161 103 dieu.

1569 2776 226 130 Sapiẽ.

1569 2874 119 115 11.b.

972 3038 572 111 I .iii. nest pas
