2211 3563
1133 261 412 132 De la loy

685 397 1399 119 nest pas sans loy: non pas toutesfoys quelle

693 490 1379 99 soit par une autre loy que par elle mesme/ par

683 574 1395 104 laquelle elle se gouuerne soymesme. Mais le

669 657 1405 101 serf ⁊ le mercenaire ont une loy: non pas du

661 740 1415 105 seigñr: mais celle qͥlz ont faict a eulx mesmes:

659 825 1405 91 lung en non aymãt dieu/ ⁊ lautre aymãt au¬

667 904 1403 101 tre chose plus que dieu. Ilz ont doncques une

673 987 1389 101 loy/ non pas celle du seigneur: mais leur pro¬

669 1068 1389 105 pre loy: neantmoins sont subiectz a celle qͥ est

653 1152 1407 106 la loy du seigneur. Il est uerite que ung cha¬

645 1241 1411 97 scun peult faire une loy a soymesme: mais ne

647 1318 1403 99 peult tirer icelle loy hors de la subiection de

686 1392 1364 98 lordre incommuable de la loy eternelle. * Car

689 1475 1364 113 adonc dis ie que ung chascun a faict une loy

671 1570 1385 89 a soymesme: quãt il a prefere sa propre uolun

671 1644 1382 107 te/ a la cõmune ⁊ eternelle loy: uoulant mau¬

677 1733 1382 101 uaisement ensuiuir son createur/ tellemẽt que

669 1813 1389 101 cõme son createur est loy a soymesme ⁊ est en

667 1896 1393 109 sa liberte: aussi q̃ lhõe se gouuernast soymes¬

657 1981 1399 103 me ⁊ qͥl feist sa uolunte poͬ sa loy: laq̃lle cho¬

656 2066 1400 104 se urayement est ung grief ioug ⁊ importable

653 2145 1397 101 sur toꝰ les filz de Adã/ las qͥ encline ⁊ abaisse

645 2230 1401 101 tellement noz colz/ aussi q̃ nostre uie en est ap¬

628 2323 1430 93 prochee iusques en enfer. * Moy dõcq̃s poure

645 2397 1413 99 malheureux hõme/ qͥ me deliurera du corps de

651 2478 1395 103 ceste mort? Par leq̃l certainemẽt suis si oppref

657 2561 1395 103 se: q̃ si dieu ne me eut aide: mõ ame eut de brief

657 2642 1395 105 habite en enfer. Celuy se lamẽtoit cõme char¬

671 2734 1376 98 ge de ce fardeau/ qui disoit. * Pourquoy mas

653 2818 1393 97 tu mis contraire a toy: et me suis greue moy

643 2899 1401 97 mesme? Mon seigneur dieu/ pourquoy ne

643 2981 1407 118 oste te pas mon peche: ⁊ pourquoy ne oste tu

362 1392 297 110 Nous a¬

365 1478 303 98 uõs faict

383 1558 249 107 une loy

377 1653 238 95 a nous

371 1725 282 127 mesmes.

383 2033 232 125 Ro.4.c

378 2311 230 105 Ro.7.d

353 2698 277 137 Iob.7.d.

1870 3074 174 99 mon
