2212 3563
312 151 1100 166 Mosascque. Chap.ui.

115 285 1365 133 mon intrite: U affin q̃ en ostant le pesant fat¬

121 385 1347 113 deaudema propre uolunte/ ie puisse prendre

127 466 1341 124 mon halaine soubz le legier fardeau de chari¬

130 558 1347 121 te/ que ie ne soye plus contrainct de crainte

121 644 1350 110 saruile/ ne attire de concupiscence mercenaire

107 718 1355 113 mais q̃ ie soye ꝯduict par tõ esprit? par lesprit

106 809 1373 107 de liberte/ duquel sont cõduictz tes filz: lequel

110 886 1365 123 rẽde tesmoignage a mon esprit/ q̃ aussi ie suis

114 971 1367 121 lung des filz: quãt ie auray la mesme loy q̃ tu

108 1055 1369 118 as: ⁊ q̃ ie soye aussi en ce mõde/ cõe tu es? Car

108 1142 1365 112 urayement ceulx qui font ce que lapostre dit.

115 1217 1359 116 A Que uous ne soyez redebuables a persõne.

110 1304 1367 121 sinon q̃ de aymer lũg lautre: sans nulle doub¬

106 1387 1373 117 te/ cõme dieu est/ ainsi pareillemẽt sont ilz en

104 1478 1367 103 ce monde: ilz ne sont ne serfz ne mercenaires/

104 1559 1395 111 mais sont filz Parquoy aussi les filz ne (ont

112 1640 1400 117 pas Ians uou: le ce neE dedoi oduenture q̃lcun

112 1719 1395 110 en sente autremẽt a cause de ce qͥl est dit.7 La

112 1799 1368 122 loy nest pos me poͬ se /r/r̃.? Mars// siua

104 1885 1376 113 enfẽdre q̃ la loy qͥ est dõnee par lesprit de serui

104 1965 1370 128 tude en crainte/ est autre q̃ celle qͥ est dõnee par

107 2048 1376 119 lesprit de liberte en doulceͬ. Et les filz de dieu

107 2143 1376 113 ne sont pas cõtrainctz destre soubz la p̃miere:

116 2224 1371 119 mais ilz ne sõt iamais sans la secõde. Ueulx

124 2308 1363 116 tu ouur cõmẽt la loy nest pas mise poͬ les iu¬

118 2381 1377 127 stes?7 Uous nouez Uoint receu (dit il) dere¬

112 2462 1400 125 chief Le sprit de seruitude en crainte. Mais

120 2549 1398 125 ueulx tu ortpr q̃ toutessoys ne sont pas sans

121 2633 1392 107 la loy de charrte? Mais uous auez receu

121 2710 1377 119 (dit il) lesprit de ladoption des filz. Finabl¬¬

115 2793 1377 122 ment escoute le iuste/ qui cõ fesse lung ⁊ lautre

118 2888 1377 122 de soymesme: assauoir quil nest pas soubz la

1501 299 297 113 La ꝓpre

1504 383 309 112 uolrinte/

1489 472 250 109 est ung

1492 549 271 113 pesãt far

1498 641 166 89 deau.

1495 715 199 113 Ro.8.c

1551 181 134 109 68

1504 1190 235 131 Ro.13.c

1519 1692 267 128 1.ttm̃.1.b

1513 1805 226 104 La loy

1504 1879 267 110 de liber¬

1510 1959 244 113 te et de

1501 2054 250 104 seruitu¬

1507 2122 89 113 de.

1522 2378 232 116 Ro.8.c

1525 2621 238 116 Les bõs

1513 2704 241 110 ont la

1516 2791 232 112 loy de

1525 2877 226 115 charite.

982 2971 515 120 I .iiii. loy/ ⁊
