2211 3563
398 371 312 118 1.corĩ.9.c

725 300 1375 117 loy/ ⁊ toutesfoys il nest pas sans la loy.◊ Ie

737 388 1358 119 suis faict (dit il) a ceulx qͥ estoiẽt soubz la loy

709 475 1391 106 cõe si ie eusse este soubz la loy: la ou ie nestoye

695 558 1401 107 pas soubz la loy: a ceulx qͥ estoiẽt sans loy cõ

691 641 1405 109 me si ie eusse este sans loy/ cõbien q̃ ie ne fusse

693 726 1397 103 pas sans la loy de dieu/ mais estoye en la loy

704 801 1385 116 de Christ.? Dequoy nest pas cõuenablement

722 881 1367 113 dict. Les iustes nont pas de loy/ ou les iustes

728 962 1361 127 sont sans loy: mais la uoy nest pas mise pour

704 1051 1385 118 les iustes: cest adire/ quelle ne deur est pas im-

679 1142 1399 105 posee cõme aux cõtrainctz mais cõme aux uo

665 1229 1417 93 luntaires: laquelle leur est aussi libremẽt dõ¬

669 1310 1409 103 nee/ q̃lle leur est doulcemẽt inspiree. Dequoy

701 1380 1382 107 aussi dit diẽ le seigñr.? Uienez mon tou/g sur

705 1468 1383 111 uous. Et ainsi la loy qui est charite/ est bõne

703 1551 1377 109 ⁊ doulce: laq̃lle nest pas seullemẽt porter legie

699 1637 1379 106 rement ⁊ doulcemẽt: mais aussi faict les loix

701 1718 1389 111 des serfz ⁊ des mercenaires estre legieres et fa-

685 1803 1405 103 ciles a porter ⁊ ne les destruict pas: mais faict

681 1888 1399 111 quelles sont acõplies/ par ce q̃ dict le seigñr.

689 1968 1388 125 4 Ie ne suis point uenu poͬ rõpre la loy/ mais

686 2060 538 104 pour lacomplir.

689 2197 1369 154 Des oeuures de la loy,

1077 2329 603 141 Chapitre.uii.

859 2468 1074 111 ¶ Augu, en lexposition sur lepistre

851 2553 900 101 ad Galatas au .iii. chapitre.

986 2636 1090 113 Remieremẽt ung chascun doibt sea

983 2713 1085 119 uoir q̃ les oeuures de la loy sont di¬

989 2808 1076 104 uisees en deux. Car une partie sont

983 2883 1082 136 prin ses pour sacremẽs/ ⁊ une partie

401 798 240 107 La loy

392 875 279 98 nest pas

398 967 291 90 pour les

401 1036 223 127 iustes.

1085 172 577 122 Des oeuures

392 1368 285 125 mat.11.d

383 1959 279 119 matt.5.c

388 2545 311 95 Les oeu

378 2630 309 91 ures d la

378 2711 305 105 loy sont

384 2792 279 109 de deux

392 2871 232 121 manie¬

396 2967 125 99 res.

662 2636 324 365 N

1876 2990 184 90 pour
