2212 3563
368 157 910 160 de la loy. Cha.uii.

112 308 1363 133 pour les meurs. * Aux sacremẽs appartiẽnẽt:

112 400 1359 113 la circõcision de la chair/ le sabbat temporel/

124 489 1347 113 les nouuelles lunes/ les sacrifices/ ⁊ telles ma

127 561 1353 130 nieres de obseruations innumerables. Mais

124 653 1353 118 aux meurs appartiẽnẽt. Tu ne occiras point/

120 730 1359 125 Tu ne feras point de paillardise. Tu ne di¬

108 821 1371 111 ras point de faulx tesmoignage/ et tous les

107 902 1373 110 aultres telz. * Lapostre dõcques na il nõ plus

118 973 1362 119 de soing/ ascauoir se le Chrestiẽ est homicide/

115 1059 1371 116 ou paillard/ ou chaste/ ou innocẽt: cõme il na

110 1137 1376 124 pas de soing/ sil est circõcis en la chair/ ou sil

104 1223 1382 130 est incirconcis? Car toutes telles choses sont

107 1321 1379 107 exposees aux chrestiẽs/ affin seullemẽt quilz

107 1404 1379 107 entendent quelles choses elles ualent/ et si ne

122 1480 1371 121 sont pas cõtrainctz de les faire: que si ceulx qͥ

118 1573 1387 113 les gardent ne les entendẽt pas ce nest q̃ seule

132 1660 341 101 seruitude.

318 1726 1129 120 ¶ Augustin/ contre deux epistres des

306 1815 1121 109 Pelagiens/ ad Bonifacium/ au .iii.

287 1906 673 99 liure au .iiii. chapitre.

128 1979 1379 121 ¶ La loy est droictement dicte spirituelle/ ex¬

126 2062 1381 111 cepte les sacremẽs de lanciẽ testamẽt lesquelz

130 2145 1377 119 seullemẽt sont cõmandez poͬ la raison de leur

142 2223 1365 119 signification: combien aussi que en iceulx on

136 2310 1371 121 doibt entendre spirituellemẽt. * Mais toutes

130 2393 1389 115 les aultres choses qui appartiẽnent a pitie et

127 2476 1404 113 aux bonnes meurs/ ne doibuẽt pas estre refe¬

136 2565 1383 113 rees a quelque signification/ par quelque in¬

142 2645 1389 110 terpretatiõ q̃ ce soit: mais doibuẽt totallemẽt

136 2731 1395 107 estre faictes cõme elles sont dictes. Car nul ne

136 2805 1377 131 doubte q̃ ceste loy de dieu a este necessaire non

133 2894 1383 170 pas seullement pour le peuple qui lors estoit/

1569 160 119 154 69

1492 362 300 148 Les sa¬

1495 486 288 101 cremens

1501 564 276 104 de lanciẽ

1504 644 250 133 testam̃t.

1504 893 262 107 Que ꝓf

1507 991 264 101 fitẽt aux

1513 1077 264 86 chrestiẽs

1516 1149 264 103 les sacre

1516 1238 264 98 mens de

1513 1324 264 89 lanciẽ te

1513 1389 226 143 stamẽt.

1534 2182 237 145 La loy

1528 2301 282 115 des meͬs

1548 2390 235 86 donnee

1551 2455 259 122 par moy

1557 2559 250 92 se/ doibt

1557 2633 250 107 aussi es¬

1546 2734 255 92 tre gar¬

1546 2802 211 119 dee de

1551 2888 182 104 nous.

1344 2986 184 94 mais
