2211 3563
1040 190 598 118 Des oeuures

693 320 1377 99 mais aussi maintenãt pour nous/ pour ordõ¬

701 400 1382 110 ner deuement nostre uie. * Sil est ainsi uerita

686 492 1385 98 blement que Christ nous a oste ce ioug trespe

674 573 1397 109 sant de plusieurs obseruations: assauoir que

674 653 1397 113 ne soyons point circoncis selon la chair/ que

674 736 1391 104 nous ne immolons point les sacrifices des be

698 822 1370 113 stes/ que nous ne cessõs point au iour du sab¬

691 906 1381 105 bat des oeuures aussi qui sont necessaires/ et

687 985 1383 103 toutes autres telles manieres de choses: mais

683 1072 1383 89 que nous les tenons entenduz spirituellemẽt:

663 1152 1393 108 et q̃ en ostant les umbres quilz signifioient/

651 1235 1403 109 nous ueillons en la lumiere des choses quilz

657 1322 1411 107 signifioient: debuõs nous pourtãt dire/ que a

655 1401 1413 107 nous nappartiẽt pas ce qui est escript: q̃ celuy

677 1486 1387 105 qͥ aura trouue la chose ꝑdue dautruy/ qͥ la ren

689 1569 1375 101 de a celuy qui la perdu? Et beaucoup dautres

707 1648 1361 109 semblables/ par lesquelz on aprẽt de uiure fi¬

703 1737 1369 105 delemẽt ⁊ iustemẽt * ⁊ principalemẽt les dix cõ

697 1819 1377 105 mandemẽs/ qui sont contenus en ces deux ta¬

695 1902 1377 97 bles de pierre: excepte la charnelle obseruatiõ

693 1983 1383 103 du sabbat/ lequel signifie la spirituelle saĩcti¬

669 2066 1407 111 sication/ ⁊ le repos spirituel. Car qui dira/ que

661 2149 1401 111 les chrestiẽs ne doibuent pas garder/ que par

669 2236 1389 103 seruice de religon on serue a ung seul dieu/ q̃

673 2313 1399 109 on ne honnore pas les idoles/ que on ne pren¬

685 2397 1391 110 gne pas le nom du seigñr en uain/ que les pa¬

683 2482 1391 105 rens soient honnorez/ que on ne cõmette pail¬

683 2565 1393 105 lardises/ homicides/ larcins ne faulx tesmoi¬

689 2648 1385 109 gnages/ ⁊ que on ne conuoite ne la femme ne

685 2731 1385 107 quelque autre chose dautruy? Qui est si infi¬

677 2826 1389 91 dele/ qui dise q̃ pour ce ne garde il pas ces com

667 2897 1403 121 mãdemẽs de la loy/ a cause quil est chrestien:

404 388 285 113 Les chre

404 495 276 98 stiẽs sõt

407 573 240 95 deliurez

401 659 252 118 dũg tres

389 751 208 98 pesant

377 825 193 166 ioug.

407 1644 261 155 Toꝰ les

394 1783 281 89 dix com

382 1862 271 87 mande¬

376 1947 291 93 mẽs doib

376 2026 281 99 uẽt estre

384 2116 208 95 gardez

388 2211 242 81 par oeu¬

394 2286 243 89 ures ex¬

394 2365 224 83 teriore/

398 2436 247 133 sinõ ung

1882 2986 182 127 ⁊ nest
