2211 3563
624 352 1404 134 p̃s.48. C. ¶ Quant aussi lhõme

622 477 1404 124 estoit en hõneur/ il ne la pas enten¬

633 585 1395 133 du: il a este cõpare aux iumẽtz insi¬

639 700 1387 137 piẽtes: ⁊ a este faict sẽblable a eulx.

780 829 1171 109 ¶ Augustin sur Genese a la lettre au

859 912 955 109 huytiesme liure. Chapi.ui.

616 1005 1406 113 ¶ Cestuy aussi qui auoit faict toutes choses

612 1104 1420 91 fort bonnes/ nauoit riens institue en paradis

602 1179 1428 107 de mauuais: mais est notoire que la trãsgres¬

604 1268 1420 99 sion du commandement fut le mal de lhom¬

609 1339 1408 118 me. Mais il estoit necessite que a lhõme qui

612 1434 1417 98 estoit mis soubz le seigneur dieu/ fut aulcune

615 1511 1414 104 chose deffendue: affin que ceste obedience fut

630 1588 1387 113 la uer tu de acquerir lamour de son seigneur:

633 1678 1387 107 laquelle ooedience quis ueritablemẽt appel¬

632 1751 1391 113 ler la totalle uertu de toute creature raison¬

604 1840 1414 111 nable uiuant soubz la puissance de dieu: ⁊ q̃

600 1925 1418 105 le principal ⁊ le plus grand uice pour sa rui¬

612 2010 1405 101 ne/ est de uouloir user par orgueil de sa puis¬

618 2084 1402 116 sance: lequel uice nous appellons inobedien¬

624 2179 1400 103 ce. Il ny auroit riens doncques parquoy lhõ-

631 2260 1391 107 me pensast auoir seigneur/ et ne le sentiroit

628 2341 1396 107 point/ se nestoit que aulcune chose luy fut cõ-

632 2413 1391 116 mãdee.4 Cest arbre dõcques nestoit pas mau¬

638 2503 1382 97 uais: mais fut appelle larbre de congnoistre

635 2586 1385 112 le bien ⁊ le mal: que si apres la deffense/ lhom

600 2680 1420 103 me mãgeoit diceluy/ en ce estoit la transgres¬

626 2765 1394 101 sion future du peche: en laquelle lhomme ap¬

616 2850 1396 97 prendroit par experience/ quelle difference il y

618 2935 1392 115 auroit entre le biẽ de obediẽce/ ⁊ le mal de ino¬

885 207 832 137 De la transgression

326 1333 250 124 Obedid

320 1445 271 93 ce est la

338 1529 223 92 souue¬

326 1603 286 101 raine uer

336 1688 131 95 tu.

323 1757 283 143 1.Pe.1.d.

326 2004 235 115 Inobe¬

320 2099 238 115 dience.

326 2399 286 136 Larbre d

332 2520 286 107 sciẽce du

332 2595 283 109 biẽ et du

335 2675 179 130 mal.

1723 3020 289 137 bedience.
