2212 3563
77 350 1362 121 et nest pos constitue soubz la loy mais soubz

87 441 1360 111 la grace? Ueritablemẽt ces choses sont mani

98 513 1346 128 fests/ quil y a grande distãce.? Car en ce que

95 602 1343 107 cenlx qui sont mis soubz la loy sont les cho¬

89 679 1349 113 ses/ esquelz la lettre occist/ il les font ou par

74 763 1364 112 la cõuoitise dauoir la felicite terriẽne/ ou par

68 840 1370 119 la crainte de la perdre: ⁊ pourtant ne les font

71 938 1367 104 ilz pas iustemẽt: pour ce que la cõuoitise char

74 1018 1364 110 nelle par laquelle le peche est augmente/ nest

71 1104 1367 110 pas guerie par une aultre conuoitise. Ceulx

65 1175 1373 116 appartiẽnẽt a lanciẽ testamẽt. Mais ceulx qͥ

75 1270 1372 113 sõt mis soubz la grace/ q̃ lesprit uiuifie: aussi

73 1349 1382 115 font ces choses icy en foy qͥ oeuure par chari¬

68 1431 1385 124 te/ en lesperãce des biẽs spirituelz. Ceulx ap¬

71 1524 1024 107 partiẽnent au nouueau testamẽt.

259 1603 1212 103 ¶ Augustin/ cõtre Adaraõcduen/ di(crode

271 1690 988 103 de Mamchee/ au .xui. chapitre.

87 1767 1380 115 ¶ Quãt les choses som uenre¬ de/ q̃lles ces

77 1846 1367 110 obsernatiõs estoiẽt les umbres? ce a este faict

71 1941 1373 113 q̃ lon mõstrast/ quon ne doibt pas mettre son

71 2013 1373 112 esperance en ces umbres: mais es choses que

74 2096 1370 113 ces umbres signifioiẽt estre a uenir: cest adire

74 2194 1370 107 Chust ⁊ leglise. Et pourtãt toutes ces choses

77 2274 1376 101 la sõt maintenãt uaines ⁊ toutesfois ne doib¬

81 2361 1380 91 uent pas estre ostees comme nuysables: mais

85 2436 1384 107 doibuẽt estre ꝯtẽnees cõme Iuꝯslues. Lapostre

89 2517 1370 109 cõmãde Que si aucũ Iuif croyoit en Christ:

85 2604 1366 109 q̃ a cause de loffense de ses freres quon ne luy

79 2690 1388 104 deffendist pas de derourer en ces choses sup¬

79 2771 1380 109 flues: toutesfois qͥl ne estimast nullement son

79 2862 1374 97 salut estre mis en icelles: car ces si gnes icy ne

79 2943 1376 113 dõnẽt pas le salut/ mais ce sõt les choses qui

335 184 976 166 de la loy. Chap̃.uii.

1489 239 124 95 YO

1480 489 220 131 Cestuy

1456 587 271 119 ne garde

1456 694 250 92 pas la

1456 757 280 109 loy/ qui

1456 846 274 110 la garde

1456 929 274 113 p craĩte

1456 1015 271 110 ou ꝑ con

1456 1092 238 107 uoitise.

1456 1187 271 116 2.cor.3.a

1480 1419 241 130 Gał.5.b

1468 1834 247 122 On ne

1465 1929 247 110 se doibt

1465 2007 241 118 pas fier

1465 2090 244 119 es um¬

1468 2191 146 104 bres.

1301 3032 156 115 sont
