2211 3563
1050 229 582 117 Des oeuures

757 329 1373 154 sõt signifiees par ces signes. * Et pourtãt nest

742 439 1385 127 riens lincircõcision/ ⁊ la circõcision nest riẽs:

735 528 1396 123 mais lobseruation des cõmandemens de dieu

727 605 1404 129 est quelque chose. Et ce quil dit en ung autre

719 690 1406 125 lieu. A la miẽne uolunte q̃ ceulx fussent ostez/

717 773 1410 115 qui uous troublẽt: lapostre ne dit pas cela (cõ

721 857 1406 116 me estimẽt les Manichiẽs) pource q̃ la circon

731 936 1396 119 cisiõ soit ꝯtraire a leuãgile: mais ce est ꝯtraire

738 1017 1385 135 a leuãgile/ q̃ ung chascun delaissãt la chose qͥ

725 1106 1400 123 est figuree par lombre ensuiue la uanite de cest

717 1187 1404 127 umbre. Ce que uouloient ceulx qui mettoient

734 1258 1390 140 le ioug de circoncision sur les gentilz qui ue¬

748 1350 1370 134 noient a croire en Christ/ cõme chose necessai¬

723 1439 1392 120 re au salut: quãt alors lombre ne debuoit pas

723 1518 1402 122 estre figuree au corps: mais la chose debuoit

727 1607 667 109 estre portee au cueur.

996 1690 903 113 ¶ Au mesme/ au .iii. chapitre.

745 1748 1370 149 ¶ Le peuple qͥ auoit receu lancien testament

719 1849 1393 131 estoit subiect ⁊ tenu par aucũs umbres ⁊ figu¬

701 1926 1405 125 res daucunes choses/ deuant la uenue du sei¬

713 2013 1393 133 gneur: selõ la merueilleuse ⁊ biẽ ordõnee distri

731 2099 1378 133 butiõ des tẽps: toutesfoys en iceulx est si gran

734 2170 1370 128 de p̃dicatiõ/ ⁊ si grãde p̃nũciatiõ du nouueau

701 2262 1404 125 testamẽt/ q̃ nulz cõmãdemẽs ne ꝓmesses cõbiẽ

697 2345 1408 127 grãdes ⁊ diuines q̃lles soiẽt/ ne sont trouuees

699 2428 1405 127 en la doctrine euãgelicq̃ ⁊ apostolicq̃: q̃lles ne

711 2515 1353 121 soient aussi en ces anciens commandemens.

879 2599 1221 122 ¶ Augustin en lexposition de lepistre ad

879 2682 739 107 Galatas/ au proheme.

711 2761 1385 127 ¶ La cause poͬquoy lapostre escript aux Ga

697 2846 1401 119 latiens/ est affin quilz entendẽt que par la gra

686 2915 1406 164 ce de dieu ueult faire en soy qͥlz ne soiẽt plus

478 302 259 158 Gał5.b

433 1184 268 166 Act̃.15.b

436 1336 292 112 Gał.5.a

442 1745 280 110 Leuãgi¬

427 1837 262 98 le estoit

421 1918 271 112 aussi p̃¬

421 2001 247 113 schee en

416 2093 264 98 lancien

424 2161 280 134 testamẽt

1907 3044 183 99 soubz
