2212 3563
350 121 990 161 de la loy. Cha.uii.

83 267 1379 118 soubz la loy: * car quãt la grace de leuangile

77 368 1361 104 leur fut annõcee: ilz ne furẽt pas sans aucuns

92 448 1338 113 qͥ estoiẽt de la circõcision/ cõbien quilz fussent

92 537 1349 104 chrestiẽs de nom: lesq̃lz toutesfoys ne tenoiẽt

99 621 1352 99 pas le benefice de grace: mais encore uouloiẽt

91 702 1352 103 estre soubz les fardeaux de la loy/ q̃ le seigñr

87 789 1356 95 auoit cõmande/ non pas pour seruir a iustice/

67 866 1374 109 mais au peche: assauoir en dõnãt la iuste loy

61 954 1390 97 aux hõmes iniustes/ pour demõstrer leurs pe¬

61 1037 1388 97 chez/ non pas poͬ les oster. Car riẽs ne oste les

59 1116 1377 110 pechez/ sinon la grace de la foy qͥ besõgne par

59 1205 1382 101 charite. Iceulx doncques uouloiẽt constituer

65 1285 1371 110 soubz les charges de la loy les Galatiẽs qui

67 1365 1376 109 estoient cõstituez soubz ceste grace en leur affir

65 1450 1382 107 mant que leuãgile ne leur proffiteroit de riẽs/

73 1532 1396 99 silz nestoient circoncis/ ⁊ silz ne se submettoiẽt

77 1619 1406 99 a toutes les autres obseruations charnelles

77 1694 1406 105 de lobseruation iudaicque. Et pourtãt auoiẽt

75 1777 1394 111 ilz commence dauoir suspect sainct Paul la¬

71 1864 1388 107 postre/ par lequel leur auoit este preschee le¬

67 1951 1386 103 uangile: comme celuy qui ne tenoit pas la do

69 2034 1384 101 ctrine de tous les autres apostres/ lesquelz cõ

71 2114 1384 112 traingnoient les gentilz a iudaiser. Car aussi

81 2197 1372 109 lapdstre sainct Pierre auoit donne lieu aux

93 2276 1362 115 scandales de telz hommes: ⁊ estoit induict en

87 2361 1378 109 simulation: cõme aussi sil eut entẽdu que le¬

71 2446 1412 95 uangile ne prouffiteroit riens aux gẽtilz/ silz

73 2529 1424 101 naccõplissoient les oeuures de la loy. De la¬

81 2610 1414 107 q̃lle simulation le mesme apostre sainct Paul

77 2697 1332 109 le rappelle/ cõme il enseigne en ceste epistre.

350 2781 929 103 ¶ Du mesme/ au .ii. chapitre.

77 2856 1379 142 ¶ Quant Pierre fut uenu en Antioche il fut

1586 182 75 101 71

1477 282 297 109 La predi

1459 377 250 95 cation

1459 457 289 107 des faux

1468 531 262 122 apostres

1465 1086 259 137 Gał.1.a

1456 1202 259 128 1.Tessa.

1453 1306 107 104 2.c.

1504 2410 253 125 Gał.2.b

1474 2841 247 122 Act̃.11.d

1486 2945 259 136 Gał.2.b

1213 2960 240 130 reprins
