2211 3563
448 264 265 119 poͬquoy

442 368 280 101 saĩct Pi

436 448 280 110 erre fust

433 537 271 95 reprĩs de

445 605 238 161 saĩct ol

739 267 1373 130 reprins de sainct Paul: non pas pource quil

739 377 1373 98 gardoit la coustume des Iuifz/ en laq̃lle auoit

731 457 1375 113 este naiz et nourris/ cõbien q̃ enuers les gẽtilz

713 546 1388 107 ne la gardoit pas: mais pource fut il reprins/

707 617 1397 110 a cause quil la uouloit imposer aux gentilz.

709 708 1391 103 Quãt il ueit aucuns estre uenu de Iacques/

711 791 1394 109 cest adire/ de Iudee (car Iacques fut euesque

715 872 1387 107 de leglise de Hierusadlem) craingnãt dõcques

717 960 1388 95 ceulx qͥ estimoiẽt le salut estre encore cõstitue

705 1039 1387 107 en telles obseruatiõs/ il se retiroit des gẽtilz/

691 1128 1399 103 ⁊ cõsentoit a eulx par simulation de imposer

681 1211 1413 107 aux gentilz telles charges: ce qrie assez appert

697 1294 876 97 en lareounse de ceste parolle.

948 1371 1041 103 ¶ Du mesme/ au mesme ii. Chap̃.

713 1454 1373 109 ¶ Combien que Titus fust Grec/ ⁊ que nulle

701 1545 1389 99 coustume ou cognation des parens ne le con-

707 1624 1388 95 traingnist de le circõcire/ cõme Timothee: tou

705 1704 1389 105 tesfois lapostre le eut facillemẽt parmis de le

699 1789 1393 103 circõcire. Car il nenseignoit pas que par telle

695 1872 1395 103 circoncision le salut fust oste: mais si en icelle

697 1957 1389 93 on mettoit esperance de salut: cela monstroit

695 2036 1391 110 il estre contre le salut. Il le pouuoit doncques

674 2114 1409 103 cõme chose superflue souffrir dung frãc cou¬

671 2203 1406 104 raige/ selon cese Ientence Iacirconcisiõ nest

675 2284 1405 101 riens/ et lincirconcision nest riens.? Mais a

695 2357 1382 110 cause des faulx freres qui estoiẽt uenus/ Ti¬

704 2446 1376 104 tus ne fut pas contrainct destre circoncis: cest

701 2523 1379 122 adire quon ne luy peult persuader de le faire

698 2624 1379 92 circõcir: pour ce (dit il) que ceulx qui estoient

704 2690 1367 118 uenus poͬ espier nostre liberte/ uehemẽtemẽt

681 2787 1387 102 regardoiẽt ⁊ desiroiẽt que Titus fust circõcis:

671 2872 1399 122 offin q̃ par lattestatiõ ⁊ cõsentemẽt du mesme

1099 152 579 115 Des oeuures

410 1585 276 122 Act̃.16.a

386 2004 294 118 Gał.5.b

380 2102 166 101 ⁊.6.d

386 2191 261 101 1.corĩ.7.d

398 2342 273 110 Paul ne

398 2434 220 110 uoulu

386 2529 294 77 pas que

386 2589 297 115 Titꝰ fust

377 2693 291 95 circõcis.

1820 2955 246 121 Paul/
