2212 3563
118 290 1371 115 Paul/ ilz peussent annoncer ceste circoncisiõ

120 382 731 104 estre necessaire au salut.

289 461 909 111 ¶Augustin/ en la. cxix. epistre

263 548 505 93 ad Ianuarium.

133 617 1344 107 ¶Entre tous ces dix cõmandemens/ seulle¬

112 706 1362 113 ment est cõmande destre obserue par figure ce

101 789 1361 116 qui est mis du sabbat: laquelle figure aussi la

98 881 1364 107 uons receu pour lentendre/ non pas pour le

100 962 666 104 celebrer par oysiuete.

267 1045 1064 118 ¶ Augustin/ de la lettre ⁊ de lesprit

255 1132 608 95 au .xiiii. Chapitre.

101 1202 1358 116 ¶ Certes quicõque garde ceste iournee du sab

97 1296 1368 99 bat comme la lettre sonne/ iusques a mainte¬

95 1381 942 95 nant: il entend charnellement.

261 1456 1111 107 ¶ Augustin/ au liure cõtre les Iuifz.

104 1540 1376 107 ¶ Quãt nous trouuõs repos en Christ/ adõc

110 1629 953 97 urayement (abbatzons nous.

291 1706 946 105 ¶ Hierosme en lexposition sur

289 1787 663 99 lepistre ad Gnla/as.

100 1860 1359 107 ¶ Uous gardez les iours/ et les moys/ et les

86 1953 1373 101 temps/ ⁊ les ans. Quelcun dira. Sil nappar

87 2044 1384 103 tient pas de garder les iours/ et les moys/ et

93 2125 1380 103 les temps/ et les ans: nous faisons aussi le

95 2209 1380 102 mesme crime/ en gardant le mercredy/ ⁊ le uẽ¬

104 2292 1373 101 dredy/ et le dimenche/ et la ieune du quares¬

95 2373 1388 101 me/ et la seste de pasque/ et la lie Ise de la pen¬

91 2450 1404 107 thecoste? et diuers temps ordonnez en chon¬

89 2531 1423 109 neur des martyrs. A laquelle chose celuy qui

93 2616 1414 99 respondra simplement/ dira: Que les iours

91 2701 1400 107 de lobseruatiõ Iudaicque ne sont pas pareilz

89 2787 1392 102 aux nostres. Car nous ne festoyons point la

87 2870 1394 122 pasque des pains sans leuain: mais de la re¬

398 158 958 136 de le ly. Cha. u¬

1578 184 115 120 72

1516 602 238 134 Noꝰ ne

1495 706 250 116 sommes

1483 786 271 113 pas obli

1486 884 268 95 gez de ce

1471 963 293 101 lebrer le

1477 1033 232 124 sabbat

1477 1140 250 98 en oysi¬

1480 1211 158 107 uete.

1473 1373 259 107 Ioã.9.c

1519 1514 264 122 Quant

1493 1619 281 103 cest q̃ noꝰ

1493 1708 287 97 gardons

1473 1781 297 117 le sabbat

1489 1944 262 128 Gał.3.b

1172 2959 307 107 surrection
