2211 3563
1067 182 579 120 Des oeuures

707 312 1377 113 surrection ⁊ de la croix. Et ne nõbrons point

701 403 1387 111 sept sepmaines en la pẽthecoste/ selon la ma¬

683 488 1401 99 niere de ceulx de Israel: mais nous nõbrons

686 573 1394 109 la uenue du sainct esprit. * Et affin q̃ la cõgre

671 650 1412 113 gation du peuple par mauuaise ordonnãce ne

677 730 1406 113 diminuast la foy en Christ: pourtant ont este

686 831 1391 95 ordõnez aucũs iours: affin q̃ tous uenissiõs a

692 911 1385 92 nous rassembler. Nõ pas que ceste iournee en

710 982 1373 110 laq̃lle nous nous rassemblons soit plus solẽ

692 1062 1388 107 nelle: mais affin q̃ en quelcõque iournee quil

661 1154 1411 108 fauldra cõuenir q̃ plus grãde liesse en uiẽgne

647 1233 1417 116 par la p̃sence lung de laultre. Mais celuy qͥ

643 1318 1433 113 regarde a respõdre plus aguemẽt a la questiõ

655 1401 1427 105 proposee: il afferme q̃ tous les iours sont pa¬

663 1482 1411 107 reilz lung a laultre: ⁊ que Iesuchrist ne luy est

683 1567 1389 105 pas seullemẽt crucifie au uẽdredy/ ou ressusci¬

687 1648 1389 103 te au dimenche: mais tousiours luy est le iour

671 1732 1411 110 de la resurrection/ ⁊ que tousiours mẽgeue la

673 1815 517 109 chair de Christ.

830 1898 1238 111 ¶ Ambroise/ en loraison/ poͬ Theodose.

645 1989 1431 99 ¶ Certainement de prier par certains iours et

637 2072 1431 97 nõ pas tous les iours/ cest plus fastidiation q̃

641 2155 1429 95 nest esperãce/ ⁊ est rendre loyer de graces pour

647 2238 1415 101 lusaige des ꝓffis abondãs/ plus tost que par

661 2321 1413 99 affection de deuotion. Et pourtant dit sainct

686 2399 1385 106 Paul. * En toutes choses rendez graces. Car

683 2486 1389 99 quãt nas tu riẽs que debuoir a dieu? ou quant

681 2571 1387 87 es tu sans le don de dieu? quãt tous les iours

683 2646 921 107 as lusaige de uiure du seigñr?

853 2733 1211 107 ¶ Ambroi. ad Ireneum en lepistre .lxxii.

675 2818 1385 101 ¶ Les mãdemẽs doncq̃s sont faictz aux iuifz

653 2907 1413 107 cõme aux enfans: nõ point plainemẽt cõman

442 546 211 122 Pour¬

410 644 240 110 quoy sõt

392 736 246 95 ordõnez

374 816 288 98 les iours

377 896 291 101 de festes

377 994 309 86 entre les

377 1059 288 131 chrestiẽs

392 2381 258 130 1.Thes¬

392 2488 194 109 sa.u.f

1749 2994 309 117 dez/ mais
