2212 3563
353 127 1023 169 de la loy. Cha.uii.

99 283 1394 128 dez/ mais en partie: ⁊ leur est cõmande de gar¬

104 364 1371 126 der cõme lune des parties de leur mẽbre nette/

116 451 1355 125 lesquelz ne pouuoient garder tout leur corps

120 528 1357 129 net. Aussi leur a este cõmande de garder et so¬

120 615 1361 127 lennizer les festes du sabbat ung iour la sep¬

110 694 1365 125 maine: affin quilz ne fussent en ce iour la char

104 775 1371 137 gez de nulle charge/ de ce quilz ne faisoiẽt nul¬

100 861 1377 126 les oeuures mõdaines: ⁊ a la mienne uolunte

108 948 1373 118 quilz fussent tellemẽt deschargez/ quilz nem¬

112 1029 1369 125 portassent nulles charges auec eulx de pechez

106 1124 1375 113 pesans en ce perpetuel sabbat des siecles a ue

102 1195 1379 133 nir. La sinagogue garde le iour/ mais leglise

106 1286 1371 121 garde limmortalite. Parquoy doncques en

104 1365 1379 127 la loy nest que une portion/ mais en leuangi¬

108 1468 509 117 le ya perfection.

283 1569 1229 170 ¶ De la difference du

261 1714 1214 142 nouueau ⁊ de lancien testamẽt.

249 1840 1246 135 ¶ Aug./ cõtre les deux epistres des Pela¬

237 1929 1258 127 giẽs/ ad Bonifa. au .iii. liure/ au .iiii. Cha.

126 2026 1373 141 ¶ Mais q̃lcun dira. Cõment appelle on le cõ

120 2116 1375 128 mandemẽt ancien/ lequel est faict par Moyse

130 2205 1371 124 ap̃s quattre cẽs ⁊ trẽte ans: ⁊ celuy est dit nou

138 2290 1369 115 ueau/ q̃ par tãt de annees deuant a este faict a

133 2354 1371 143 Abraam? * Celuy qͥ est esmeu de ceste chose/ nõ

130 2434 1398 146 poĩt par estrif/ mais par desir de cõgnoistre: qͥl

130 2520 1407 143 entẽde premier/ q̃ poͬ le tẽps de deuãt il est dit

136 2609 1395 125 ancien/ ⁊ poͬ le tẽps apres il est dit nouueau/ ⁊

136 2698 1377 122 q̃ icy on ꝯsidere par ces noms/ les reuelatiõs ⁊

130 2776 1380 139 nõ point les institutiõs. Lãcien testamẽt a este

127 2865 1383 148 reuele par Moyse: par lequel a este donnee la

1548 148 128 131 73

1503 742 243 97 exo.16.f

1546 2301 231 148 Pour¬

1546 2422 249 125 quoy est

1560 2511 206 104 appelle

1551 2595 232 112 le testa¬

1534 2693 237 83 mẽt an¬

1534 2764 255 122 ciẽ ⁊ nou

1534 2865 178 116 ueau.

1196 2947 309 109 K loy
