2211 3563
1036 156 560 129 Des oeuures

751 270 1370 136 loy saincte/ iuste/ ⁊ bonne/ par laquelle seroit

751 362 1367 130 faicte la cõgnoissance du peche/ ⁊ non pas la

738 457 1383 120 deliurãce: par laq̃lle seroiẽt cõuaincus les or¬

721 542 1394 125 gueilleux uoulant constituer leur iustice/ com

709 627 1404 119 me silz nauoient q̃ faire de laide diuine: ⁊ que

697 706 1410 123 iceulx uaincus par la lettre/ senfouyssent a

703 789 1404 131 lesprit de la grace/ poͬ estre iustifiez/ non point

711 876 1394 121 par leͬ iustice/ mais par la iustice de dieu/ cest

717 954 1387 120 adire par celle qui leur seroit donnee de dieu.

713 1033 1391 134 Uoicy pour quelle cause lung est appelle an¬

693 1122 1403 123 cien testament/ pour ce qͥl a este reuele au pre¬

677 1207 1417 119 mier tẽps: ⁊ lautre est dit nouueau/ poͬce quil

668 1282 1427 134 a este reuele au dernier tẽps. * En oultre/ pour

677 1374 1418 122 ce que lancien testament appartiẽt au uieil hõ

689 1448 1400 131 me auquel est necessaire que lhõme prengne

716 1526 1379 124 son cõmencement: mais le nouueau appartiẽt

719 1621 1376 124 au nouuel hõme/ auquel hõme doibt passer

707 1692 1376 131 de la uieillesse. Et pourtãt a lung sõt promis

693 1779 1395 129 les biẽs terriẽs/ ⁊ a lautre sont ꝓmis les biens

677 1862 1411 123 celestes. Pour ce aussi q̃ ceste chose appartient

673 1949 1411 127 a la misericorde de dieu: q̃ nul nestime doncq̃s

683 2034 1401 121 que mesme aussi la felicite terrienne quelcon¬

687 2121 1391 121 que/ puisse estre dõnee par quelcun sinon par

683 2197 1385 124 le seigneur createur de tout le mõde. Mais si

677 2282 1393 123 dieu est adore poͬ ceste felicite: ladoratiõ est ser

667 2361 1411 129 uile/ appartenãt aux filz de la seruãte. Mais

677 2444 1383 131 si on ladore/ poͬ lamour de luymesme: affin q̃

679 2539 1391 119 en la uie eternelle dieu soit tout en tous: ceste

685 2610 1385 129 adoration est liberale/ appartenãt aux filz de

679 2694 1391 128 la libre/ laq̃lle est nostre mere eternelle au ciel:

675 2775 1387 132 laq̃lle par auãt apparoit cõe sterile/ quãt elle

659 2864 1397 142 nauoit nulz enfãs glorieux quãt a lapparen

457 249 235 125 Ro.7.c

463 368 271 113 2.corĩ.3.a

404 1255 228 125 Aultre

392 1350 240 116 exposi¬

398 1437 264 106 tion des

407 1520 217 98 testa¬

413 1615 219 83 mens.

1842 2975 218 116 ce. Et
