2212 3563
368 124 990 169 de la loy. Chap̃.uii.

100 283 1377 116 ce. Et uoyõs maintenãt q̃ de ce a este ꝓphetize.

115 365 1300 127 * Esiouys toy sterile qui es sans enfanter.

219 453 1171 119 ¶ Hierosme/ en lexposition sur lepistre

378 540 814 107 ad Galatas/ au .ii. Chap̃.

120 619 1363 115 ¶ Nous sommes Iuifz de nature/ ⁊ non pas

108 698 1371 117 pecheurs des gẽtilz. Quant nous estiõs (dit

99 785 1374 115 il) Iuifz de nature/ faisant les choses qui sõt

101 875 1379 98 cõmandees en la loy: ⁊ nõ pas des gentilz pe¬

98 947 1376 110 cheurs * ou pource que generalemẽt sont tous

101 1036 1367 107 pecheurs de ce qͥlz seruẽt aux idoles: ou ceulx

98 1116 1370 110 que maintenãt nous estimõs souillez. Nous

98 1193 1370 119 sommes dõcques Iuifz de nature/ cõgnoissãs

97 1286 1378 113 q̃ ne pourrions estre sauuez par loeuure de la

97 1367 1378 113 loy/ mais par la foy de Christ/ nous croyons

95 1454 1382 111 en Christ: affin q̃ ce que la loy ne nous auoit

99 1534 1390 110 pas dõne/ q̃ la foy q̃ nous auions en Christ le

99 1619 1409 101 nous dõnast. Que si maintenãt en nous reti¬

95 1689 1406 119 rãt de la loy/ en laq̃lle ne pouuions estre sau¬

104 1777 1387 117 uez nous sõmes mõtez a la foy en laq̃lle nest

99 1866 1380 115 pas requise la circõcision de la chair/ mais la

99 1949 1376 113 pure deuotion du cueur: ⁊ que si maintenãt en

100 2030 1373 117 nous retirãt des gẽtilz nous faisons ceste cho

104 2116 1373 116 se/ q̃ qͥcõque ne sera pas circõcis il sera estime

112 2199 1363 114 souille: certainemẽt la foy en Christ/ en laq̃lle

108 2290 1363 105 par auãt nous estimiõs estre sauuez/ sera plꝰ

104 2365 1377 113 seruãt a peche/ q̃ a iustice/ laq̃lle oste la circon

98 2431 1394 131 cision/ dequoy celuy qͥ nauroit pos ceste circõ¬

101 2523 1397 131 cision seroit souille. * Mais ia naduiẽgne/ q̃

101 2606 1391 128 ce que iay une foys destruict/ ⁊ ay cõgneu quil

101 2698 1379 104 ne me prouffite de riẽs/ derechief ie le uiẽgne a

98 2779 1373 112 louer. En moy separant une foys de la loy/

107 2850 1364 145 suis mort a la loy/ affin q̃ ie uiue en Christ: et

1576 166 103 130 74

1489 350 309 119 esa.54.a

1492 932 274 116 Les gen

1486 1027 280 104 tilz sont

1486 1119 259 101 appellez

1486 1199 235 104 pecheͬs

1534 1668 252 116 Gał.2.d

1516 2410 267 128 Nul nest

1528 2526 235 104 sauue ꝑ

1522 2595 235 101 la loy/

1498 2675 229 113 mais ꝑ

1492 2767 268 107 la foy toꝰ

1498 2856 265 119 sont sau

1498 2948 122 142 uez.

1025 2939 461 137 K .ii. suis
