2211 3563
703 288 1387 111 suis affiche a sa croix/ affin que estant renou

695 376 1389 108 uelle en ung nouuel hõme: ie subsistasse/ plus

701 463 1391 105 par foy que par la chair/ ⁊ que ie sortisse de ce

689 544 1391 107 monde auec Christ Ie tiẽs ce que une foys ay

679 633 1409 99 entreprins. Christ ne mest pas mort poͬ neant:

667 716 1417 103 auquel ay creu pour neant/ se iay estime sans

671 798 1409 107 sa foy estre sauue en la loy ancienne. Con¬

671 878 1409 107 gnoissant aussi q̃ lhõme nest pas irestifie par

683 962 1405 102 les oeuures de la loy/ sinon par la foy de Ie¬

687 1039 1405 113 suchrist. Aucuns disent. Se ce est uray q̃ Paul

692 1128 1388 95 afferme q̃ nul nest iustifie par les oeuures de

657 1205 1423 111 la loy mais par la foy de Iesuchrist/ il sesuit

651 1298 1431 99 doncques que les patriarches ⁊ ꝓphetes ⁊ les

657 1377 1437 107 saĩctz qͥ ont este deuãt la uenue de Christ̃e ont

661 1460 1427 99 este tous impar faictz. Lesqlz debuõs admõne

683 1543 1397 99 ster q̃ en ce passaige icy est dit/ q̃ ceulx nõt pas

699 1621 1387 107 obtenu la iustice/ qui se estimoiẽt estre iustifiez

716 1692 1367 119 seullement par les oeuures.? Et les sainctz qͥ

710 1778 1379 104 ont este anciẽnemẽt/ aussi ont este iustifiez par

692 1873 1394 95 la foy de Christ.? Mefme Abraam ueit le ioͬ

677 1941 1409 119 de Christ/ ⁊ en fut resioux.? Et Moyse estima

686 2030 1400 116 q̃ lopprobre de Christ estoient plus grandes

701 2117 1388 112 richesses q̃ le tresor des Egiprens. Car il re¬

701 2209 1379 95 gardoit en la remuneration: de quoy les oeu¬

689 2283 1385 110 ures de la loy ne sont pas si fort condẽnees/ q̃

692 2360 1391 122 ceulx qͥ se cõfient estre iustifiez seullement par

692 2443 1397 116 les oeuures de la loy. Car aussi le sauueur dit

701 2535 1379 113 a ses disciples.? Se uostre iustice nabõde plꝰ

703 2616 1379 113 q̃ celle des scribes ⁊ pharisiẽs: uous nentrerez

697 2701 1385 107 point au royaulme des cieulx. Icy doibt on

697 2783 1383 110 assembler cõbien de cõmandemẽs il ya en la

681 2868 1397 120 loy/ que nul ne peult acõplir. Et au cõtraire

392 771 264 125 Au mes¬

377 872 134 125 me.

899 148 909 131 Des oeuures de la loy.

380 1104 285 137 Gał.2.d

407 1659 291 137 Aussi les

404 1781 285 101 peres de

392 1855 282 113 lãcien te

386 1941 258 104 stament

392 2022 258 109 ont este

395 2122 229 98 sauuez

404 2203 214 95 par la

424 2268 122 116 foy.

413 2357 231 110 Ioã.8.g

410 2443 234 110 Heb.11.e

395 2520 258 131 mat.5.c

1743 2957 339 121 fault dire/
