2212 3563
160 299 1391 110 bedience. Pourtant ne fault pas prendre que

169 394 1374 113 cela soit dict par figure: mais de quelque uray

169 475 1377 101 arbre nõ pas quil uint du fruict ou de la põ¬

157 558 1389 116 me qui croissoit en larbre: mais luy estoit le

151 647 1392 110 nom ĩpose de la chose qͥ debuoit ensuiuir par

160 721 1255 125 latouchemẽt faict cõtre le cõmandement.

508 813 674 109 ¶ Au .xiii. Chapitre.

160 899 1380 107 ¶ Finablement celuy qui a peche/ na appete

157 994 1389 83 aultre chose/ que de non estre soubz la domi¬

152 1068 1382 105 nation de dieu quãt cela seroit cõmis: en quoy

151 1146 1389 109 pour ne le point commettre/ on debuoit seule¬

152 1235 1398 99 ment cõsiderer le commandemẽt de dieu. Que

157 1318 1391 107 si on le consideroit seulement/ que considere¬

158 1399 1388 103 roit on aultre chose/ que la uolunte de dieu?

166 1482 1392 107 Quelle chose iroit deuãt la uolunte humai¬

162 1567 1382 107 ne/ sinon la uolũte de dieu? Mais pourquoy

158 1652 1408 103 le seigneur luy commanda/ ce cõgnoit i uĩe:

168 1732 1402 106 il sault que le seruiteur Iace ce quon luy a cõ¬

170 1817 1388 105 mande? ⁊ Odo/cpa/ Qoe derra cestuy qui

160 1902 1400 111 a bien seruy quant il luy sera retribue/ pour¬

162 1985 649 105 quoy il la cõmande.

318 2064 1200 109 ¶ Augu en son Manuel. Chap̃.ciiii.

166 2143 1394 122 ¶ Certainemẽt il estoit licite que lhomme au

160 2229 1394 107 commencement fut faict tel/ quil peust uou¬

166 2315 1385 113 loir bien ⁊ mal: ⁊ que sil uouloit bien quil en

172 2396 1388 109 fut remunere: aussi si uouloit mal/ quil en

172 2492 1400 101 fut pugni: mais cy apres seratellemẽt quil ne

174 2577 1394 99 pourra uouloir mal: ⁊ non pourtant ne sera

182 2658 1382 105 pas sans franc arbitre. Mesme larbitre sera

190 2747 1372 101 beaucop plus libre: de ce q̃ totallemẽt ne pour¬

184 2832 1379 98 ra seruir a peche. Et ne doibt on pas blasmer

180 2915 1378 123 la uolunte: ne dire que ce nest pas uolunte/ ou

428 139 975 172 de Adam. Chap̃.5.

1578 282 262 133 On doit

1566 388 277 113 seulem̃t

1566 481 268 97 obeyr a

1572 552 274 116 la uolũ¬

1575 644 253 101 te et au

1557 727 265 98 cõmãde¬

1532 809 307 101 ment de

1560 890 167 92 dieu.

1566 973 238 122 Iude.b.

1647 160 104 125 7

1563 1134 271 130 esa.14.b.

1566 1297 271 151 1.tim̃.6.c

1584 2117 262 142 La crea¬

1578 2241 280 98 tiõ du p̃¬

1572 2321 277 104 mier hõ¬

1584 2405 256 106 me Adã.

1584 2788 256 178 Ioã.8.c.

1346 3008 216 99 quelle
