2212 3563
283 221 1293 139 Dela loy Iudiciale. Cha.bih.

134 360 1369 113 fault dire/ que aucunes choses de la loy sont

144 449 1339 113 faictes par les hões/ qͥ ne scaiuẽt pas ceste loy.

140 536 1359 103 Mais pour ce ne sõt pas telz operateurs iusti¬

140 615 1357 105 fez/ que telles choses sont faictes sans la foy

124 702 1371 101 de Christ. Cõme pour exemple/ de non dormir

112 787 1379 97 auec lhomme comme auec une femme/ de non

114 863 1381 100 adulterer/ de nõ desrober/ mesme aussi de hon

120 954 1373 95 norer pere ⁊ mere: ⁊ plusieurs autres choses

126 1035 945 109 qui sont commandees de faire.

138 1173 1351 171 ¶ De la loy Iudiciale.

483 1320 647 136 Chapitre .uiii.

528 1444 602 125 ¶ Gene.9.A.

445 1553 1048 131 Hicõques respãdra le sang

451 1665 1053 140 Mramo/ son sang sera re

133 1566 331 355 O

451 1769 336 146 andu

118 1902 1389 124 Exod.18. C. D. ¶ Tu seras au

122 2019 1388 126 peuple es choses qui appartiennent

118 2131 1383 127 a dieu: pour leur relater les choses qͥ

130 2244 1377 135 sõt dictes/ ⁊ affin q̃ tu mõstre au peu

126 2367 1384 115 ple les ceremonies/ ⁊ la maniere de

124 2476 1402 123 hõnorer/ ⁊ la uoye par laquelle ilz

130 2589 1384 122 doibuẽt entrer ⁊ loeuure quilz doib¬

124 2693 1386 139 uẽt faire.◊ Et si pouruoye de tout le

126 2826 1377 123 peuple aucuns hõmes saiges/ ⁊ crai

127 2924 1386 160 onant dieu: esquelz soit la uerite et

1667 237 95 125 7)

1534 1555 279 89 mat.26.e

1544 1633 240 106 Apoca.

1536 1722 135 101 13.c.

1556 2545 220 107 Quelz

1532 2654 244 83 gens on

1528 2719 261 98 doit esli

1530 2816 258 89 re poͬ iu

1536 2888 240 106 ges sur

1537 2978 234 98 le peu¬

1531 3061 119 107 ple.

963 3046 538 133 K .iii quilz
