2212 3563
124 310 1349 145 sont dedieu ordonnees. Et ainsi ce

120 427 1347 149 luyqui resiste a la puissance: il resi¬

130 540 1341 145 ste a lordonnance de dieu. Mais

118 653 1350 157 ceulx qui resistẽt: acquierent a eulx

110 774 1352 128 mesmes damnation. Car les prin¬

108 898 1363 127 ces ne sont pas en crainte/ a la bõne

112 1007 1363 129 oeuure/ mais a la mauuaise. Et ne

106 1122 1359 132 ueulx tu pas craindre la puissance?

106 1233 1369 140 Fais bien/ ⁊ tu auras louẽge en icel¬

106 1349 1369 137 le. Car il test seruiteur de dieu/

104 1484 517 121 pour bien ⁊c.

106 1581 1391 145 1.Pe.2.C. ¶ Soiez subiectz a doute

108 1700 1389 132 hũaine crecaure poͬ lamoͬ de dieu.

112 1809 1373 146 Soit au roycõs au plꝰ excellẽt/ soit

108 1933 1373 139 aux ducz cõme a ceulx qͥ sont de luy

108 2046 1375 135 enuoyez/ poͬ la uẽgeãce des malfai¬

110 2165 1315 135 cteurs ⁊ pour la louẽge des bons.

249 2286 1228 119 ¶ Augustin/ sur lepistre sainct Paul aux

285 2387 1106 101 Romains/ en la loou proposition.

121 2461 1371 131 ¶ Aussi ce qͥl dit/ Toute ame ⁊c. Il ny a pas

121 2550 1362 119 de puissance/ que celle quz est de dieu: il admõ¬

118 2645 1371 107 neste tresbiẽ/ affin que aucumn ne se eslieue par

112 2734 1383 104 orgueil de ce que par la uocation de son sei¬

112 2811 1365 125 gneur en liberte/ est faict Chrestien? ⁊ quil ne¬

112 2886 1368 139 stime pas debuoir garder son ordre au chemin

318 145 1070 178 Iudiciale. Chad̃.bi¬.

1566 190 115 97 76

1495 537 250 134 23.q.1.c.qͥ

1495 635 256 113 culpat̃. ⁊

1481 736 265 109 q.4.c. q̃si

1489 813 158 107 tum.

1489 2153 239 97 Il nya

1489 2240 287 93 point de

1510 2312 264 95 puissãce

1516 2390 247 107 q̃ celle qͥ

1510 2470 259 119 regist le

1498 2568 235 92 peuple

1513 2630 256 119 selõ lor¬

1510 2725 259 101 donnãce

1504 2808 235 101 de dieu.

1516 2883 255 115 On doit

920 2981 571 108 K .iiii. de ceste
