2211 3563
430 296 211 122 garder

401 391 297 101 ordre en¬

416 472 222 106 tre les

416 549 264 119 Chresti¬

420 653 148 95 ens.

713 296 1370 128 de ceste uie: tellement quil estime qͥl ne doibue

713 394 1376 116 estre subiect aux haultes puissãces/ ausquel¬

707 478 1376 103 les pour ung tẽps est baillee la gouuernance

689 573 1391 106 des choses tẽporelles. Car cõme il soit q̃ soiõs

671 669 1413 89 de corps ⁊ de ame: tãdis que nous sõmes en ce

665 738 1415 103 ste uie tẽporelle/ usons aussi des choses tempo

665 821 1413 103 relles poͬ aider a passer ceste uie: ⁊ nous sault

669 904 1403 103 en la partie qͥ appartient a ceste uie/ estre sub¬

685 989 1383 101 iectz aux puissances/ cest odire aux hõmes/ qͥ

681 1070 1383 97 administrent les choses humaines auec q̃lqrie

680 1157 1379 93 hõneur. MMais de la ꝑtie ꝑ laq̃lle noꝰ croiõs

659 1229 1406 113 a dieu/ ⁊ sõmes appellez en sõ royaulme: il ne

659 1312 1412 107 nous fault pas estre subiectz a q̃lq̃ hõme esti¬

677 1407 1391 101 mãt auolir en noꝰ la mesme chose quil a pleu

701 1478 1290 110 a dieu de nous donner pour la uie eternelle.

903 1565 923 107 ¶ Augustin en lexposition de

1020 1652 671 97 lepistre ad Galatas.

701 1719 1370 118 ¶ En la foy de Christ/ il ny a q̃lque differẽce

674 1823 1403 89 entre le Iuif ⁊ le Grec/ ne entre le seruiteur/ et

662 1894 1403 107 le libre/ ne entre lhõme ⁊ la seme.? Car en ce

653 1977 1409 113 q̃ tous sõt fideles tous sõt ung en Iesuchrist.

671 2057 1394 116 Et si lafoy faict ceste chose/ par laq̃lle en ceste

695 2143 1370 107 uie on chemne/ ⁊/te/ et: cõcien plus par fai-

689 2235 1370 101 ctemẽt ⁊ plus grandemẽt sera ceste mesme espe

671 2315 1393 105 ce/ quãt nous la uerrõs face a face? Car cõbiẽ

667 2399 1397 97 que maintenãt ceulx qui ont les premices de

671 2482 1389 103 lesprit/ iceluy soit la uie a cause de la iustice

673 2565 1387 107 de foy: toutesfoys pour ce que le corps est enco

669 2650 1387 105 re mort a cause du peche: ceste difference/ ou

673 2731 1381 111 des gentz/ ou de condition/ ou de sexe/ laquel¬

661 2812 1389 107 le urayemẽt est desia ostee par lunite de lesprit

651 2899 1397 117 toritesfoys demeure elle en la guersation mor¬

1170 176 403 138 De la loy

383 1140 279 115 Nous sõ

377 1235 244 89 mes li¬

368 1315 259 98 bres par

374 1389 241 101 la foy/

383 1478 291 95 mais poͬ

398 1563 287 95 les fre¬

394 1654 307 83 res nous

395 1731 273 98 sommes

389 1811 169 107 serfz.

377 1894 244 110 Il ny a

371 1989 235 98 pas de

377 2057 255 104 differẽce

371 2152 294 104 en la soy

383 2238 285 110 de christ.

1868 2994 178 93 telle/
