2212 3563
112 279 1365 154 telle/? ⁊ ꝯussi les apostres commandent qere

121 380 1338 136 lordre dicelle soit gardee au chemin de ceste

133 457 1326 139 uie: Hquelz aussi baillent des reigles tres sa¬

127 549 1338 130 lutaires/ comment on uiura lung auec lau¬

118 626 1350 128 te/ ⁊ pour la difference de Iuifz ⁊ du Grec/ ⁊

106 708 1365 137 pour la difference de la condition du seigneur

104 791 1369 131 ⁊ du seruiteur/ ⁊ pour la difference du sexe de

99 882 1370 127 lhõme ⁊ de la femme/ ou si aucunes telles cho

114 963 1359 131 ses uiennent au deuant. Aussi mesme le sei¬

112 1045 1365 133 gneur dit premier.? Rendez a Cesar ce qui ap

110 1128 1373 128 partient a Cesar: ⁊ a dieu ce qui appartient a

106 1219 1369 125 dieu. Car autres sõt les choses que nous gar¬

106 1298 1381 125 dons en unite de foy sans quelque difference:

112 1379 1377 129 ⁊ autres sont celles que nous gardons en lor¬

110 1470 1383 121 dre ce ceste uie comme en la uoye: affin que le

114 1543 1391 131 nom du seigneur ⁊ sa doctrine ne soit pas blas

128 1627 1388 130 phemee. Et ce non (eudement acoule de ure/

132 1708 1394 132 affin que nous eschappõs loffense des hom¬

134 1791 1378 127 mes/ mais a cause de la con /aience: afin que

126 1876 1375 123 non par simulation ⁊ comme faisant ces cho

126 1961 1375 127 ses deuant lez hommes/ mais que par pure cõ

128 2046 1377 119 science de dilection/ et pour lamour de dieu

128 2125 1375 133 nous le faisons lequel ueult que tous hom¬

142 2226 660 115 mes soient sauuez ⁊c.

364 2306 939 112 ¶ Augustin/ ad Macedonium/

568 2389 533 93 en la. biui epistre.

142 2437 1395 155 ¶ Celu/y de uous qui est Ians pecde/ quil iecte

142 2539 1412 131 le premier la pierre sur elle: ensuiuons lexem¬

156 2618 1394 133 ple de celuy qrri a dit ceste parolle: la ou ueri¬

154 2701 1386 139 tablement cestuy estoit sans peche/ il dit a la

156 2794 1382 127 femme/ que ceulx tous espouuentez auoient

156 2880 1384 138 delaissee. Ie ne te condẽneray point uas/ mais

344 133 1053 181 Iudiciale. Chag̃.ui..

1504 285 276 106 Les apo

1483 377 306 101 stres en-

1483 448 294 122 seign ent

1486 534 241 92 ordre en

1495 608 217 131 leglise.

1588 178 73 91 N

1501 1039 262 124 mat.22.c

1563 2428 232 128 Ioã.8.a

1269 2963 271 107 ne peche
