2211 3563
1079 174 408 136 De la loy

685 306 1389 111 ne peche plus doresenauant. Se la malice ta

679 397 1401 109 peult pardõner: que crains tu innocence? Et

669 484 1397 103 affin quil ne fust pas estime docteur de peche/

661 566 1403 101 uoire aussi ne approuueur: il dist ua/ mais do

651 647 1415 111 resenauãt ne peche plus: affin qͥl monstrast qͥl

645 734 1419 101 auoit pardõne a lhõme/ ⁊ non pas q̃ la coulpe

650 810 1409 113 de lhõme luy pleust. * Desia uois tu doncq̃s

653 893 1406 116 q̃ ce descend de bõne amour/ ⁊ q̃ ne sõmes pas

662 976 1397 113 reprins de societe de crime/ quãt souuent nous

665 1054 1382 124 prions pour les pecheurs plains de crime: et si

653 1146 1391 106 nous ne sommes pas en crime aumoins nous

633 1233 1411 99 qͥ sommes pecheurs priõs pour les pecheurs:

620 1314 1434 101 ⁊ mesme ce que ueritablemẽt nous pouuõs di

618 1399 1438 107 re plus tost que par iniure/ nous faisõs aussi

644 1481 1403 95 prieres enuers les pecheurs. * Et pourtant ne

665 1552 1376 107 sont pas ueritablemẽt poͬ neant ordõnees les

674 1644 1373 104 puissances du roy/ la force de lespee de lappa

668 1722 1376 104 riteur/ les armures du cheualier/ la correctiõ

650 1796 1391 125 de celuy qͥ domine/ ⁊ aussi la crudelite du bon

630 1892 1406 107 pere. Toutes ces choses ont leurs manieres/

630 1965 1402 116 leurs causes/ leurs raisons: et leurs utilitez.

624 2058 1422 109 Quant icelles sont craintes/ les mauuais sõt

620 2143 1416 103 cõtrainctz/ ⁊ les bons uiuent plus a repos en¬

618 2232 1418 101 tre les mauuais: non pas que ceulx doibuent

614 2308 1424 106 estre appellez bons/ qui ne peche pas en crai¬

620 2391 1416 111 gnant telles choses (car nul nest bon par la

641 2476 1382 107 crainte de la peine/ mais par lamoͬ de iustice)

644 2547 1385 116 * toutesfoys ce nest pas sans utilite q̃ laudace

653 2627 1370 122 humaine est cõtrainte par la crainte des loix:

647 2719 1382 107 affin q̃ linnocẽce soit asseuree entre les mau¬

630 2796 1393 110 uais/ ⁊ q̃ en les reprouuant quãt par la crain¬

612 2888 1405 128 te diz tourmẽt la faculte est refrenee/ que aussi

368 783 264 122 Le Chre

356 884 279 107 stiẽ peult

353 970 288 107 prier poͬ

341 1054 297 101 les crimi

341 1128 179 127 nelz.

362 1451 259 113 le droict

359 1561 288 98 ciuil nest

368 1638 270 81 pas or¬

368 1713 282 107 dõne poͬ

356 1808 220 107 neant.

347 1938 265 155 Ps̈.124.

332 2458 292 104 mat.12.c

326 2541 265 110 La loy

320 2630 312 101 iudicia¬

323 2707 298 98 le ꝯtraĩt

332 2788 271 109 la teme¬

338 2868 253 116 rite hu¬

344 2977 212 97 maine.

1545 2992 477 107 en inuocquant
