2212 3563
350 169 1059 160 Iudiciale. Chap̃.uiii.

116 318 1381 129 en inuocquãt dieu la uolũte soit sanee. Aussi

126 413 1361 113 Les intercessiõs des euesques ne sont pas con¬

138 494 1347 119 traires a ceste ordonnance des choses humai¬

138 577 1361 115 nes. Mesme ny auroit ne cause/ ne lieu de fai

128 659 1365 114 ne intercessiõ/ se ces choses nestoiẽt. Car dau¬

118 742 1375 117 tant sont les benefices des intercesseurs/ et de

114 829 1375 115 ceulx qͥ pardonnẽt plus plains de grace/ dau¬

118 908 1369 117 tant que les tourmẽtz des pecheurs sont plus

121 982 1371 134 iustes. * Et nest pour autre chose/ de ce que ie

121 1074 1365 122 puis entẽdre en lanciẽ testamẽt/ q̃ au tẽps des

115 1149 1374 130 anciẽs prophetes la uengeãce de la loy estoit

112 1232 1380 127 plus cruelle: sinon affin quil fust mõstre/ que

112 1318 1380 127 aux mauuais estoiẽt ordõnees les peines: af¬

121 1398 1371 122 fin q̃ de ce que nous sõmes admõnestez/ q̃ lin¬

115 1490 1377 113 dulgẽce du nouueau testamẽt nous pardõne/

118 1573 1395 125 ou que ce soit le remede de salut par lequel il

128 1656 1410 115 nous pardõne aussi noz pechez/ ou que ce soit

134 1741 1384 117 la louẽge de sa doulceur: tellemẽt q̃ par ceulx

130 1823 1373 118 qui pardonnent/ la uerite publiee ne soit pas

126 1908 1373 114 seullemẽt crainte/ mais aussi q̃lle soit aymee.

126 1991 1379 117 Mais il y a grãde differẽce de scauoir de quel

122 2072 1381 117 couraige ung chascun pardõne. Car cõme au

128 2155 1373 105 cunesfois la misericorde punit: pareillement

132 2238 1365 113 aussi la crudelite pardõne. Et affin que pour

134 2319 1359 119 exẽple ie mette quelque chose. Qui est cestuy

126 2403 1386 112 qui nappellera ueritablement le pere cruel/

130 2482 1400 122 qui pardonnera a son enfant uueillant osti¬

136 2569 1404 121 nemẽt soy iouer des serpens? Qui ne dira ce¬

136 2654 1400 117 luy estre misericordieux/ qui en deffendãt tel¬

132 2735 1384 119 les choses/ aussi amendera par bastures ce¬

127 2811 1377 125 luy qͥ est mespriseur des parolles? * Et pour¬

130 2894 1374 164 tant ne doibt pas estre la discipline esten¬

1596 192 107 110 78

1540 967 223 125 Pour¬

1510 1054 267 106 quoy la

1510 1146 267 104 loy ãciẽ¬

1507 1226 270 110 ne estoit

1510 1321 270 104 si cruelle

1510 1392 256 119 Sapiẽ.

1510 1475 140 107 14.d

1531 1552 273 134 2.Io.4.d

1548 2734 241 187 Les iu¬

1525 2894 252 137 ges doi¬

1144 2990 363 113 due iusques
