2211 3563
430 308 283 143 uẽt aussi

427 415 280 125 pugnir ꝑ

433 510 232 92 miseri¬

427 584 179 98 corde.

416 665 252 112 Psał.17.

398 754 267 142 Esa.53.b

731 317 1370 172 due iusques a la mort: uoire quant on y peult

713 442 1388 128 remedier: cõbien aussi quil y a grãde differẽce/

701 510 1397 140 quãt lhomme est occis par lhõme/ ascauoir se

695 608 1406 128 ceste chose est faicte par desir de nuyre/ ou de

689 694 1409 128 prẽdre q̃lque chose iniustemẽt/ cõme il est faict

680 769 1412 127 de lennemy/ cõme il est faict par le larron: ou

679 865 1411 116 pour faire la uẽgeance/ ⁊ ꝑ lordre de obediẽce/

685 938 1407 126 cõme il est faict par le iuge ou par le borreau:

689 1021 1399 131 ou pour eschapper/ ou pour subuenir a la ne-

675 1102 1405 133 cessite/ cõme le larron est occis du uoyaiger/ ⁊

674 1172 1397 152 lennemy de lhõme darme ⁊c.4Dõcq̃s uostre

662 1261 1418 140 seuerite prouffite par laquelle ayssi nostre re¬

656 1353 1427 137 pos est ayde: nostre intercessiõ aussi prouffite

659 1443 1391 118 par laquelle uostre crudelite est amoderee.

662 1520 1397 130 A Toute ame (dit il) soit subiecte aux haultes

686 1603 1379 130 puissances ⁊c. Ce sõt les parolles de lapostre/

689 1680 1387 131 qui mõstrẽt lutilite de la seuerite. Et pourtãt

675 1763 1397 139 cõme il est cõmande aux craingnãs de aymer

661 1850 1413 135 cenlx qui font la menace: aussi a ceulx qͥ me¬

645 1935 1417 137 nacẽt est cõmãde/ de aymer ceulx qͥ craingnẽt.

644 2004 1418 151 Riens ne se faice par desi de nuyre a aucun/

630 2106 1436 128 mais q̃ tout se faice par charite ⁊ par desir de

630 2179 1422 136 cõseiller: ⁊ que riẽs ne se faice inhumainemẽt/

639 2262 1417 129 ou pusillamimemẽt. Et cansi la uengeãce du

641 2347 1413 137 iuge sera tedemẽt crainte/ q̃ aussi la religion

649 2426 1405 141 de lintercesseur ne sera pas cõtẽnee: car soit en

659 2513 1395 137 pugnissant ou en pardõnãt ce se doibt seulle¬

657 2593 1393 140 ment faire/ q̃ la uie des hõmes soit amendee.

653 2674 1397 146 Que si la malice ⁊ linfidelite est si grãde: que

653 2764 1388 139 pour la corriger/ ne la discipline ne le pardon

627 2835 1408 157 ny prouffite en riẽs: toutesfois ceste chose nest

618 2933 1424 139 pas a cõplie des bõs par intẽtion ou cõscience

1093 221 442 135 De la loy

362 1155 297 130 La seue¬

356 1261 288 98 ritedu tu

371 1342 261 112 ge prouf

374 1431 267 115 fite aux

388 1510 196 89 bons.

389 1579 249 128 Ro.13.a

350 1956 274 140 eccn.15.a

341 2713 277 164 Sopho.

350 2832 107 110 3.a

1745 3054 293 105 que dieu
