2211 3563
1127 162 444 130 De la loy

784 302 1193 105 ¶ Augustin au liure cõtre Adamãtum

853 385 1098 107 disciple de Manichee au .uiii. chap̃.

698 469 1373 101 ¶ De ce quil est escript en Exode Oeil pour

689 543 1382 119 oeil/ dent pour dẽt/ ⁊ toutes telles autres cho¬

677 623 1391 113 ses. Sur ce passaige icy uiennent les Mani¬

659 724 1406 92 cheens a calõnier/ pource q̃ en la loy anciẽne

653 807 1403 92 est ꝑmise la uẽgeãce de faire le pareil: ⁊ est dit/

659 881 1400 113 quil fault ꝑdre oeil poͬ oeil/ ⁊ dent pour dent:

659 969 1401 103 cõe silz uouloient dire q̃ le seigñr ait demõstre

659 1053 1399 101 deux choses en leuãgile cõme contraires ⁊ di¬

653 1140 1394 101 uerses. Car il dist. * Uous auez ouy qͥl est dit

628 1225 1416 99 aux anciẽs. Oeil poͬ oeil/ dent poͬ dẽt. Mais

620 1308 1438 99 ie uous dis/ q̃ uous ne resistez point au mal:

630 1387 1420 103 mais si quelcun ta frappe en une ioue/ baille

643 1468 1395 97 luy aussi laultre. Et qͥcõque uouldra estriuer

657 1549 1387 105 en iugemẽt cõtre toy/ ⁊ te oster ta robbe: laisse

659 1631 1389 95 luy aussi le mãteau. Esquelles deux sentẽces

653 1718 1395 95 est ueritablement demonstree la difference des

645 1799 1399 105 deux testamẽtz: toutesfois tous deux ordõnez

641 1882 1397 104 dung mesme dieu. * Car poͬ ce q̃ au p̃mier les

630 1956 1405 104 hõmes charnelz estoiẽt beaucoup plus uindi¬

624 2048 1408 98 catifz/ ⁊ plus ardantz de eulx uẽger/ q̃ nestoit

635 2119 1406 113 liniure de laq̃le ilz se plaingnoiẽt: a eulx fut

641 2214 1376 104 ordõne le p̃mier degre de doulceur/ tellemẽt q̃

647 2298 1388 109 la douleur de celuy qͥ se uengeroit ne excedast

647 2377 1387 103 nullemẽt la mesure de liniure qͥl auroit receu.

645 2464 1389 103 Et par ainsi celuy qui p̃mier auroit apris de

643 2549 1381 97 nõ exceder la uẽgeãce/ pourroit aucunesfoys

641 2626 1387 111 pardõner liniure. Dequoy le seigñr desia par

637 2711 1393 107 la grace de leuangile amenant le peuple a la

633 2796 1393 103 paix souueraine: il a edifie ung aultre degre

628 2882 1390 112 srir ce p̃mier: affin q̃ celuy qui desia auoit ouy

401 418 279 140 Oeil poͬ

407 540 264 101 oeil/ dẽt

395 623 264 110 poͬ dent.

386 715 261 104 exo.21.c.

368 798 267 95 leui.24 d

362 878 273 110 deu.19.d

350 1113 285 134 Mat.5.f

350 1837 274 134 La con¬

338 1947 274 104 cordance

338 2036 262 104 du nou¬

335 2122 280 101 ueau ⁊ ð

344 2194 277 104 lanciẽ te

350 2280 241 145 stamẽt.

1781 2973 247 112 quil ne
