2211 3563
641 314 1415 107 q̃lle ne doibt pas estre appellee libre: par la¬

639 405 1429 105 quelle nous uoulons ainsi estre biẽ heureux:

645 492 1409 99 que nous ne uoulons pas non seulemẽt estre

645 572 1409 101 miserables/ mais aussinullement ne le pouõs

659 657 1389 101 uouloir. Et ainsi que maintenant aussi nostre

653 738 1393 103 ame a de non uouloir infelicite/ ainsi aura elle

643 823 1403 103 adõc tousiours de nõ uouloir iniquite. Mais

630 906 1412 95 ne fault pas laisser derriere lordre: en laq̃lle

620 989 1420 101 dieu a uoulu mõstrer cõbien bõ est lhõme rai¬

626 1072 1414 107 sonnable/ leq̃l aussi pouoit pecher: cõbiẽ q̃ ce¬

622 1159 1416 103 luy soit meilleur qui ne peult pecher. Cõme

628 1239 1410 101 aussi en Adã estoit la moindre immortalite/

631 1324 1393 101 en laq̃lle aussi pouoit mourir: mais la plus

635 1407 1306 103 grande uiẽdra/ la ou on ne pourra mourir.

1063 1486 630 105 ¶ Au .cu. Chapitre.

641 1561 1391 110 ¶ Adam perdit la premiere immortalite par

653 1647 1379 113 le franc ar uitre: mais lhõme recepura la se-

650 1742 1379 101 conde par la grace/ quil debuoit recepuoir par

627 1826 1402 103 merite sil neust pas peche: combien que aussi

621 1909 1402 104 adonc nul merite ne pouoit estre sans grace.

612 1989 1412 103 Car aussi combien que le peche fut seulemẽt

608 2072 1420 101 conftitue au frõc arbitre/ nõ pourtant nestoit

614 2153 1410 99 point suffisant le franc arbitre de retenir la

644 2241 1373 104 grace: se layde diuine nestoit donnee par la

650 2330 1367 95 participation du bien immuable. Car comme

647 2402 1367 109 il est en la puissãce de lhõme de mourir quãd

638 2482 1379 107 il ueult? car il nest nul qui ne se puist tuer/ ou

630 2580 1387 98 en point mangeant/ ou en faisant aultre cho¬

624 2658 1392 103 se: mais la uolunte nest point suffisante pour

622 2741 1394 95 tenir la uie/ se les aydes ou des uiandes ou de

620 2824 1392 105 q̃lque aultre medecine deffaillent. Ainsi quãd

615 2915 1385 125 lhomme estoit en paradis/ il estoit y doine par

879 168 812 140 De la transgression

341 1555 277 107 Adã per¬

344 1647 283 104 dit ĩmor

344 1731 256 103 talite ꝑ

341 1808 271 116 le franc

335 1894 238 125 arbitre.

335 2220 286 116 Psał.59.

329 2315 298 113 Esa.12.a

332 2399 292 112 psał.117.

329 2494 268 98 Compa

332 2562 238 160 ration.

1664 2998 344 111 sa uolunte
