2212 3563
124 290 1375 117 quil ne falloit pas prẽdre plus grãde uẽgeãce/

130 380 1357 110 q̃ liniue nestoit faicte/ q̃ aussi ayãt sa uolũte

136 465 1361 109 appaisee fut ioyeux de tout pardõner. Ce que

142 548 1357 95 aussi le ꝓphete a annõce es anciens liures/ di¬

136 617 1350 125 sant:? Seigñr dieu/ se iay faict ceste chose/ sil

130 712 1351 107 ya iniquite en mes mains. Se iay rendu les

116 795 1373 107 maulx a ceulx qͥ me les rẽdoiẽt ⁊c. Et laultre

118 876 1367 109 prophete dit/ dung souffrãt telles manieres de

115 956 1368 112 iniures/ ⁊ les portãt legieremẽt.? Il a dõne la

118 1036 1365 116 ioue a celuy qͥ le frappoit: il sera rassasie dop¬

118 1126 1375 111 probres. De quoy on entend aussi que la me¬

118 1207 1365 115 sure de uẽgeãce est iustemẽt ordõnee aux char

112 1292 1379 107 nelz: et que la totalle remission de liniure nest

116 1375 1377 109 pas seullement cõmandee au nouueau testa¬

116 1462 1369 97 ment/ mais est long tẽps par auant ꝓnoncee

118 1545 664 109 en lancien testament.

124 1692 1380 181 ¶ Ascauoir sil est Llicite

124 1862 1313 127 de plaider en proces cõtre aultruy.

118 2039 1362 143 1.Corin.6.A. ¶ Aucun de uous a

118 2158 1362 152 bien la hardiesse/ ayant quelque af¬

132 2286 1323 124 faire contre ung aultre/ destre iugr

124 2396 1362 136 enuers les iniostes/ et non pas en¬

138 2513 778 127 uers les sainctz ⁊c.

384 2618 911 115 ¶ Augustin en son Manuel/

522 2711 646 103 au .lxxuii. chapitre.

126 2787 1371 112 ¶ Aussi pourroit on icy esti mer que dauoi su

120 2876 1375 120 gement cõtre ung aultre ne seroit pas peche:

383 124 1002 175 Iudiciale. Cha.bih.

1564 164 123 134 80

1510 620 229 116 Psał.7.

1495 944 247 133 Threñ.

1495 1054 98 115 3.d

1504 2078 262 104 11.qõ.1.c.

1504 2161 253 107 si luester

1501 2252 277 91 ⁊.c. rela¬

1498 2324 291 98 tum. ⁊.c.

1510 2405 279 127 placuit.

1312 2963 191 107 mais
