2211 3563
430 475 268 98 1.cor.6.b

433 558 247 116 Il nap¬

421 644 247 116 part/ ent

416 727 240 119 pas de ꝓ

392 828 258 83 ceder en

386 896 276 125 iugemẽt

709 314 1389 111 mais seullement seroit peche de uou loir estre

701 405 1393 107 iuge hors de leglise: se ce nestoit qͥl dist ensuy¬

716 489 1379 104 uant.? Maintenãt urayemẽt est ce totallemẽt

695 578 1400 96 peche en uous/ que uous auez des proces entre

689 653 1406 101 uous. Et affin q̃ nul ne se excusast/ disant qͥl

677 745 1412 86 a iuste cause ⁊ que miustement il seuffre/ par¬

680 828 1406 92 quoy ueult que ceste iniustice soit ostee par la

695 899 1394 104 sentence des iuges: lapostre incontinent uient

695 991 1389 101 au deuãt de telles pẽsees ⁊ excusatiõs/ disant:

687 1074 1399 101 Pourquoy ne souffrez uous point plus tost

669 1157 1411 101 imiure? Dourrquoy ne uoꝰ laissez uous point

657 1241 1419 103 plus tost frauder? Affin q̃ on uiengne a ce que

662 1318 1418 98 le seigñr dit.? Se quelcun ueult oster ta rob¬

662 1416 1409 95 be et estriuer auec toy en iugement: laisse luy

675 1486 1395 105 aussi le manteau. Et en ung aultre lieu dit.

701 1558 1367 113 A Celuy qͥ te ostera tes choses/ ne les redemã¬

707 1653 1364 107 de point. Parquoy doncq̃s il a deffendu aux

704 1739 1376 101 siens de faire proces cõtre les aultres hõmes

683 1817 1391 95 des choses secuheres. De laq̃lle doctrine la¬

665 1891 1403 110 postre dit ce estre peche. Toutesfoys quant il

651 1991 1417 103 permect en leglise que telz iuge/ẽs soient de¬

645 2070 1421 105 cidez entre les freres/ ⁊ que les freres en soient

649 2159 1417 95 les iuges: neant moins le deffend merueilleu¬

657 2234 1409 107 sement uors de leglise. Et aussi est manifeste

669 2321 1395 113 quelle chose icy selon lindulgence est permis

677 2403 396 110 aux foibles.

681 2527 1381 135 Hebre.10. G. ¶ Et auez souffert

677 2646 1379 129 ioyeusement la rapine de uoz biẽs:

671 2763 1387 134 congnoissant que uous auez aussi

651 2878 1328 140 meilleure substance ⁊ permanẽte.

1192 182 414 126 De la loy

380 1294 261 134 Mat.5.f

395 1404 252 110 Luc.6.d

407 1558 249 107 Luc.6.d

407 1650 246 107 Proces

398 1728 258 101 illicites

395 1805 246 116 sõt def¬

383 1903 244 119 fendus.

1747 2990 291 131 ¶ Iehan
