2212 3563
300 136 1073 166 Iudiciale. Chap̃.uiii.

209 275 1248 142 ¶ Iehan Chryso. en loeuure imparfaicte

326 372 1056 126 sar ce passaige de sainct Matth.u.

134 457 1353 130 ¶ Se q̃lcun te frappe en une ioue/ baille luy

128 538 1379 119 aussi lautre. Et a celuy qui ueult estriuer auec

126 625 1365 129 toy en iugemẽt/ ⁊ te oster ta robbe: laisse luy

112 706 1374 131 aussi le mãteau. * Premieremẽt cest une chose

98 792 1388 128 indigne/ que ung hõme fidele se tiẽne en iuge¬

98 864 1397 139 mẽt en la presence dung iuge infidele. Car sil

104 956 1391 118 nest pas infidele au moins est il seculier: ⁊ ce¬

110 1036 1385 124 luy qui te debuoit hõnorer a cause de la digni

104 1116 1391 139 te de la foy/ il te iuge poͬ la necessite de la cau

108 1209 1385 127 se: ⁊ perdras la dignite de Christ poͬ les nego¬

104 1285 1391 131 ces du monde. Ne uault il pas mieulx que tu

108 1371 1397 129 perde la chose du mõde/ q̃ la gloire spirituel¬

110 1460 1398 127 le? Certainement celuy qui estime le gaing de

112 1540 1396 132 lame estre grande chose: il estime bien peu le

114 1627 1410 124 dõmaige de la chose tẽporelle. Celuy dõcques

126 1704 1406 130 a qͥ il est plus difficile de laisser perdre sa cho¬

124 1797 1390 125 se/ que de entrer en iugement: quil pense a ce/

118 1868 1387 135 quil est fort difficile de sortir du iugemẽt sãs

112 1947 1395 137 peche. * Et est plus facile de laisser son biẽ de¬

112 2048 1383 116 uãt quon uoit en iugemẽt: q̃ de euiter le peche

115 2131 1389 110 au iugement. * Ainsi dõcques que Ioseph de¬

121 2200 1386 145 laissa son manteau en la main de la paillar¬

118 2289 1395 136 de: ⁊ senfouyt auec ung meilleur manteau de

118 2381 1383 119 chastete: iecte aussi pareillement le mãteau en

130 2464 1386 121 la main de celuy qui te traicte en iugement: ⁊

140 2543 1392 125 ten fuys auec ung meilleur mãteau de iustice

138 2624 1390 127 que par quenture la ou tu ueulx deffendre la

136 2707 1382 127 uesture du corps/ tu ne perde la precieuse rob¬

126 2792 1384 129 be de lame. Dauãtaige se les infideles uoyẽt/

126 2876 1388 148 q̃ toy qui es Chrestien tu rende plus griefues

1592 152 91 135 81

1507 668 264 136 Cest cho

1507 771 282 113 se ĩdigne

1513 858 267 106 de demã

1513 947 264 98 der iuge

1513 1042 276 86 ment de

1513 1104 264 134 linfidele

1516 1285 261 137 Ioã.12.b

1528 1944 258 134 Le peche

1519 2066 238 86 est peu

1525 2131 252 110 souuent

1528 2226 267 89 euite au

1537 2298 255 109 iugemẽt

1525 2381 264 127 geñ.39.c

1031 2951 479 160 L iniures
