2211 3563
719 285 1386 108 iniures q̃ celles quon ta faict: ⁊ pour les cho¬

725 374 1382 105 ses terriennes empescher les iuges seculiers/

721 461 1390 101 uoire iusques a la perdition de lame cõtre ce¬

725 542 1384 95 luy qͥ prẽt le tien iniustemẽt: cõment croyront

717 625 1394 103 ilz q̃ lesperã ce du royaulme celeste soit uerita

713 706 1400 107 ble/ q̃ les Chrestiẽs annõcẽt?? Car ceulx qui

705 789 1406 109 ont esperãce des choses celestes contẽnẽt faci¬

701 872 1412 111 lemẽt les choses terriẽnes. Mais ceulx qͥ em¬

709 960 1400 100 brassent a force les choses terriẽnes: ie ne scay

717 1041 1394 103 silz croyent fermement que les choses celestes

707 1124 1400 103 leur soiẽt promises. Car nous ne debuõs seul¬

691 1207 1416 109 lemẽt souffrir celrey qͥ nous frappe/ a cause de

683 1292 1430 103 nostre ame/ ou nõ repugner a celrey qrti nous

703 1373 1406 103 oste noz choIes: mous oussi le debuõs faire poͬ

719 1458 1388 97 la demõstration des inuariables xmesses de

729 1540 1376 102 Christͬ tellement q̃ celuy qui te aura ueu non

729 1623 1386 93 auoir cure de tes propres iniures/ ⁊ desprisant

731 1702 1386 105 les choses terriẽnes cõme riẽs: qͥl entẽde ueri¬

723 1787 1386 105 tablemẽt q̃lle est la trescertaine esperance des

707 1868 1400 109 Chrestiẽs au ciel/ plus precieuse q̃ toutes les

699 1953 1399 99 choses terriennes/ ⁊ q̃ la uie est plus plaisante

705 2038 1345 115 que toute la fruition de ceste uie de la chair.

889 2205 1074 164 ¶ De la grace ⁊ du

962 2351 963 143 merite. Chap̃.ix.

1093 2486 598 134 ¶ Roma.1.A

1044 2614 1069 135 Race ⁊ paix uous soit don¬

1048 2737 1061 123 nee de dieu le pere/ ⁊ de no¬

1034 2838 823 178 stre seigñr Iesuchrist.

435 736 258 103 Le coms

421 829 234 87 nement

418 916 219 95 des fa-

406 995 231 91 cultez.

1075 148 505 129 De la grace

433 1561 270 109 Edifica

437 1648 264 99 tiõ de sõ

442 1731 280 136 ꝓchain.

420 2656 293 85 ⁊.corĩ.1.a

421 2733 294 97 colos.1.a

427 2820 286 99 1.tim̃.1a

726 2616 319 349 O

1796 2959 309 122 Ro.7.D
