2212 3563
368 207 1062 161 et damerite. Cha.i4.

322 364 1020 113 ¶ Augustin des parolles de lapo¬

427 451 733 103 stre/ au second sermon.

151 519 1350 119 ¶ Nous sommes sauuez par la grace/ ⁊ non

139 614 1362 110 pas de nous mesmes/ mais cest le don de dieu.

139 703 1380 95 ACertainement il ya des hõmes ingratz de la

118 780 1395 110 grace/ lesq̃lz attribuẽt beaucoup a la poure et

112 861 1392 115 nauree nature. Il est uerite q̃ quant lhõme fut

124 947 1377 112 faict/ quil receut grãdes forces du franc arbi¬

127 1027 1371 104 tre: mais il les perdist en pechãt. Il tresbucha

118 1110 1383 110 en la mort/ ⁊ en fut faict foible.? Il est delais¬

118 1190 1386 113 se des larrõs en la uoye a demy mort. Le Sa¬

112 1273 1383 113 maritain passant la mis sur sa Iument/ leq̃l

118 1365 1380 107 samaritain est interprete/ gardeur/ ⁊ encore la

120 1450 1392 103 amene a lestable. Dequoy se eslieue il? Enco¬

116 1532 1396 108 re le guerit on. Mais il me suffit (me dit il) q̃

120 1629 1416 91 iay receu au baptesme la remission de tous

126 1702 1420 97 mes pechez. Uour ce que uiniquite est ostee/ lin

134 1779 1386 107 firmite est elle pourtãt /mee? Iaycere o

121 1858 1386 98 la remssion de /ous mes pechez. ? Il est tout

121 1941 1386 110 uray: tous les pechez sont effacez au sacremẽt

118 2027 1389 95 de baptesme: toutes les parolles/ les oeuures/

118 2108 1392 101 les pensees sont totallemẽt pardõnees. Mais

121 2206 1386 89 quest ce/ que en la uoye fut repandue lhuyle ⁊

127 2277 1377 104 le uin? Retenez bien/ commẽt cestuy qui estoit

133 2372 1380 101 ademy moit en la uoye/ naure des larrõs/ fut

124 2440 1407 113 ꝯsole: en prenãt Uuyde ⁊ de uin en ses ꝯlayes

126 2529 1440 97 Et ainsi alors fut pardonne son erreur: ⁊ tou¬

139 2606 1401 101 tesfoys la lãgueur est guerie en lestable.? Se

136 2690 1389 112 uous congnoissez lestable/ cest leglise. Cest

124 2776 1389 110 maintenant lestable/ pour ce que en uiant

124 2862 1389 110 nous passons: ce sera une foys la maison/ de

127 2951 1386 130 laquelle iamais ne sortirõs: quãt nous serõs

1534 519 288 116 matt.1.d

1537 608 252 104 ephe.2.d

1563 700 194 98 Lesq̃lz

1537 786 258 98 sont in-

1534 858 258 115 gratz de

1534 950 264 101 la grace

1525 1030 261 110 de dieu.

1534 1116 276 107 Luc.10.e

1543 1208 261 89 Cõpara

1528 1273 279 119 tion euã

1525 1362 217 113 gelicq̃.

1613 237 105 115 8z

1534 1852 237 116 Au ba

1534 1950 223 107 ptesme

1540 2039 261 95 tous pe¬

1540 2114 249 109 chez sõt

1540 2194 261 116 ꝓdõnez/

1534 2274 276 122 mais nõ

1546 2363 255 113 desraci¬

1563 2458 125 95 nez.

1584 2583 217 136 Leglise

1543 2696 261 106 est en le¬

1546 2788 243 98 uangile

1537 2865 255 119 appellee

1546 2945 228 119 estable.

976 3038 542 101 L .iii. uenus
