2211 3563
669 393 1391 107 uenus soins au royaulme des cieulx. Gue¬

667 479 1395 93 rissons noꝰ tãdis uoluntier en lestable: nous

675 566 1389 101 qͥ sommes encore languissans/ ne nous glori¬

661 643 1401 107 fiõs point de nostre sante: affin que par nostre

647 732 1415 109 orgueil nous ne faisons autre chose/ sinon de

637 815 1419 101 iamais uouloir estre guery. Tu es encore en

644 890 1412 107 ceste uie: encore porte tu la chair fragile? enco

653 973 1403 113 re as tu le corps q̃ se corrdot ⁊ aggraue lame:

668 1057 1382 112 encore apres bintegrite de resurrection as tu re

659 1137 1391 118 ceu le remede de oraisõ: tu dis encore ueritable

633 1231 1423 103 ment/ iusques a ce que tes langreeurs soiẽt sa

638 1312 1418 101 nees.? Par dõne nous noz debtes. Toy qui es

671 1389 1382 101 Chumble uallee et non pas esleuee dis a ton

677 1469 1373 101 ame.? Mon ame beneis le seigñr/ ⁊ ne uueille

667 1565 1395 93 pas oublier toutes ses retributiõs. Quelles re

663 1644 1399 99 tributions? Dis: recite les: rẽdz graces. Quel¬

663 1732 1397 97 les retributions? Pour ce quil est ꝓpice a tou¬

653 1813 1411 93 tes tes imoritez. Ce a este faict au baptesme.

653 1882 1403 122 Quelle chose est maintenãt faicte? Leq̃l gue¬

644 1977 1412 104 rit toutes tes lãgueurs.? Finablemẽt apres la

662 2069 1388 92 redẽption de toute corruption/ q̃ reste il/ sinon

680 2140 1376 101 la courõne de/aã ce? Uernablemẽc ceste est de

671 2217 1370 116 reste: mais aussi que en icelle ou (oubz icele ny

668 2307 1388 95 ait pas une teste enslee pour recepuoir la cou¬

656 2396 1400 107 rõne. Escoute: entendz la pseaulme/ comment

659 2470 1397 107 elle ne ueult pas que la teste enflee ait la cou¬

665 2559 1388 101 rõne.? Quãt elle eu dit. Lequel rachetera ton

671 2639 1373 104 ame de corruption: lequel te courõne dit elle.

680 2722 1376 110 Desia icy debuois tu dire. Mes merites tes-

674 2808 1379 110 moingnent quil te courõne/ ma uertu a faict

662 2886 1382 109 cela: la deserte est rendue/ ⁊ non pas donnee?

659 2972 1394 151 Mais escoute le pseaulme. Car aussi dis tu

362 866 259 134 Sap̃.9.

356 982 119 101 a.d

344 1054 297 103 mat.4.d

347 1137 265 121 Luc.6.c

1030 261 495 121 De la grace

338 1297 262 113 mat.6.b

353 1401 282 98 Luc.11.a

362 1481 259 131 Ps̈.102.

356 1870 229 125 Pë.78.

347 1971 283 119 hier̃.36.a

350 2078 291 98 Nous ne

356 2146 294 107 sommes

365 2238 282 101 poĩt par

359 2307 235 115 faicte¬

359 2402 265 95 mẽt gue

353 2488 288 101 ris iusq̃s

350 2574 297 107 apres la

353 2654 205 95 mort.

350 2728 268 104 Contre

356 2814 253 107 ceulx qͥ

368 2888 220 113 saulfe¬

368 2981 229 103 ment se

378 3072 267 126 glorisiẽt

1783 3068 269 107 ce. Que
