2211 3563
419 293 267 140 Iud.6.g.

407 445 240 128 Plusi¬

398 549 291 101 eurs chre

407 638 249 101 ftiẽs sõt

401 715 249 98 mainse¬

392 795 255 110 nant pi¬

374 890 261 104 res q̃ les

368 973 211 125 Iuifz.

713 290 1367 125 ◊qui autresfoys estoit mucee au ueaure: pour¬

687 395 1403 101 tant dis ie que peu de gens lentẽdent/ ⁊ q̃ plu¬

710 472 1376 115 sieurs en sont ignorans.7 Dequoy sommes

713 555 1370 101 for/ cõtraint de plaindre noz freres/ qui cõtre¬

683 650 1400 104 disent non pas cõtre la grace de dieu secrette/

671 721 1409 116 mais cõtre la clere ⁊ manifeste grace. Il est a

662 819 1412 92 par donner aux Iuifz. Mais que fera on aux

671 887 1412 113 Chrestiẽs? Poͬquoy sont ilz ennemis a la gra

668 967 1406 116 ce de Christ: Pourquoy presument ilz de eulx

671 1062 1399 103 mesmes? Pourquoy sõt ilz ingratz? Car poͬ¬

659 1146 1415 103 quoy est uem Christ? Nature nestoit elle pas

641 1229 1435 101 icy? Nature nestoit elle pas/ laquelle uous de¬

653 1315 1421 104 cepuez en la louant? La loy nestoit elle pas?

677 1389 1394 107 Mais lapostre dit.? Se la iuftice est par la

695 1469 1367 107 loy/ il sensuit doncq̃s que Christ est moit poͬ

695 1552 1382 104 neant. Ceq̃ lapostre dit de la loy aux Iuifz: ce

695 1636 1376 106 mesme disons nous de la nature a ceulx icy.

698 1716 1379 107 Se la iustice est par la nature/ doncq̃s Christ

677 1802 1400 113 est mort pour neãt. Ce doncques qui a este dit

662 1900 1403 92 des Iuifz/ le mesme uoyons nous en iceulx.

656 1971 1409 107 F Ilz ont le zele de dieu/ mais non pas selon

661 2058 1417 97 la sciẽce. Quest ce adire/ non pas selon la sciẽ

675 2141 1399 101 ce? Car en ignoramt l tu/ãce de dieu/ ⁊ uou¬

679 2228 1385 97 lant constituer leur iustice: ilz ne sont pas sub¬

686 2310 1385 95 iectz a la loy de dieu. Mes freres ayez com¬

683 2399 1388 101 passion auec moy. La ou uous en trouuerez

674 2476 1397 101 de telz/ ne les celez point: que la misericorde

674 2565 1391 98 peruerse ne soit pas en uous: la ou uous en

677 2648 1391 86 trouuerez de telz ne les uueillez nullement ce¬

683 2716 1382 113 ler. Redarguez les contredisans: ⁊ ceulx qui

683 2810 905 107 y resistent/ amenez les a nous.

929 2889 1046 133 ¶ Au mesme liure/ au .xi. sermon.

1067 168 500 126 De la grace

371 1392 270 101 Gał.2.d

386 1475 214 98 Ilz ne

389 1555 285 95 sont sau

386 1647 285 92 uez ne ꝑ

386 1719 288 104 la loy ne

377 1814 220 101 par la

368 1903 250 83 nature.

365 1968 250 137 Ro.10.a

427 2253 229 146 Mau¬

383 2387 273 104 uaise mi

383 2479 270 98 sericorde

368 2550 250 107 ne soit

365 2642 250 101 pas en

371 2728 214 104 uous,

1747 2973 303 126 ¶ Cestuy
