2212 3563
176 290 1360 111 sa uolunte de soy occire/ en delaissant la iu¬

178 378 1352 108 stice: mais pour tenir la uie de iustice son uou¬

170 463 1360 107 loir estoit peu de chose: si celuy qͥ lauoit faict

158 546 1374 105 ne laidoit. Mais apres ceste ruyne/ la miseri¬

148 625 1382 113 corde de dieu est plus grãde: quãt aussi ce frãc

142 710 1386 107 arbitre doibt estre deliure de la seruitude: au¬

142 797 1386 105 q̃l domine le peche auec la mort. Et nest nul¬

138 880 1386 107 le ment deliure par soymesme: mais ꝑ la seu¬

140 967 1380 105 le grace de dieu qͥ est mise en la foy de Christ:

140 1049 1378 110 tellemẽt que ceste uolunte (cõme il est escript)

144 1132 715 95 soit preparee du seigñr.

146 1209 1374 111 ¶ Aug. au .ii. liure de Geñ. a la lettre .iiii. Ch.

142 1297 1377 113 ¶ Si on demande dõcques/ pouirquoy a dieu

136 1371 1386 119 permis que lhomme fust tente/ le0 eIh scauoit

136 1451 1374 116 par auant quil cõsentiroit au tem̃ steur? Cer¬

142 1549 1374 113 tainement ie ne puis penetrer la inultesse de

166 1618 1380 124 son conseil: ⁊ confe Ise que ceste cole est groan¬

154 1713 1380 113 dement por deIsus mes Iorces. Il me sembleq̃

145 1796 1371 110 thom4xom ele digre de grãde louẽ¬

150 1884 1358 105 ge: sil eut peu biẽ uiure: pour ce que nul ne luy

132 1963 1384 111 enhortoit a mal uiure: la ou aussi selõ sa na¬

134 2048 1380 109 ture il auoit puissance: ⁊ en la puissance uou¬

138 2129 1378 113 loir de non cõsentir a celuy qui lenhorte: uoi¬

144 2218 1374 111 re par layde de celuy? qui resiste aux orgueil¬

145 2298 1362 107 leux/ ⁊ dõne grace aux hũbles. Et ainsi pour¬

144 2383 1370 103 quoy il permettoit que ce uuy fut tente/ lequel

144 2462 1388 107 scauoit par auant quil cõsentroit/ ce saict id

144 2545 1388 113 par la haultesse de son conseil: ⁊ que lhomme

146 2628 1370 109 debuoit faire cela par la coulpe de sa propre

150 2713 1360 113 uolũte: ⁊ quil lordõneroit a peine par sopro¬

140 2796 1372 113 pre iustice: affin aussi quil monstrast tollemẽt

134 2884 1374 122 a lame orgueilleuse pour lintroduction des

425 115 990 181 de Adam. Chas.5.

1647 157 116 133 8

1560 1297 226 119 Pour¬

1546 1404 240 104 quoy a

1537 1481 276 95 dieu per¬

1543 1567 276 98 mis que

1569 1644 247 104 lhomme

1548 1728 259 112 sust tẽte.

1534 1817 267 112 Ro.11.d.

1534 2307 261 127 Iac.4.b.

1273 2981 235 108 sainctz
