2212 3563
338 127 1103 149 et du merite. Chap̃.ix.

124 270 1386 124 ¶ Cestuy nous a faict/ ⁊ nõ pas noꝰ mesmes.

139 374 1356 107 * Dequoy nul Chrestien ne doubte/ q̃ dieu na

130 442 1359 128 pas seullemẽt cree le premier homme duquel

136 525 1365 107 uiennent tous les hõmes: mais aussi dieu cree

130 617 1380 113 auiourdhuy tous les hõmes: celuy qui dit a

118 691 1386 125 aucun de ses sainctz. Ie tay cõgneu auãt que

110 771 1385 119 te formasse au uentre. * Toutesfoys selõ plus

112 866 1383 104 profonde intelligence/ ⁊ cõme iestime/ plus uti

112 938 1374 124 le. Le sainct esprit en a ueu daucuns disãs/ ou

121 1036 1377 113 qui diroiẽt que dieu les a faict hommes: mais

110 1098 1388 122 eulx mesmes se font iustes: il les a preueu/ il

110 1190 1385 125 les a admonneste: et les a rappelle de cest or¬

107 1270 1388 131 gueil/ disant. Cestuy nous a faict/ ⁊ non pas

104 1374 1388 101 nous mesmes. Car pourquoy a il adiouste: ⁊

110 1448 1389 109 non pas nous mesmes/ cõme il suffist de dire:

110 1532 1402 112 Cestuy nous a faict: sinon pource quil a uou

112 1625 1418 97 lu admõnester de ceste facture/ de laquelle diẽt

120 1700 1410 107 les hommes. Nous nous sommes faict nous

120 1783 1392 107 mesmes/ cest adire q̃ nous fussiõs iustes/ nous

120 1860 1383 119 sommes faictz iustes de nostre franche uolun¬

114 1957 1389 99 te/ quãt nous auons este formez/ nous auons

110 2032 1393 109 receu le franc arbitre: la doncq̃s ou nous som

110 2108 1388 124 mes iustes: cela faisons nous de nostre franc

112 2197 1389 121 arbitre? * Pourquoy inuocquõs nous encore

124 2289 1374 98 dieu/ qͥl nous face iustes/ ueu que nous auons

124 2360 1374 116 la puissance de nous faire iustes noꝰ mesmes?

115 2434 1404 134 Escoutez escoutez: cestuy nous a faict/ ⁊ iustes

118 2535 1416 113 ⁊ iniustes/ ⁊ non pas nous mesmes. Le p̃mier

124 2612 1407 113 hõme a este cree en nature sans coulpe/ en na¬

115 2698 1404 101 ture sans uice: il a este cree droict/ mais il ne

121 2767 1386 133 sest pas faict droict. Mais quelle chose il sest

124 2868 1395 139 faict/ il est notoire: cestuy cheãt de la main du

1605 127 122 146 85

1543 264 258 119 Ps̈.99.

1519 344 315 119 Dieu est

1516 451 282 92 le crea¬

1525 522 246 107 teur de

1531 605 154 104 tous.

1534 685 246 107 Hiere.1.b

1528 777 223 104 Ps̈.138.

1560 852 182 112 Dieu

1516 938 261 107 faict les

1516 1033 247 95 hõmes/

1519 1107 199 101 et luy

1522 1187 217 110 mesme

1525 1273 246 113 les faict

1519 1359 205 119 iustes.

1528 2072 267 128 Geñ.2.c

1525 2179 241 119 Se noꝰ

1525 2265 267 110 sommes

1531 2351 264 119 faictz iu

1548 2440 238 101 stes de

1560 2505 247 119 noꝰ mes¬

1551 2600 250 104 mes/ dõc

1537 2696 264 103 q̃s lorai¬

1540 2773 205 110 son est

1548 2868 191 98 uaine.

1312 2955 204 109 potier
