2211 3563
1024 195 511 121 De la grace

655 328 1401 109 potier a este rompu. Cestuy qui lauoit faict le

659 415 1399 101 gouuernoit: mais il a uoulu delaisser celuy qͥ

661 502 1391 99 lauoit faict/ ⁊ dieu le permist/ comme disant.

653 579 1395 109 Quil me delaisse/ ⁊ quil se treuue: ⁊ q̃ sa mise

637 671 1399 97 reesprouue/ quil ne peult riẽs sans moy. En

624 750 1416 97 telle maniere dõcques dieu a uoulu monstrer

620 831 1426 107 a lhomme/ quelle chose le franc arbitre peult

628 918 1420 91 ualoir sans dieu. Nous auons experimente

633 999 1405 99 quelle chose il uault sans dieu. Pourtant

633 1082 1401 101 auons nous este faictz miserables pource que

631 1165 1395 103 auõs experimẽte q̃lle puissance il a sãs dieu/

630 1241 1414 101 * uoicy lhõme a este faict bon: ⁊ par le frãc ar¬

615 1327 1429 104 bitre a este faict mauuais. Quãt dõcques sera

624 1404 1414 116 le mauuais hõme ung bon hõme/ en delaissãt

633 1496 1401 101 dieu par le franc arbitre: Luy estant bon ne sa

637 1581 1399 99 peult garder bon: dõcques luy estãt mauuais

655 1654 1385 115 se fera il bon? Quant il estoit bon/ ne sest pas

647 1747 1395 99 garde bon: ⁊ quant il est mauuais/ dit il ie me

628 1825 1414 104 fais bon? Que fais tu estant mauuais/ la ou

620 1910 1412 103 tu te es perdu estãt bon: se cestuy ne te refaict qͥ

618 1999 1412 99 demeure toursiours bon? Cestuy noꝰ a faict/ ⁊

628 2082 1416 85 nõ pas nous mesmes. Quelle chose nous a il

633 2161 1399 103 faict/ sinõ ce q̃ nous sommes? Et q̃lle chose sõ¬

626 2248 1404 99 me noꝰ? Son peuple ⁊ les brebis de sa pasture.

624 2327 1416 105 Cest icy ceste grace. Sans ceste cõmune grace

612 2412 1426 97 de nature/ par laq̃lle nous sommes faictz hõ¬

626 2498 1410 97 mes: car aussi nestions nous pas dignes auãt

633 2581 1399 99 que nous fussions. Sans ceste grace doncq̃s/

639 2666 1395 99 lautre grace est plus grande/ par laquelle

635 2747 1397 95 nous sommes faictz son peuple/ ⁊ les brebis

626 2830 1390 103 de sa pasture/ par Iesuchrist nostre seigneur.

618 2900 1411 155 Et si debuons appeller grace/ celle par laq̃lle

323 1202 292 143 Lhõe est

323 1312 274 110 cheu par

338 1403 260 97 le frãc ar

350 1484 182 99 bitre.

362 2311 210 109 Ps̈.78.

372 2414 166 99 ⁊ . 94.

1834 3006 198 103 nous
