2212 3563
300 190 1049 172 ⁊ du merire. Chap̃.ea¬.

91 348 1372 133 nous sõmes creez: ⁊ cõbien que ne lisons point

99 439 1366 133 q icelle soit appellee grace/ toutesfoys est elle

104 525 1364 125 donee par grace? Mais ie uous mõstreray

107 599 1370 137 q̃ alle par laquelle nous sõmes Chrestiens est

104 676 1361 146 plus grãde. Escoutez. Deuant que nous fus¬

95 774 1367 131 sions creez/ nous nauions deseruy nul bien: ⁊

97 859 1368 124 pourtãt fut grace que nous fusmes creez/ ueu

97 938 1370 124 que nul bien nauiõs deseruy. Doncques si la

101 1009 1364 137 grace est grande/ quãt nous ne deseruiõs riẽs

98 1095 1367 146 de bien/ combien grande sera la grace quant

95 1187 1366 123 nous auions deseruy tant de maulx: Celuy qͥ

93 1270 1374 127 nestoit pas encore/ ne deseruoit nul bien: le pe

89 1345 1382 130 cheur ⁊ le mauuais desert il du bien? Cestuy qͥ

95 1440 1376 133 a este faict/ nestoit point par auãt/ mais aussi

92 1514 1379 133 nauoit il pas offense. Cestuy qͥ nestoit pas en¬

104 1601 1373 132 core/ a este faict: il a offense ⁊ est sauue. Celuy

112 1688 1395 123 qͥ nestoit pos encore/ ne esperdit riens: quãt il

110 1761 1389 125 a este faict/ il est tombe/ ⁊ quom◊ il  es/te /õbe/l

106 1848 1375 123 attendo// L dãnation ⁊ si a este deliure. Ceste

104 1941 1369 129 est la grace par nostre seigñr Iesuchrist. Luy

100 2026 1379 113 mesme nous a faict/ ⁊ non pas nous mesmes:

104 2104 1375 124 ⁊ nous a totallemẽt faict deuãt q̃ noꝰ fussiõs:

112 2189 1369 126 ⁊ quãt nous auõs este faictz ⁊ tõbez/ luy mes¬

118 2278 1369 117 me noꝰ a faict iustes/ ⁊ non pas nous mesmes.

130 2351 1350 122 7Sil yadocques en Christ aucune nouuelle

110 2438 1387 119 creature: lã ciẽne estuõdee/ la nouuelle est faie

116 2513 1394 123 cie. Cestoi/ une masse de ꝑditiõ de Ddãr/ o laq̃l¬

118 2597 1394 134 le riẽs nestoit den finõ tourmẽt: ⁊ de ceste mes¬

114 2684 1393 136 me masse en ont este faictz les uaisseaux dhõ¬

112 2761 1368 142 neͬ.4 Car le potier de terre a la puissãce due

112 2841 1380 143 mesme masse. De q̃lle masse?? Certainement

115 2942 1377 134 desia estoit perdue: certainement desia ne luy

1526 221 141 121 80

1522 472 249 145 Contre

1498 584 262 119 les deffẽ

1498 679 256 101 deͬs des

1486 769 265 103 merites.

1495 991 226 131 Ro.3.a

1495 1095 256 119 Gał.2.d

1504 1327 253 148 Psal.55.

1501 1448 169 87 ⁊.104.

1498 1517 273 136 Psal.90

1501 2312 270 137 2.cor5.d

1516 2737 223 140 Ro.9.d

1525 2865 249 107 Noꝰ sõe

1528 2945 235 131 mes toͬ

1198 3032 295 99 estoit riẽs
