2211 3563
436 326 268 104 par na¬

416 403 291 104 ture une

427 492 292 113 masse de

424 584 283 122 perditiõ.

731 317 1375 166 estoit riẽs deu sinõ iuste dãnation. Rendz gra

734 415 1372 152 ces q̃ tu eschappe la mort qui te estoit deue: et

739 501 1362 143 as trouue la uie qui ne testoit pas deue. Le po

728 581 1378 146 tier de terre a puissance de faire dune mesme

693 680 1411 129 masse/ lung des uaisseaux pour honneur/ et

683 766 1413 122 lautre pour cõtumelie. Mais tu dis: poͬ quoy

681 843 1413 128 ma il faict en hõneur/ ⁊ lautre en cõtumelie?

691 920 1407 137 Ueulx tu disputer auec moy? Mesme esmer¬

710 994 1391 146 ueille toy auec moy ⁊ crie auec moy.? O haul

710 1074 1379 161 tesse des richesses. Qui est celuy uiayement qͥ

673 1179 1409 129 a cõgneu le sens du seigneue: ou qui a este son

655 1260 1429 129 cõseiller? Ou qui luy a dõne le premier/ et on

674 1336 1415 133 luy en fera la retrioutiõ? T Se le seigñt uou¬

695 1407 1388 142 coit rẽdre la retributiõ: il neustrendu sinon la

719 1493 1364 134 peine deue. Ilz nont riẽs dãne pour leur rẽdre

713 1576 1370 155 quelque chose.? Tu les sauueras pour neãt.

719 1668 1367 143 Qui luy a donne premier cõme pour ses me¬

704 1754 1379 137 rites: qui luy a donne premier: qui a preuenu

680 1829 1403 151 la grace qui est dõnee pour neant? Se aucun

663 1927 1419 123 merite a preuenu la grace: desia nest pas don-

663 2013 1417 122 nee pour neãt/ mais est rendue selon la debte:

671 2088 1411 136 ⁊ selle nest pas dõnee pour neõt/ pourquoy est

671 2169 589 107 elle appellee grace?

758 2256 1233 131 ¶ Augustin des par odes du seigñr en la

915 2349 877 109 montaigne/ au .uii. sermon.

665 2416 1403 131 ¶ O toy Chrestien garde toy/ garde toy dor¬

671 2497 1394 139 gueil.4. Car cõbien que tu soye imitateur des

674 2580 1391 130 sainctz: repute tousiours toutes choses a la

680 2660 1385 145 grace: car la grace de dieu a faict en toy/ et nõ

683 2761 1367 122 pas ton merite quil y ait eu q̃lque demourãt.

671 2838 1387 121 Et finablemẽt le prophete auoit dit de ces de¬

662 2915 1391 166 Morirãs.7 Se le seigñr des armees ne nous eu

389 973 276 122 Ro.11.d

392 1071 294 164 Sap.9.c

1063 207 527 123 De la grace

404 1306 228 122 Nostre

386 1416 279 89 retribu¬

404 1484 264 95 tion est

407 1561 273 107 eternelle

413 1644 258 98 dãnatiõ

416 1722 267 130 Psał.55.

386 2479 261 116 Tout ce

374 2571 276 98 que noꝰ

362 2648 300 116 auõs est

362 2746 276 128 pgrace.

371 2883 250 196 Esai.1.c

1785 3030 265 121 delaisse
