2212 3563
338 133 1026 160 et du merite. Cha.ix.

97 277 1384 128 delaisse la semẽce: nous seriõs faictz cõe So¬

100 370 1373 107 dome: ⁊ eussions este semblables a Gomorre.

98 454 1373 119 Et pourtant dit il ainsi. * Aussi en ce tẽps icy

114 538 1373 111 les demourãs ont este sauuez par lelection de

112 619 1373 113 grace. Mais si cest par grace (dit il) desia nest

104 712 1375 95 ce point par les oeuures: cest adire/ maintenãt

93 793 1382 103 ne te eslieue pas de ton merite. Aultremẽt gra

93 876 1382 107 ce ne seroit plus grace. Car si tu te presume de

97 962 1380 106 ton oeuure: dõcques test rẽdu le loyer/ ⁊ grace

95 1041 1384 109 ne test pas donnee. Mais si cest grace/ elle est

92 1113 1376 116 dõcques dõnee pour neãt. Ie demãde dõcques

91 1209 1370 107 maintenant. Toy pecheur croys tu a Christ?

98 1285 1370 122 Ie croy. Et q̃ croys tu? Que tes pechez en ge¬

89 1380 1394 104 neral te peuuẽt estre par luy pardonnez pour

89 1451 1391 107 neãt? Tu as ce que tu as creu. O grace dõnee

92 1538 1376 112 aggreablemẽt. Toy iuste q̃ croys tu? Que tu

89 1615 1412 116 ne peulx garder sans dieu sa iustice? Doncq̃s

95 1707 1400 107 repute a la foy tout ce de quoy tu es iuste. Et

95 1775 1373 119 ce que tu es pecheur: repute le a ton infidelite.

98 1864 1382 119 Soye ton accusateur/ ⁊ cestuy sera ton pardõ

86 1947 1394 122 neur. Mais tout crime/ tout mal ⁊ tout peche

95 2038 1378 115 est de nr̃e negligẽce: ⁊ toute uertu ⁊ sainctete/

95 2118 726 110 est lindulgence de dieu.

269 2205 1049 112 ¶ Augustin sur les parolles de la¬

427 2296 691 101 postre/ au .xu. sermon.

101 2348 1376 128 ¶ Il a este liure poͬ noz pechez/ ⁊ est ressuscite

112 2454 1363 107 pour nr̃e iustificatiõ. Ta iustificatiõ/ ta circõ

98 2526 1391 125 cisiõ nest pas de toy * uoꝰ estez sauuez ꝑ grace/

106 2622 1383 97 par la foy/ ⁊ ce nest pas de uous: mais est le dõ

100 2705 1387 105 de dieu. Ce nest pas des oeuures: q̃ parauẽture

95 2779 1376 118 tu ne die. Ie lay deseruy/ ⁊ poͬtãt lay ie receu.

104 2865 1376 133 * Nestime pas q̃ tu laye receu en le deseruãt/

1536 176 113 138 87

1492 439 241 160 Ro.11.f

1492 1116 271 125 2.cor.11.b

1495 1273 262 131 ꝑ Christ

1504 1383 241 86 les pe¬

1501 1448 250 116 chez sõt

1495 1543 244 98 ꝑdõnez

1525 1621 226 104 au croy

1513 1698 241 116 ant poͬ

1501 1796 205 95 neant.

1498 1953 196 116 Note.

1498 2354 247 178 Ro.4.d

1519 2517 247 143 Eph.2.b

1504 2767 262 139 Noꝰ sõ¬

1501 2880 262 127 mes ap¬

1253 2965 234 111 toy qui
