2211 3563
442 261 280 148 pellez de

451 391 259 98 seruitu¬

436 460 289 107 de en li¬

436 558 286 86 Berte par

436 626 274 119 le don de

442 730 155 86 dieu.

419 786 258 131 Usat.55.

739 279 1367 124 toy qui ne le deseruiroys point si tu ne le rece¬

739 383 1370 95 uoys. La grace a p̃cede ton merite: la grace ne

754 454 1355 122 uient pas du merite/ mais le merite uiẽt de la

742 549 1362 113 g/ace. Car si tu as achete la grace par le me¬

719 626 1387 113 rite/ doncques ne las tu pas receu pour neant.

701 709 1405 119 TTu les sauueras (dit il) pour neant. Quest

695 789 1406 119 ce/ tu les sauueras pour neant? Tu ne trouue

701 887 1400 98 riens en eulx pour les sauuer/ ⁊ toutesfois tu

722 959 1379 109 les sauue.7 Tu dõne poͬ neãt/ tu sauue pour

722 1045 1382 110 neant: tu precede tous merites: afin q̃ tes me¬

701 1119 1400 119 riles obttenme/ fes dons. Tu dõne ⁊otallemẽt

669 1215 1425 103 pour neãt/ tu sauue pour neãt: car tu ne trou¬

665 1302 1419 105 ue riẽs pour sauuer/ ⁊ si trouue beancoup poͬ

681 1385 307 95 damner.

887 1460 983 113 ¶ Augustin au mesme sermon en

1202 1545 375 105 la lettre. H.

723 1627 1379 105 ¶ Tu feras loeuure de dieu/ non seullement

713 1716 1389 95 pource q̃ tu es hõme: mais aussi poͬce que tu

705 1797 1397 97 es iuste. Car il est meilleur destre iuste: q̃ destre

692 1870 1406 113 hõme. Se dieu ta faict hõme: ⁊ que tu te faice

683 1959 1412 116 iuste: tu fais quelque chose de meilleux que na

695 2046 1403 105 faict dieu: mais dieu ta saict sans toy: car tu

705 2131 1389 95 nas donne nul consentemen/ a dieu pour te

725 2206 1364 104 faire. Cõment consentoys tu/ qͥ nestoys point

719 2289 1364 101 encore? Celuy dõcques qui ta faict sans toy/

707 2375 1382 104 il ne te iustifie pas sans toy.? Il a doncques

707 2452 1379 104 faict celuy qui ny donnoit pas de cõsentemẽt

707 2532 1376 113 mais il iustifie celuy qui y donne sa uolunte.

710 2615 1379 125 Toutesfoys celuy te iustifie/ affin q̃ ce ne soit

716 2701 1361 107 pas ta iustice/ affin q̃ tu ne retourne pas aux

713 2785 1367 118 dõmages/ aux detrimẽs/ ⁊ a la fiente:) et q̃ tu

704 2877 1379 145 soye trouue en luy/ nõ pas ayãt ta iusties qui

395 964 294 110 dieu sau

392 1057 288 100 ue tous

386 1137 297 136 poͬ neãs.

1093 156 511 125 De la grace

398 1864 199 116 Note.

395 1962 237 131 Ps̈.115.

404 2182 297 116 Dieu iu

419 2280 258 110 stifie le

416 2363 267 116 uueillãt

410 2452 270 101 pour ce q̃

395 2532 285 107 luy mes

386 2612 300 113 me dõne

389 2696 300 109 le uou¬

386 2779 160 107 loir.

380 2865 297 151 Phił.3.c

1895 2959 187 105 est de
