2212 3563
374 145 1085 160 et du merite. Chap̃.ix.

108 296 1373 115 est de la loy/ mais celle qui est de dieu ꝑ la foy

116 385 1361 109 de Christ/ ascauoir la iustice de la foy: pour le

118 467 1361 109 cõgnoistre ⁊ aussi poͬ cõgnoistre la uertu de sa

128 552 1355 97 resurrectiõ/ ⁊ la cõmunicatiõ de ses passiõs et

122 635 1349 107 celle uertu sera a toy/ ⁊ ceste cõmunicatiõ des

116 716 955 113 passiõs de Christ sera ta uertu.

182 801 1208 107 ¶ August. en la p̃miere quinquagene au

299 888 970 103 prologue de la .xxxi. pseaulme.

106 962 1363 116 ¶ Qui sont les bienheureux? Ne sont ce pas

100 1051 1375 104 ceulx ausquelz il naura pas trouue de peche?

98 1122 1367 125 Nõ. Car il en a trouue en toꝰ. * Tous ont pe¬

97 1211 1378 113 che/ ⁊ ont affaire de la gloire de dieu. Si dõc¬

95 1300 1368 109 ques pechez sont trouuez en tous: il sensuyt q̃

95 1383 1380 107 nulz ne sont biẽheureux/ q̃ ceulx desquelz les

99 1460 1380 117 pechez sõt pardõnez. Pourtãt a lapostre ainsi

98 1549 1367 113 loue ceste chose. Abraam a creu a dieu/ ⁊ il luy

98 1627 1400 121 a este repute a iustice. * Mais a celuy qͥ faict

110 1713 1388 116 loeuure/ cest adire qui se p̃sume des oeuures/ ⁊

110 1793 1367 110 que par le merite dicelles dit q̃ la grace de foy

104 1867 1373 116 luy est donnee: le loyer nest pas impute selon

100 1959 1379 115 la grace/ mais selon la debte. Quest ce/ sinon

104 2044 1377 115 q̃ nostre loyer est appelle grace? Se cest grace/

102 2127 1381 113 elle est dõnee pour neant. Quelle chose est ce:

106 2209 1383 114 elle est dõnee poͬ neãt? Cest q̃ tu nas faict nul

110 2298 1377 105 biẽ/ ⁊ la remission des pechez test dõnee. Si on

108 2381 1395 109 ꝯsidere tes oeuures/ on les trouue toutes mau

118 2452 1398 119 uaises. Se dieu rendoit ce qui est deu a telles

130 2541 1380 107 oeuures/ certainemẽt il les dãneroit. Dieu ne

132 2626 1382 111 te rend pas la peine deue? mais te dõne la gra

130 2725 681 105 ce qui ne test pas deue.

247 2789 1157 124 ¶ August. sur le pseaulme .xxx. Sei¬

380 2884 889 138 gneur iay eu esperãce en toy.

1596 168 111 119 88

1498 1116 214 119 Ro.3.d

1492 1511 259 133 Ro.4.a

1554 1630 203 92 Grace

1519 1713 238 95 ⁊ merite

1492 1790 253 101 sont cõ¬

1492 1870 235 187 traires.

1128 2955 365 140 ¶ Seigneur
