2211 3563
413 495 285 122 La iusti

410 608 276 95 ce ð dieu

413 688 246 95 est diche

407 769 196 100 nostre.

389 849 255 127 Ro.4.a

703 328 1397 119 ¶ Seigneur deliure moy ⁊ me rachete/ par ta

701 421 1399 101 iustice. Car si tu ꝯsidere ma iustice tu me dãne.

725 504 1376 104 Dehure moy par ta iustice.?Car la iustice de

707 576 1391 115 dieu est nr̃e/ quant elle nous est dõnee. Mais

686 662 1403 118 pour ce est elle appellee la iustice de dieu: affin

677 748 1418 113 q̃ lhõme nestime auoir la iustice de soymesme.

695 837 1400 104 Car cõe dit lapostre.? A cestuy qui croit en ce¬

695 922 1399 107 luy qͥ iustifie linfidele. Qui est celuy qͥ iustifie

693 1001 1401 107 linfidele? Celuy qui faict le iuste de linfidele.

681 1088 1407 107 Qui est celuy qui nest pas sauue pour neant?

667 1171 1421 109 Est ce celuy auquel le sauueur ne trouue riẽs

661 1258 1431 105 pour courõner/ mais pour dãner Il ne trou¬

671 1342 1423 99 ue pas les merites des biẽs/ mais il trorrue les

704 1431 1382 89 merites des tourmẽtz? Sil faict cõme uerita

716 1517 1367 95 blemẽt il est ꝓpose de la reigle de la loy: le pe-

707 1585 1382 113 cheur doibt estre dãne: sil faisoit ceste reigle/

701 1670 1393 95 leq̃l deliureroit il? Car il les a trouue tous pe

699 1757 1395 101 cheurs: il est uenu seul sans peche/ leq̃l nous

683 1842 1411 95 a trouue pecheurs. Ce dit lapostre.? Certaine

677 1925 1411 101 ment tous ont peche/ ⁊ ont affaire de la gloire

675 2015 1415 93 de dieu. Dequoy ont ilz affaire de la gloire

687 2094 1397 95 de dieu? Que cestuy deliure/ et non pas toy.

693 2175 1393 99 Pour ce q̃ tu ne le peulx delturer/ pourtant as

691 2258 1395 93 tu affaire dung qͥ te debrure D Dequoy te uante

685 2343 1422 101 tu: Dequoy te p̃sume tu/ de la loy ⁊ de la iu¬

679 2424 1405 101 stice? Ne uoys tu pas quelle chose te guerroye

679 2507 1405 103 par dedens/ en toy/ de toy/ ⁊ cõtre toy? Ne oys

681 2593 1405 97 tu pas le rebellant/ ⁊ le cõfessant/ et celuy qui

692 2666 1388 101 desire laide en la bataille.? Moy hõme mise¬

691 2761 1381 95 rable qui me deliurera du corps de ceste mort?

707 2835 1361 113 7 La grace de dieu par nr̃e seigñr Iesuchrist.

689 2918 1382 155 Poͬ quoy la grace: Pource q̃lle est dõnee pour

1077 201 519 121 De la grace

401 1416 249 122 La loy

407 1517 270 86 dãne les

410 1588 249 148 hõmes.

386 1945 269 109 Rom̃.3.c

383 2633 264 134 Ro.9.d

386 2817 291 131 Noꝰ sõ¬

398 2924 267 113 mes deli

1830 3018 246 105 neant?
