2212 3563
97 285 1398 128 neant? Pourquoy est elle dõnee pour neant

108 374 1375 120 Pourceq̃ tes merites nont pas precede: mais

110 465 1092 103 les benefices de dieu te ont preuenu.

211 536 1208 129 ¶ Augu en la pseaul.xliii. au uerset. Et

368 633 857 107 nous rachete pour ton nom.

114 702 1373 125 ¶ Cest adire pour neãt/ a cause de ton nom nõ

102 789 1387 123 pas a cause de ma crainte: pour ce quil te plait

99 870 1386 123 de le faire/ non pas poͬce q̃ ie soie digne que tu

98 953 1382 112 le me face.? Car aussi ce que nous ne tauons

104 1033 1376 124 point oublie/ ⁊ q̃ nostre cueur ne sest pas retire

98 1128 1382 116 arriere/ q̃ nous nauõs point estẽdu noz mains

98 1199 1382 125 a ung autre dieu: dequoy pourriõs nous faire

98 1282 1382 122 cela/ sinon par ton aide/ sinon par ta parolle

98 1374 1385 125 parlant par dedẽs/ ⁊ nous enhortãt/ ⁊ par ce q̃

104 1460 1383 113 tu ne delaisse pas a nous aider/ dequoy nous

104 1543 1393 107 auons la puissance? Dõcques soit que nous

120 1621 1390 124 soyõs patiẽs en tridulatiõ/ (oiq̃ Ionons ioy¬

118 1708 1404 115 eulx en ꝓsperite/ rachete nous non pas pour

116 1791 1204 117 nostre merite/ mais a cau/e de /on .om7.

312 1870 1181 121 ¶ Augu, en son manuel/ au . cui. Chap̃.

112 1944 1383 137 ¶ Dequoy aussi lapostre appelle grace de

104 2033 1385 128 dieu/ mesme aussi ceste uie eternelle/ qui est le

104 2114 1385 133 certain loyer de tous biẽs.? Car le gaige de pe

107 2197 1385 121 che (dit il) cest la mort: mais la grace de dieu/

107 2286 1385 130 est la uie eternelle par Iesuchrist nostre seigñr.

118 2369 1377 131 Le gaige est donne aux gensdarmes selon la

124 2456 1404 109 debte/ nõ pas pour neont: ꝯouetant dit il. Ie

132 2539 1400 117 gaige du peche est la mort: affin quil demon¬

124 2620 1408 119 strastque la mort est inferee au peche/ nõ pas

120 2703 1404 117 sans cause/ mais derrement. Mais si la grace

110 2788 1385 115 nest gratuite/ ce nest pas grace.7 Il fault dõc¬

112 2868 1386 148 ques entendre/ que mesme aussi les bons me¬

321 136 1088 154 ⁊ du merite. Chap̃.ix.

1584 160 134 128 d9

1504 932 241 122 Ps̈.43.

1504 1024 247 116 Noꝰ ne

1504 1116 238 101 pouons

1504 1193 244 110 riẽs sãs

1504 1282 238 98 laide de

1504 1365 163 104 dieu.

1543 1903 234 142 La uie

1507 2027 264 98 eternelle

1510 2105 273 109 est appel

1516 2194 244 121 lee gra¬

1519 2292 83 89 ce.

1525 2354 229 119 Ro.6.d

1091 2945 407 139 M rites

1516 2782 241 95 Ro.11.a

1522 2868 261 104 Les me¬

1516 2963 250 107 rites de
