2211 3563
404 279 276 109 lhomme

413 380 264 95 sont dõs

401 457 261 116 de dieu.

692 282 1379 133 rites de lhõme/ sont les dons de dieu: ausquel,

701 377 1370 130 quãt la uie leur est rendue/ q̃lle chose leur rẽd

701 469 1376 112 on sinon grace poͬ grace? Ainsi dõcques a este

685 560 1393 99 lhõme faict tellemẽt droict/ qͥl pouuoit demou

665 645 1405 101 rer en ceste rectitude/ nõ pas sãs layde de dieu¬

661 730 1417 107 aussi pouuoit estre faict mauuais par son ar-

655 809 1415 109 bitre/ ⁊ q̃l qͥl esliroit des deux/ seroit la uolun

677 884 1388 113 te de dieu faicte/ ou par luy/ ou de luy. Mais

683 973 1382 113 poͬce quil ayma mieulx de faire sa uolrinte q̃

680 1059 1385 110 la uolunte de dieu: de lhõme a este faicte la uo

662 1146 1397 106 lunte de diec/ leq̃l est uenu dune mesme masse

649 1229 1411 103 de perditiõ par sa racine) que de lung en faict

647 1312 1423 103 ung uaisseau dhonneur/ ⁊ de lautre en faict

655 1393 1413 105 ung uaisseau de cõtumebie: en hõneur/ par sa

663 1476 1385 105 misericorde: en ꝯtumelie/ par iugemẽt: affin q̃

677 1551 1361 115 nul ne se glorifie en lhõe/ ne ꝯsequãmẽt en soy

861 1638 1076 107 ¶ Augustin/ du franc arbitre ⁊ de la

996 1726 779 97 grace/ au .uiii. Chapitre.

667 1805 1405 103 ¶ Et poͬtãt mes biẽ aymez/ nr̃e bõne uie nest

659 1879 1403 107 autre chose/ que la grace de dieus. Sãs doubte

651 1971 1411 101 aussi la uie eternedle laquelle est rẽdue a la bõ

661 2054 1405 105 ne uie/ cest la grace de dieu: icelle aussi est don¬

663 2137 1401 103 nee poͬ neãt: car pou neat̃/ est̃ dõnee ceste gra¬

677 2212 1382 115 ce/ a laq̃lle la uie eternelle est dõnee? Mais la

671 2310 1394 100 grace a laquelle la uie eternelle est donnee/ est

665 2387 1397 101 seullement grace: ⁊ la uie eternelle qui luy est

665 2464 1394 104 dõnee/ pour ce que cest son loyer/ cest grace poͬ

663 2553 1399 107 grace/ cõme loyer pour la iustice: affin que ce

675 2632 1379 119 soit uerifie qui est ueritable: quil rendra a ung

677 2719 834 105 chascun selon ses oeuures.

786 2810 1181 107 ¶ Augustin/ au liure de la correction ⁊

974 2886 820 126 de la grace/ au .xiii. Chap̃.

368 861 273 118 Esa.4.b

362 970 297 89 hier̃.18.a

365 1045 270 95 sap̃.15.b

356 1122 256 122 Ro.9.d

1060 148 503 148 De la grace

362 1876 276 146 2.cor.11.b

392 2200 220 118 Grace

386 2304 261 95 poͬ gra¬

380 2396 264 77 ce est dõ¬

380 2464 264 128 nee a lhõ

374 2557 162 97 me,

1636 2977 392 134 ¶ Iugement
