2211 3563
655 314 1411 113 sainctz a uenir/ cõme iustemẽt il useroit aussi

649 411 1433 99 des uolũtez mauuaises des ames: quãd icelles

649 494 1298 103 mauuaisemẽt usoiẽt des bonnes natures.

1081 574 638 108 ¶ Au .ix. Chapitre.

669 653 1393 113 ¶ Mais cõgnoissoit il ꝑ auant/ q̃lle chose se¬

659 748 1405 95 roit sa mauuaise uolũte? Ueritablemẽt ouy:

651 831 1417 107 ⁊ poͬce qͥ sa p̃sciẽce ne peult estre deceue/ pour¬

644 911 1409 104 tant la mauuaise uolãte ne uiẽt pas de luy/

631 1001 1429 97 mais de eulx. Pourquoy doncq̃s les a il creez

635 1082 1425 105 ueu quil scauoit par auãt quilz seroient telz?

631 1159 1435 111 Pourtãt q̃ ainsi quil p̃ueoit quel mal ilz deb¬

633 1249 1433 102 uoiẽt faire/ aussi pareillemẽt preueoit il quel

647 1326 1409 109 biẽ luy mesme l debuoit saire de leͬ mal faict.

643 1407 1419 107 Et les a ed◊ iẽt faict/ q̃ aussi les a laisse fai-

635 1494 1417 107 re q̃lquee? affin q̃ en tout ce qͥlz esliroient

639 1575 1423 109 de faire ui el usemẽt/ q̃ au mesme ilz trouuas¬

661 1666 1397 97 sent dieu biẽ saisant ⁊ louablemẽt.4 Et ainsi

649 1741 1409 105 de eulx mesmes ilz ont la mauuaise uolunte:

638 1823 1421 101 mais ilz om de dieu bõme matre ⁊ /nste peine:

632 1903 1421 113 ascauoir le lieu qͥ leͬ est deu: leq̃l sera en ayde

641 1986 1403 116 de exercitatiõ aux autres: ⁊ en exẽple d craĩte.

1055 2076 607 109 ¶ Au .x. Chapitre.

668 2143 1373 122 ¶ Mais aussi pourroit il ꝯuertir/ dist il) leut

671 2244 1370 113 uolunte en bien/ de ce quil est tout puissant?

656 2318 1391 107 Ueritablemẽt ouy. Pourquoy dõcques ne la

644 2405 1400 100 il point faict? Pour ce quil ne la pas uoulu.

641 2492 1403 107 Poͬ quoy il ne la pas uoulu/ cela est a soy a cõ

643 2579 1397 101 gnoistre nõ pas a nous.7Car nul ne doibt de

656 2657 1382 119 soy arrogãment sentir/ par dessus ce quil ap¬

635 2745 678 105 partient sentir de soy.

814 2832 1143 109 ¶ Augustin en son premier liure des

925 2929 919 113 retractations au.xxi. Chapi.

877 176 810 138 De la transgression

377 875 232 161 Ro.8.f.

338 1787 274 157 La bon¬

338 1918 271 92 ne natu¬

335 1998 280 107 re est de

338 2084 303 99 dieu: la

338 2167 297 107 uolunte

338 2259 294 89 mauuai

353 2333 268 110 se est de

344 2425 211 95 nous.

335 2651 286 134 Ro.12.a.

1755 2996 269 129 ¶ Dieu
