2212 3563
297 136 1112 160 et du merite. Chap̃.ix.

112 288 1380 118 ¶ Iugemẽt sans misericorde sera faict a celuy

106 385 1377 103 qͥ na pas faict de misericorde. La ou il mõstre

108 467 1377 105 aussi q̃ au iugemẽt auquel les iustes sõt cou¬

122 550 1373 101 rõnez/ ⁊ les iniustes sont dãnez/ q̃ aucũs doib¬

114 633 1369 105 uent estre iugez auec misericorde/ ⁊ les autres

98 709 1376 113 sans misericorde. * Car quãt on dit iugement

95 792 1373 110 sãs misericorde sera faict a celuy qͥ naura pas

92 884 1376 107 faict misericorde il est manifeste que en ceulx

89 970 1385 89 ausq̃lz sõt trouuees les bõnes oeuures de mise

89 1045 1382 98 ricorde/ q̃ le iugemẽt leur est faict auec miseri¬

89 1125 1379 104 corde. Et par cela aussi sẽsuit q̃ celle misericor

89 1217 1378 95 de est rendue aux merites des bõnes oeuures.

101 1291 1370 95 * Maintenãt nest il pas ainsi: quant la mise¬

80 1368 1382 116 ricorde preuient lhomme pour le deliurer des

83 1457 1379 119 maulx quil a faict/ ⁊ qͥl seroit sil nestoit rege¬

80 1549 1376 101 nere par la grace de dieu: ⁊ des maulx qͥl deb¬

83 1621 1400 104 uoit souffrir eternellemẽt sil nestoit deliure de

89 1701 1394 104 la puissãce des tenebres trãsfere au royaulme

91 1795 1380 99 de la charite de dieu: ⁊ luy est dõnee ceste mise¬

81 1880 1386 99 ricorde non pas seullemẽt sans q̃lque biẽs pre

79 1967 1388 97 cedens/ mais aussi la ou plusieͬs maulx ont

79 2042 1388 107 precede. Mais toutesfoys poͬce aussi que ceste

81 2127 1378 105 uie eternelle laq̃lle est rendue poͬ certain loyer

79 2214 1378 101 aux bõnes oeuures/ par ung tel apostre est ap

79 2298 1386 101 pellee grace de dieu: ueu q̃ la grace nest pas ren

75 2379 1400 103 due poͬ les oeuures/ mais est dõnee gratuite¬

77 2458 1406 107 mẽt: sãs q̃lque doubte fault cõfesser/ q̃ poͬce est

83 2541 1367 101 la uie eternelle appellee grace/ poͬce q̃lle est rẽ¬

83 2633 1373 89 due aux merites q̃ la grace a dõne a lhõe. * Et

71 2698 1391 113 est icelle droictemẽt entẽdue quãt elle est appel

65 2785 1382 109 lee en leuãgile grace. Grace poͬ grace: cest adi

65 2874 1320 121 re/ pour les merites que la grace a donne ⁊c.

1578 190 105 91 90

1522 273 288 133 Iaco.2.c

1504 697 256 128 Iugem̃t

1495 801 262 89 auec mi¬

1498 869 259 113 sericorde

1492 959 247 100 est dõne

1492 1042 244 101 aux es¬

1492 1137 152 104 leuz.

1489 1285 262 110 La mise

1489 1392 217 86 ricorde

1480 1451 271 110 preuient

1480 1532 289 104 la uolun

1507 1615 259 118 te de lhõ

1501 1719 107 92 me.

1465 2526 280 116 2.cor.11.b

1519 2615 190 101 Tout

1489 2707 190 101 merite

1462 2779 277 115 est la gra

1462 2868 265 121 ce ð dieu.

734 2959 697 126 M .ii. ¶ Augustin
