2211 3563
1061 170 508 120 De la grace

875 302 1217 125 ¶ Aug. en son manuel/ au .xxix. Chap̃.

711 391 1393 115 ¶ Mais ceste partie du gẽre humain/ auquel

705 481 1397 110 dieu a ꝓmis deliurãce/ ⁊ le royaulme eternel/

716 558 1379 110 peult elle estre reparee par les merites de ses

695 647 1400 113 oeuures? Nõ non. * Car q̃lle chose de bõ peult

686 727 1412 107 faire celuy qui est perdu: sinon dautãt qͥl sera

677 807 1409 110 deliure de sa perdition? Peult il faire par son

692 893 1397 107 franc arbitre? Ce aussi ne se peult faire. Car

689 976 1403 119 lhõme usant mal de son franc arbitre: il sest

687 1062 1411 113 perdu soymesme ⁊ son franc arbitre. Et cõme

679 1148 1419 110 celuy qui se occist/ en uiuant il se occist: mais

657 1233 1439 113 en soy mettãt a mort il ne uit plꝰ/ ⁊ ne se peult

653 1312 1445 117 resusciter quãt il sest mis a mort: aussi quãt il

665 1395 1427 111 a peche par son frãc arbitre/ par ce q̃ le peche a

685 1472 1409 109 este uictorieux/ aussi a este le frãc arbitre ꝑdu.

707 1546 1385 125 * Car celuy est tenu destre le seruiteur de celuy

725 1633 1376 112 duquel il est uaincu. Cest ueritablemẽt la sen

716 1725 1379 115 tence de Pierre: ⁊ pource q̃lle est ueritable * ie

698 1799 1397 113 te prie q̃lle peult estre la liberte du seruiteur cõ

683 1888 1403 116 trainct sinon quant il prent plaisir a pecher?

677 1977 1421 110 Car celuy sert liberalemẽt/ qui faict uolũtai¬

686 2051 1415 110 rement la uolunte du seigneur. Et par ce/ ce¬

692 2137 1400 125 stuy est libre a peche/  qͥ est le serviteur de peche.

680 2226 1415 116 Et nul ne sera libre a faire iustemẽt/ se p̃miere

673 2304 1427 114 mẽt iceluy deliure du peche ne cõmẽce estre le

677 2385 1423 118 seruiteͬ de iustice. Cest la uraye liberte/ poͬ la

681 2468 1419 121 liesse de loeuure biẽ faicte: ⁊ ensẽble est la fide¬

691 2555 1409 115 le seruitude/ a cause de lobedience du cõmãde¬

695 2638 1399 115 ment. Mais dont uiendra ceste liberte a bien

701 2719 1387 109 faire/ a lhõme qͥ est cõtrainct ⁊ uẽdu/ se cestuy

701 2808 1385 104 ne le rachete/ duquel la uoix est dicte. * Se le

679 2888 1407 126 filz uoꝰ deliure uoꝰ serez urayemẽt en liberte.

413 540 285 119 matt.12.e

421 641 241 92 Lhõme

416 727 243 113 perdu ne

404 807 166 113 peult

386 887 279 122 faire nul

398 973 166 119 bien.

404 1552 282 101 2.Pet̃.2.

410 1630 264 112 Ioã.8.d

401 1728 240 95 Ro.6.c

395 1802 255 110 La li¬

377 1894 279 98 berte du

371 1971 279 107 mauua¬

377 2051 264 104 is hõme

383 2140 285 110 est de pe¬

401 2220 142 113 cher.

383 2779 258 136 Ioã.8.e

1703 2986 379 135 ¶ Augustin
