2212 3563
214 314 1192 137 ¶ Augustin au liure de lexposition cõ¬

273 425 1067 95 mencee/ sur lepistre aux Romains.

130 492 1365 119 ¶ Doncques la grace de dieu est iuste/ ⁊ la iu

124 584 1362 107 stiae est grace: quãt aussi en lhõme la grace pre

118 671 1362 92 cede le merite de penitẽceͬ de ce que nul hõme

104 745 1370 119 nauroit repẽtãce de son peche/ si se nestoit par

102 835 1379 103 aucune admonition de la uocation de dieu.

106 916 1383 109 Parquoy nullemẽt ne peult estre dõnee la gra

106 1001 1383 103 ce aux hõmes/ par laq̃lle nous sommes deli¬

101 1083 1373 107 urez de peche/ ne la paix par laquelle nous sõ

102 1165 1244 113 mes recõseillez: sinon par le sainct esprit.

192 1251 1261 110 ¶ Augustin/ au liure de la predestination

409 1334 818 107 des sainctz/ au .uii. Chap̃.

114 1413 1369 111 ¶ On a de coustume de dire/ q̃ lhõe a deseruy

106 1502 1379 105 de croire/ pour ce q̃ par auãt quil creut il estoit

107 1582 1382 107 bon.ͬ Ce qui peult estre dit de Corneliꝰ/ duq̃d

118 1670 1385 99 ses aulmohoes sureat oggreables/ ⁊ ses orai¬

124 1749 1369 105 sons furẽt exaulcees deuãt qͥl orerten Chrr.

112 1832 1377 105 ⁊ toutes soys/ lne dõnoit/ si ne prioit pas sans

104 1915 1376 104 q̃lque foy.7 Dõcq̃s tout ce q̃ Cornelius a biẽ

104 1992 1367 107 faict deuãt qͥl creut en christ/ ⁊ quãt il y creut/

104 2081 1376 110 ⁊ apres qͥl y eut creu: fault q̃ tout soit attribue

104 2176 1352 98 a dieu: affin q̃ par aduẽture nul ne se eslieue.

234 2250 1133 113 ¶ Augustin/ des parolles de lapostre/

477 2347 511 95 au .xiii. sermon.

107 2407 1400 122 ¶ Tous ceulx qͥ sont menez de le sput de dieu:

110 2503 1376 97 ceulx sõt filz de dieu. Dequoy doncq̃s te uou¬

118 2589 1356 104 lois tu esleuer/ quãt tu as ouy. Se uous mor

112 2675 1386 107 tifiez par lesprit les oeuures de la chair/ uous

107 2749 1379 104 uiurez? Tu debuois doncques dire. Ma uo¬

101 2832 1373 107 lunte peult faire ceste chose: mon franc arbi¬

104 2918 1373 119 tre peult faire ceste chose. Quelle chose peult

338 166 1065 166 ⁊ du merite. Chap̃.la/

1519 501 273 113 La pent

1507 587 270 95 tence est

1504 671 265 112 grace de

1498 757 161 124 dieu.

1602 237 89 101 Os

1501 1074 262 122 ephe.2.d

1513 1558 253 146 Dect̃.10.a

1507 1897 229 122 Corne¬

1501 1992 268 116 liꝰ le cẽte

1495 2081 276 104 nier cre¬

1498 2158 276 113 ut par la

1492 2259 208 107 grace.

1501 2339 226 104 Ro.8.c

1537 2419 196 113 Ceulx

1507 2503 250 112 sont les

1516 2598 229 89 filz de

1522 2651 249 125 diet qui

1507 2761 264 104 sont me¬

1504 2856 253 92 nez ꝑ le¬

1504 2930 235 107 sprit de

1507 3016 146 128 dieu.

758 3004 713 131 M .iii. la uolunte
