2211 3563
693 344 1395 111 la uolunte? Quelle chose peult le franc arbi¬

695 437 1393 107 tre? Se cestuy ne le gouuerne/ tu cherras: se

695 526 1393 97 cestuy ne le gouuerne/ tu demoureras cou¬

693 605 1391 101 che. Comment doncques se fera ce par ton

679 684 1397 109 esprit/ quãt tu oys lapostre disant. Toꝰ ceulx

667 768 1419 110 qui sont conduis de lesprit de dieu? Que sil est

663 859 1419 95 absent: tu ne pourras nullemẽt faire riens de

669 936 1411 107 biẽ. Tu peulx faire par ta frãche uolũte quãt

677 1023 1407 99 cestuy ne te ayde point: mais cest mal. A ce est

679 1106 1405 101 ta uolunte ydoine qͥ est appellee uidie: ⁊ en mal

665 1181 1405 103 faisant est̃ saicte seruante dãnable. Quont ie

653 1268 1425 105 te dis: q̃ tu ne fais riens sans layde de dieu: ie

657 1355 1419 95 dis riens de bien. Car (ans lande de dieu tu as

679 1437 1389 103 une liore uolunte a mal faire: cõdien que celle

689 1518 878 101 proprement ne soit pas libre.

768 1599 1229 107 ¶ Augustin/ au liure contre les Pela¬

877 1686 1001 103 giens ⁊ Celestiens/ de la grace de

986 1765 747 107 Christ/ au .xxui. Chap̃.

695 1837 1376 113 ¶ Aussi quant la grace de dieu cõsentira que

677 1929 1388 110 nous aurons charite: q̃ nul ne sente tellement/

674 2022 1394 100 cõme si aucuns de noz uons merites ayent pre

671 2105 1400 107 cede. Car quelz bons merites pouuions nous

674 2188 1391 92 auoir alors q̃ nous ne aymiõs point dieu? Cer

661 2268 1393 101 tainemẽt nous auõs este p̃ruer aymez/ affin q̃

653 2349 1415 101 noꝰ eussiõs la dilectiõ ꝑ laq̃lle noꝰ aymeriõs/

663 2428 1409 109 deuãt q̃ nous le eussiõs. Lapostre sainct Iehã

671 2514 1394 113 dit ce manifestement.? Non pas q̃ nous ayõs

669 2606 1395 95 ayme dieu: car cestuy mesme noꝰ a p̃mier ay-

683 2681 1382 110 me. Et en q̃lque autre part. ? Ay mons lung

692 2770 1370 89 lautre (dit il) car cestuy p̃mier nous a ayme.

671 2846 1389 105 Et est ce tresbien ⁊ tres ueritablemẽt dit. Car

659 2941 1401 111 nors ne auriõs riẽs dequoy nous le sceussiõs

1077 217 513 127 De la grace

392 1831 285 116 Nulz me

383 1924 285 89 rites ne¬

383 1995 270 124 stoiẽt de¬

371 2081 256 119 uant la

380 2176 187 116 grace.

377 2514 258 119 1.Io.4.c

365 2666 297 130 Au mes¬

380 2770 184 121 me.d.

1798 3032 256 101 aymer/
