2212 3563
95 285 1367 127 aymer/ senous ne le receuions de luy/ quan¬

101 383 1355 115 premier/l nous ayme.? Quel biẽ feriõs noꝰ/

118 466 1344 121 se nors ne ay mions? Ou cõment ne ferions

118 552 1347 113 nors point bien/ si nous aymõs? Et cõbien q̃

116 639 1355 111 an cunesfoys il semble que le cõmandemẽt de

106 722 1361 113 dieu soit faict/ non pas de ceulx qui ayment/

93 805 1374 109 mais de ceulx qui craignẽt: toutesfoys la ou

93 890 1376 109 ny a point damour/ nul biẽ nest impute/ ⁊ nest

95 967 1364 110 pas droictement appellee bonne oeuure:? car

102 1055 1369 108 tout ce qui est sans foy/ cest peche. Et la foy be

100 1138 1369 114 songne par charite. Et ainsi q̃ celuy qui ueri¬

93 1221 1380 113 tablement ueult cõfesser/ quil cõfesse la grace

89 1297 1373 113 de dieu? (par laquelle charite est respãdue en

91 1389 1378 111 noz cueurs par le sainct esprit qui nous est dõ

93 1472 1380 111 nee) tellemẽt quil ne doubte pas/ que sans icel

97 1563 1382 101 le il ne peult faire nul bien qui soit apparte¬

106 1642 1147 107 nant a uraye pitie/ ou a uroue ⁊ugeice.

108 1737 1383 149 Philip.1.A. ¶ Car celuyquia en

99 1866 1378 121 uous commence la bõne oeuure: ce¬

104 1979 1369 140 stuy mesme le parfera iusques au

95 2092 728 144 iour de Iesuchrist.

229 2216 1095 117 ¶ Augustin/ contre les deux epistres

295 2310 954 102 des Pelagiens/ ad Bonifacium

403 2393 765 95 au .ii. deure au .uiii. Chap̃.

101 2464 1385 119 ¶ Maimtenant est ce que adus deduons con¬

101 2541 1400 119 siderer: ascauoir se dieu inspire le desir de bien

104 2636 1403 107 a lhomme/ sans sa uolunte et cestuy resistãt:

95 2710 1394 116 tellement que plus ne soit resistant ⁊ que plus

89 2791 1388 112 ne soit contre sa uoulunte/ mais quil soit cõ¬

102 2884 1369 132 sentant au bien/ ⁊ uoulant le bien. Ceulx icy

384 166 1008 130 et du merite. Cha.ix.

1489 293 306 110 1.Io.4.a

1486 380 297 109 Tout bi

1486 469 285 98 en est en

1495 564 217 92 amour.

1552 182 137 110 OL

1483 944 268 130 Ro.14.d

1489 1276 226 134 Ro.5.a

1519 2440 258 119 Dieu in

1528 2535 229 122 spire la

1525 2642 238 95 grace/ a

1504 2704 253 116 Hõme qͥ

1498 2788 259 133 y resiste.

792 2973 681 112 M .iiii. lascauoir
