2211 3563
430 293 247 122 Lerreur

430 397 256 98 des Pe¬

419 481 234 106 lagiẽs.

722 285 1373 130 (ascauoir les Pelagiẽs) disent que le desir du

716 385 1382 119 biẽ cõmence en lhõme/ ⁊ ꝑ lhõme: tellemẽt q̃ le

713 486 1382 98 merite de ce qͥ est cõmence/ obtiẽne aussi la gra

709 562 1387 109 ce de ꝑfaire: uoire toutesfois silz ueullent ceste

685 647 1411 107 chose. Car Pelagius dit/ q̃ plus facilement le

671 732 1421 105 biẽ est acõply/ sil est ayde de la grace. Par la¬

669 815 1417 105 quelle additiõ/ cest adire/ plꝰ facilemẽt/ signi¬

673 896 1417 109 fie urayemẽt qͥl entend/ q̃ quãt aussi layde de

677 983 1409 103 la grace ny seroit pas: quil le peult fatre/ cõ¬

679 1060 1411 111 bien q̃ plus difficilemẽt se puist acõplist le biẽ

667 1148 1403 103 par le fanc arbitre. Mais si le desir de bien

651 1239 1423 97 cõmence par nous sans la grace de dieu: ce cõ

643 1318 1443 99 mencemẽt sera merite/ auquel cõme par debte

649 1397 1441 113 layde de grace y doibt uenir: et ainsi la grace

671 1478 1417 107 de dieu ne sera pas dõnee poͬ neãt: mais sera

681 1553 1399 117 dõnee selon nostre merite. Mais affin que le

701 1638 1381 115 seigneur respõdist au Pelagien a uenir: il na

701 1728 1376 98 pas dit. Sans moy uous pouez difficillemẽt

686 1817 1382 98 faire q̃lque chose: mais il a dit. ASans moy

677 1891 1394 107 uous ne pouez riẽs faire.? Il appartiẽt a lhõ

671 1968 1403 125 me de preparer son cueur: ⁊ du seigneur est la

680 2054 1400 107 respõse de la langue.? Ilz sõt deceuz par mal

695 2134 1379 110 entẽdre: tellemẽt qͥlz e/timetq̃ preparer le cued

701 2229 1370 98 cest cõmencer le bien sans layde de la grace de

698 2312 1367 110 dieu/ qui appartiẽt a lhõme. Ia naduiẽgne q̃

689 2391 1387 103 les filz de promissiõ lentendent ainsi: cõme la

685 2478 1389 107 ou ilz ont ouy le seigneur/ disant: Sans moy

681 2563 1395 107 uous ne pouuez riẽs faire: ilz le uiẽnent cõme

677 2644 1393 107 a uaincre/ disant: Uoicy nous pouuõs sans

695 2725 1370 116 toy preparer le cueur: ou quãt ilz auront ouy

698 2802 1370 119 de lapostre sainct Paul? Non pas que nous

674 2888 1400 146 soyõs ydoines de pẽser quelque chose cõme de

1095 172 515 126 De la grace

392 1796 246 107 Io.15.a

380 1888 267 110 Prouer.

374 1965 140 110 16.a

380 2051 270 110 Lecueur

380 2146 297 104 est p̃pare

392 2214 294 110 ou biẽ ꝑ

404 2307 237 124 le seigͬ.

368 2704 309 125 2.corĩ.3.b

377 2799 294 113 La bon¬

380 2888 267 128 ne pẽsee

1864 3008 200 81 rious
