2212 3563
335 118 1071 161 ⁊ du merite. Chap̃.ix.

98 249 1403 163 nous mesmes/ mais nostre suffisance est de

104 347 1382 128 dieu: cõme aussi en le cõuaincãt ⁊ disãt. Uoi¬

118 445 1373 117 cy nous sõmes ydoines de nous mesme de pre

126 524 1375 135 parer nostre cueur/ ⁊ par ce/ de penser quelque

128 607 1373 129 chose de bien. Et qui est cestuy qui peult appa

110 692 1381 127 reiller le cueur a bien par une bõne pensee? Ia

104 763 1379 148 naduiengne quilz lentendent ainsi/ si ne sont

108 859 1389 126 ceulx qui deffendent leur orgueilleux arbitre

118 942 1375 132 ⁊ destruisent la foy catholicq̃. Pource uraye¬

120 1021 1381 136 ment est escript. A lhõme appartient de prepa

116 1110 1389 131 rer son cueur/ ⁊ du seigneur est la respõse de la

114 1199 1391 123 langue: pourtãt q̃ lhõme le prepare/ non pas

116 1270 1391 133 toutesfoys sans layde de dieu. Aussi pareille¬

115 1356 1389 140 mẽt est il dit. * Ouure ta bouche/ ⁊ ie lempli¬

118 1443 1387 130 ray. Et cõbien que nous ne puissions ouurir

120 1524 1404 124 la bouche/ si ce nest par layde de celuy/ sans le

138 1613 1404 122 quel ne pouõs riens faire: toutesfoys nous a

145 1683 1401 137 ouurõs par sõ ayde ⁊ par nostre oeuure: mais

146 1773 1384 127 le seigneur le emplit sans nostre oeuure. Car

140 1868 1380 117 quelle chose est ce preparer le cueur/ ou ouurir

138 1945 1386 123 la bouche/ sinon disposer la uolũte: ⁊ toutes¬

145 2010 1374 142 foys es mesmes escriptures est leut. * La uolũ

138 2112 1390 116 te est preparee du seigneur. Ie ouuriray ta bou

152 2199 1374 122 che/ ⁊ te instruiray quelle chose tu doibz par¬

160 2274 1378 131 ler. * Pourtãt dieu faict plusieurs biẽs en lhõ

160 2357 1374 134 me que lhõme ne faict point: mais lhõme nen

154 2443 1400 128 faict nulz que dieu ne faice q̃ lhõme les faict.

443 2525 994 119 ¶ Au mesme/ au .ix. Chapitre.

178 2603 1388 137 ¶ Quelle chose est ce le desir du biẽ/ sinon cha

172 2687 1376 139 rite? * Charite est de dieu. Et son commence¬

170 2777 1382 122 ment nest pas de nous/ ⁊ la perfection est de

170 2866 1386 128 dieu/ mais si charite est de dieu/ elle est du tout

1599 136 101 119 93

1525 264 276 101 nest pas

1513 341 270 110 de nous

1507 721 205 145 Nota.

1528 1252 267 223 Ps̈.80.c

1569 1653 247 158 Ioã.15.a

1543 1989 264 136 Exo.4.c

1593 2223 196 137 Dieu

1560 2321 241 122 faict toꝰ

1578 2428 238 95 les biẽs

1578 2505 247 128 qͥ sont en

1584 2592 211 112 lhõme.

1566 2681 244 142 1.Io.4.c

1318 2957 236 85 a nous
