2212 3563
300 151 1067 172 et dumerite. Cha.ix.

95 300 1362 173 de dien par foy/ pour cõgnoistre ice¬

102 419 1363 178 luy/ la uertu de sa resurrection/ ⁊ la

122 562 870 150 soaete de ses passions.

176 698 1289 143 ¶ Aug aux sermõs du tẽps/ au .xlix. au di

231 795 1159 121 menche .u. apres les octaues des roix.

104 890 1367 149 ¶ Moy malheureux hõe/ qͥ me deliurera du

104 991 1375 123 corps de ceste mort? Le medecin respondit. La

108 1086 1367 131 grace de dieu/ par nr̃e seigͬ Iesuchrist. La gra¬

100 1157 1379 131 ce de dieu/ nõ pas tes merites. Poͬquoy dõcq̃s

102 1241 1371 136 as tu dit/ q̃ tu as cõuerse sãs querelle en la loy

102 1328 1383 124 auec iustice?? Escoutes: il a dit sãs q̃relles des

110 1398 1370 151 hões. Car il ya aucune iustice/ q̃ lhõme peult

104 1484 1379 134 acõplir: tellemẽt q̃ ꝑsõne ne se plaindra de luy.

110 1579 1385 134 Lescripture dit.?Ne desire pas la chose dau¬

124 1653 1395 146 truy. Ton egu ne delrode pos ta choIe dau¬

121 1736 1392 137 truy: tu nauras nulle q̃relle aux hõmes. Dõc¬

122 1829 1379 130 ques aucunes soys comoneru ⁊ si ne desrobe

116 1912 1381 126 pas. Mais la sentẽce de dieu est sur toy/ pour¬

114 1989 1385 134 ce que tu conuoite. Tu es uaincu par la loy:

116 2070 1391 139 mais cest deuãt les yeulx du legislateur. Uit

120 2163 1385 129 on sans querelle? Uourquoy dõcques sont ces

120 2240 1390 139 choses dõmaiges? Pourquoy sont ces choses

122 2323 1392 137 comme fiente? Tout ce que les Iuifz faisoient

126 2407 1396 136 dequoy les hõmes ne se plaignoient pas/ ⁊ de

136 2491 1401 133 quoy leur ꝯuersatiõ estoit en la lon sãs q̃rede

142 2573 1408 126 ilz le attribuoiẽt a eulx ⁊ assignoiẽt ceste iusti

139 2654 1398 134 ce selõ la loy a leͬs forces.? Ilz ne la pouuoiẽt

136 2728 1392 137 acõplir: mais en faisoiẽt tãt quilz pouoiẽt/ en

139 2823 1386 128 attribuãt a eulx: ⁊ toutesfoys aussi ne acõplis

148 2915 1380 149 soiẽt il pas ce iustemẽt. Lescripture doncques

1525 175 157 130 94

1498 861 208 139 Ro.7.d

1599 1306 172 101 Que

1507 1392 270 110 cest con¬

1507 1478 199 92 uerser

1525 1546 255 113 sãs q̃rel

1546 1644 80 95 le.

1534 1713 258 133 exo.20.c.

1566 2473 220 110 Ro.13.c

1548 2630 259 122 Nul ui¬

1548 2728 268 107 uant ne

1551 2820 265 107 peult a¬

1551 2894 256 125 complir

1557 2984 223 112 la loy.

1323 2995 217 119 dit/ qu
