2211 3563
392 528 282 131 Ps̈.142.

398 641 229 128 Ps̈.19.

677 316 1391 137 dit/ q̃ acõplir la loy cest/ de nõ cõuoiter. Qui

675 405 1403 131 est dõcques le uiuant qui puist faire cela? La

685 490 1379 127 pseaulme qͥ a maintenãt este chãtee noꝰ ayde.

695 564 1370 136 Meigñr ex aulce moy en ta iustice: cest adire

668 650 1388 136 non pas en la miẽne. Sil di soit/ exaulce moy

641 746 1419 119 en ma iustice: il lappelleroit cõe merite. Mais

639 827 1423 127 aussi urayemẽt lappelle il en aucuns lieux sa

643 916 1419 119 iustice: mais tellemẽt quil la discerne mieulx/

653 987 1411 135 q̃ aussi quãt il lappelle la frẽne/ il lappelle cõ¬

662 1074 1403 134 me a luy dõnee. Cõme nous disos? Et il me

633 1157 1409 129 rendra selon/ a iuestice. Pareillemẽt quãt noꝰ

632 1232 1412 136 disons. ?Dõne nous auiourdhuy nostre pain

618 1328 1438 124 cotidien. Ainsi q̃ nous disõs/ dõne/ ainsi disõs

626 1413 1446 119 nous/ nostre. Uoreidlemẽt a ceulx qͥ se pereuẽt

656 1478 1391 131 p̃sumer de leur perfectiõ/ dit lapostre? Nous

659 1571 1391 131 tous dõcques qui sõmes parfaictz/ sauourõs

665 1652 1387 131 ceste chose. Il se estoit ny a gueres dit impar¬

663 1735 1381 129 faict/ ⁊ maintenãt se dit parfaict. Pourquoy?

662 1814 1385 127 7 Pour ce q̃ la ꝑfectiõ de lhõme est de soy trou¬

638 1900 1403 124 uer estre imꝑfaict. Et nous tous qͥ sõmes pat¬

635 1980 1412 145 faictz/ sauourõs ceste chose. Et si par aduẽtu¬

641 2075 1406 122 re uous sauourez autremẽt q̃lque chose? dieu

659 2158 1379 128 aussi uous rerelera la mesme chose: cest adire

662 2223 1379 140 q̃ si uous uous louez estre iustifiez par aucune

665 2324 1376 128 poursuyte de lesprit: en lisant les escriptures/

653 2399 1388 139 ⁊ en trouuãt q̃lle est la uraye ⁊ ꝑfaicte iustice/

645 2488 1395 124 uous uous trouuez estre coulpables/ et q̃ par

643 2573 1391 126 le desir des choses a uenir uoꝰ cõdẽnez les cho

647 2658 1393 131 ses p̃sentes: ⁊ q̃ uous uiuez par foy/ ꝑ esperãce

647 2747 1389 123 ⁊ par charite: ⁊ q̃ uous entẽdez/ que ce q̃ uous

638 2829 1391 122 croyez ne le uoyez point encore: ce q̃ uous espe

630 2912 1384 149 rez/ q̃ ne le tenez point encore: ce q̃ uous desirez

1032 186 503 130 De la grace

341 1045 244 127 Ps̈.17.

329 1223 286 119 matt.6.b

362 1437 265 154 Phił.3.c

353 1787 282 125 La per¬

344 1882 274 101 fectiõ de

338 1965 277 104 lhomme

335 2048 283 110 est la cõ¬

344 2140 294 104 gnoissã-

350 2229 285 101 ce de son

353 2292 285 133 imperfe¬

362 2381 199 116 ction.

344 2883 259 130 hebr.11.a

1792 3030 232 105 que ne
