2212 3563
169 261 1353 166 ¶ Deu ne demãde la mort de ꝑsonne: ce quie

175 383 1326 130 faitt ainsi entendre: que lhomme a acqueru a

175 454 1329 145 sayla mort en delaissant dieu: ⁊ celuy lacqͥert

154 534 1347 142 mmi ne recourt pas a dieu selon ce qͥ est escript

142 623 1362 131 au premier de Sapiẽce. Dieu na pas faict la

130 712 1365 131 mort. Mais aussi ceste ꝑolle nest pas moins

128 791 1380 135 ueritable.7La uie ⁊ la mort est du seigñr: asca

122 874 1339 131 uoir la uie du donnãt: ⁊ la mort du iugeant.

312 962 939 128 ¶ Au mesme liure. Cha.xxui.

134 1035 1386 134 ¶ Ascauoir se dieu nest pas auteur de mal? La

127 1122 1386 136 fault il regarder q̃ on nẽtẽde mal ce q̃ iay dict.

124 1196 1389 140 Celuy nest pas auteur de mal qͥ est facteur de

130 1291 1377 137 toutes choses qͥ sont: car en ce q̃lles sõt/ autãt

133 1371 1377 134 sont elles bonnes. Et aussi q̃ on ne estime pas

130 1464 1373 117 de cecy/ q̃ la peine des mauuais ne soit de luy/

134 1541 1382 133 laq̃lle totallemẽt est mauuaise a ceulx qͥ sont

154 1625 1378 124 pugnis. Dõcques la peine des mauuois q est

158 1710 1386 120 du seigõr dieu: ede est ueritaudement mauuai¬

157 1790 1362 136 se aux mau2o ◊6 OLee/̃ atte les bõnes

142 1870 1380 137 oeuures de dieu: car cest chose iuste q̃ les mau¬

139 1944 1374 143 uais soiẽt pugnis: ⁊ aussi tout ce qui est iuste/

142 2058 709 123 est ueritablement bon.

178 2205 1350 180 ¶ Mue tous homes sõt

168 2355 1354 150 par Adã p̃uariegteurs. Chap̃.ii.

712 2496 589 130 ¶ Osee.6. C.

473 2602 1067 161 Ceulx aussi ont trãsgresse

522 2731 1014 131 nõ aliãce cõe Adã: illecont

472 2847 1053 160 ilz este p̃uaricateͬs en moy.

401 121 1017 181 de Adam. Chap̃.ii.

1590 261 184 127 Dieu

1516 356 291 104 ne ueult

1519 439 291 122 point la

1519 525 285 107 mort du

1522 617 264 104 pecheur.

1525 706 264 113 eccłi.11.c.

1614 163 89 107 9

1569 1095 188 119 Dieu

1534 1196 258 98 nest pas

1531 1270 261 116 auteur d

1531 1362 157 116 mal.

1543 1778 234 101 q̃s.36.e.

1548 1849 247 116 Miche.

1540 1944 107 98 1.d.

1524 2040 282 101 mat.21.d

153 2665 337 348 I

871 2948 660 148 B ¶ Hierosme
