2212 3563
371 145 1047 154 et du merite. Cha.ix.

118 294 1379 125 que ne lacõplissez poĩt encore. Et si la charite

122 382 1367 122 de ceulx qͥ sõt encore pelerins est telle: q̃lle sera

132 467 1361 120 la charite de ceulx qͥ la uoyẽt? Cestuy doncq̃s

142 548 1357 121 qͥ enseignoit la iustice de dieu/ ⁊ qͥ ne ꝯstituoit

133 626 1362 128 yas la siẽne: il cryoit de la pseaulme. * Exaul

124 718 1371 115 ce moy en ta iustice. Car aussi quant tu sorti¬

118 801 1379 117 ras dicy: tu seras receu pour les merites: ⁊ res¬

130 884 1373 115 susciteras poͬ receuoir ce q̃ tu as faict. * Adõc

124 964 1374 107 courõnera dieu/ nõ pas tant tes merites q̃ ses

127 1045 1371 118 dõs. Chemine seurement en Christ: chemine q̃

124 1128 1380 119 tu ne choppe ⁊ q̃ tu ne tõbe. Et ne regarde pas

124 1211 1380 116 derriere toy/ q̃ tu ne demeure en la uoye/ q̃ tu

126 1298 1386 125 ne te retire de la uoye. Dõne toy garde seulle¬

128 1387 1388 117 mẽt de ces choses: ⁊ tu y es paruenu. Et quãt

132 1472 1382 113 tu seras paruenu: adonc ne te glorifie pas en

132 1551 1396 117 toy de ceste chose. Car celuy qui se loue/ il ne

148 1640 1109 109 loue pas dieu: mais se retire de dieu.

261 1710 1289 124 ¶ Augu. cõtre deux epistres des Pelagiẽs/

334 1799 1115 111 ad Bonifaciũ au .i. livre au .ix. chap̃.

151 1867 1368 131 ¶ Que ce q̃ lapostre a escript aux Philipiẽs

148 1963 1374 123 ne te esmeuue/ disant qͥl a este sãs querele selõ

148 2051 1383 116 la iustice qͥ est de la loy. * Car il pouuoit estre

154 2137 1377 110 par dedẽs p̃uaricateur de la loy par mauuai¬

169 2209 1365 124 ses affectiõs: ⁊ toutesfois acõplir par dehors

154 2292 1383 124 les bedes oeuures de la loy: ou par la crainte

160 2384 1380 116 des hõmes/ ou de dieu/ ou par la crainte de la

166 2464 1396 107 peine ⁊ nõ point par didectiõ ne par delectatiõ

178 2543 1396 123 de la iustice. Car cest autre chose de bien faire

186 2626 1384 119 par la uolunte de biẽ faire: ⁊ autre chose est de

178 2713 1376 107 tellemẽt estre enclin a malfaire par uolunte/

174 2798 1386 115 q̃ aussi le feroit sil pouoit estre ꝑmis impuni.

178 2882 1380 132 Car ueritablement ainsi peche par dedens en

1584 160 119 157 95

1519 599 261 143 Ps̈.142.

1519 938 273 119 dieu cou

1516 1036 273 113 rõne ses

1525 1131 184 98 dons.

1531 1196 258 125 leui.26.d

1551 1843 259 131 Phił.3.b

1563 2016 256 121 Quelle

1551 2111 271 106 est la iu¬

1554 2197 274 115 stice qui

1554 2283 274 119 est de la

1569 2369 137 110 loy.

1404 2965 162 128 ceste
