2211 3563
1034 176 503 128 De la grace

659 310 1387 109 ceste uolunte/ celuy qui est sans pecher/ par

653 401 868 109 crainte ⁊ nõ pas de uolunte.

828 473 1222 118 ¶ Aug. ad Anastasiũ en lepistre .cxliiii.

647 558 1400 116 ¶ Cestuy estime mal/ destre uictorieux du pe¬

635 650 1412 104 che/ quil laisse a pecher par crainte de la peine

624 727 1417 107 car cõbiẽ q̃ par dehors loeuure de mauuaise cõ

624 810 1417 110 cupiscẽce ne soit pas acõplie/ neãtmoins ceste

638 890 1400 113 mauuaise cõcupiscẽce ꝑ dedẽs est ennemie. Et

647 985 1388 107 qͥ sera cestuy qͥ sera trouue innocẽt deuãt dieu/

644 1059 1394 107 qui ueult q̃ ce qui est deffẽdu soit faict se tu re¬

615 1146 1408 104 tire la crainte? Et par ce est en ceste uoulunte

600 1227 1428 117 coulpable: leq̃l ueult faire ce qͥl nappartiẽt de

604 1310 1428 111 faire: mais pourtant ne le faict il pas/ qͥl ne le

612 1397 1428 109 peult faire sans estre puny. Car dautant quil

626 1480 1404 109 est en luy/ il aymeroit mieulx qͥl ny eut pas

631 1561 1397 105 de iustice deffendãt ou punissãt les pechez. Et

641 1638 1389 115 sil est ainsi qͥl aymeroit mieulx qͥl ny eut pas

633 1724 1393 112 de iustice: qͥ doubte q̃ sil pouuoit qͥl le osteroit?

618 1811 1404 109 Et par ainsi/ cõment est iuste ung tel ennemy

608 1894 1416 107 de iustice: q̃ si la puissance luy estoit donnee/

610 1977 1412 107 osteroit celle qui cõmande affin qͥl ne souffrit

606 2058 1420 111 celle qui menace ou celuy qͥ iuge? Cestuy dõc¬

596 2147 1426 103 ques est ennemy de iustice/ qui laisse a pecher

606 2232 1402 101 par crainte de la peine: mais cestuy sera son

600 2308 1424 106 amy sil laisse a pecher ꝑ lamour dicelle. Car

602 2393 1418 97 adonc urayement craindra il a pecher. Celuy

612 2478 1406 103 qui craint la gehenne: il ne craint pas de

614 2555 1398 105 pecher/ mais il craint de brusler: mais cestuy

620 2642 1398 99 craint de pecher/ qui hait autant le peche cõ¬

638 2737 1376 89 me les tourmens. * Cest la chaste crainte/ qui

624 2814 1381 92 demeure au siecle du siecle. Car laultre crain¬

603 2900 1397 107 te de la peine a son tourmẽt * ⁊ nest pas en cha

392 540 235 128 Cestuy

368 644 250 107 nest pas

368 736 244 86 iuste qui

353 810 223 107 laisse a

332 908 274 98 pecher ꝑ

320 985 304 98 la craĩte

320 1057 307 115 de la pei

323 1155 104 103 ne.

332 2141 198 97 Note

315 2693 297 133 psal.18.c

312 2799 270 107 1.Io.4.d

326 2886 244 124 Crainte

1719 2975 281 112 rite/ ⁊ la
