2212 3563
347 133 1008 149 ⁊ du merite. Cha.ix.

95 276 1391 124 rite/ ⁊ la parfaicte charite la met hors/ Mais

112 377 1356 112 ung chascun hait dautãt le peche/ qͥl ayme la

115 466 1356 107 iustice: ce qͥl ne pourra faire par la loy espou¬

128 542 1353 123 uẽtãt par la lettre/ mais par lesprit guerissãt

128 643 398 105 par la grace.

223 726 1131 119 ¶ Gregoire sur les canticques/ la ou

299 819 942 111 il est dit Les droicturiers te ay¬

502 902 573 103 ment/ au .i. Chap̃.

114 975 1369 123 ¶ Cõme sil disoit. Ceulx qͥ ne sõt pas droictu

106 1066 1363 103 riers encore craingnent ilz: mais les droictu¬

102 1148 1367 110 riers te ayment. * Car tout hõme qui faict les

104 1233 1363 103 bõnes oeuures par crainte: cõbien qͥl soit droi¬

104 1316 1363 111 cturier en loeuure/ se nest il pas droicturier en

106 1397 1371 105 desir. Car il uouldroit qͥl ny eut riens q̃ crain

110 1478 1373 103 dre/ ⁊ quil ne feist nulles bonnes oeuures. Ce¬

108 1561 1387 117 luy dõcques qͥ faict biẽ par amour/ il est aussi

112 1647 1401 113 droict en loeuure ⁊ en desir. * O seigñr q̃ grã¬

122 1728 1383 104 de est la multitude de ta doulceͬ/ q̃ tu as muce

116 1811 1371 114 a ceulx qui te craignẽt ⁊ las parfaict a ceulx

110 1894 1383 113 qui ont esperãce en toy. Certes la doulceur de

110 1977 1379 113 dieu est incõgneue a ceulx qui craĩgnẽt dieu/

112 2060 1379 117 ⁊ est manifestee a ceulx qͥ aymẽt. Cestuy donc¬

120 2145 1367 101 ques qui rẽdra peine destre droict par amour:

118 2224 1381 115 la dilectiõ de cestuy est parfaicte: tellemẽt quil

112 2313 1383 113 ne craint pas le iuge uenant/ et ne craint pas

120 2397 1109 108 tout ce qͥl oyt des tourmẽtz eternelz.

134 2494 1343 142 2.Tim̃.4.B. ¶ Desia suis ie sa¬

128 2618 1388 133 crifie/ ⁊ le temps de ma resolutiõ est

128 2725 1388 151 ꝓchain. Iay bataille bõne bataille:

124 2846 1379 162 iay ꝑfaict le cours: iay garde la foy.

1560 166 111 111 96

1498 282 300 121 nest pas

1489 371 306 157 en cha¬

1495 457 122 116 rite.

1495 1059 271 128 Cãti.1.a

1501 1167 263 101 Noꝰ de¬

1487 1254 281 92 uõs tout

1497 1336 265 105 faire par

1499 1427 245 95 amour.

1537 1627 199 142 Ps̈.30.

1498 2538 282 134 1.corĩ.9.d

1120 2955 390 132 Du surplus
