2211 3563
1077 195 507 125 De la grace

679 334 1391 125 Du surplus la couronne de iustice

671 453 1403 132 mest gardee/ q̃ le seigñr me rẽdra en

675 574 1395 122 celle iournee/ cõme iuste iuge. Non

653 686 1419 131 pas seullement a moy: mais aussi a

655 803 1072 123 ceulx qui aymẽt sa uenue.

802 922 1183 107 ¶ Augustin au liure des cinquãtes ho¬

962 1007 827 103 melies/ en la .xiiii. homelie.

665 1084 1397 109 ¶ Le seigñr (dit il) me rẽdra la courõne cõme

641 1163 1409 116 iuste iuge. Car celuy qui regarde/ apres quil a

635 1270 1411 93 regarde loeuure/ ne peult denier le salaire.

649 1344 1411 95 Iay bataille bonne bataille: cest une oeuure.

677 1425 1381 103 Iay parfaict le cours: cest une oeuure. Iay gar

669 1504 1385 103 de la foy: cest une oeuure. Il me reste la courõ¬

663 1591 1395 97 ne de iustice: cest le salaire: mais tu ne fais riẽs

663 1670 1397 99 au salaire/ ⁊ en loeuure ne fais poĩt seul. Tu

661 1755 1401 95 as la courõne de luy/ mais loeuure est de toy:

653 1838 1395 103 ⁊ toutesfois nest sinon par layde diceluy. Iay

637 1924 1411 98 bataille bonne bataille/ iay faict le cours/ iay

633 2007 1415 103 garde la foy: il retribue les biẽs. Mais quelz

632 2093 1415 98 biẽs? Ceulx qͥl a dõne. Cestuy ne ta il pas dõ

630 2171 1420 103 ne q̃ tu bataillas bonne bataille? Se cestuy ne

662 2244 1394 107 la pas donne: quest ce que tu dis en ung autre

671 2333 1376 116 lieu. * Iay laboure plus que tous les autres?

671 2419 1370 110 Nõ pas moy: mais la grace ð dieu auec moy.

677 2497 1367 118 Par ce dõcques q̃ cestuy ta ayde/ ⁊ qͥl ta dõne/

665 2589 1382 95 tu as bataille bonne bataille/ et as parfaict le

665 2666 1376 101 cours/ ⁊ as garde la foy. * Pardõne moy apo

665 2758 1376 92 stre: ie ne cõgnois riẽs de ton propre/ sinon les

665 2826 1376 122 maulx. Pardõne moy apostre. Noꝰ le disõs/

647 2912 1391 181 pource q̃ tu las enseigne/ Ie oys celuy qͥ se cõ¬

396 445 249 105 Ps̈.102.

368 1116 214 178 Ps̈.7.

350 2022 202 172 Note.

359 2226 273 110 1.cor.15.b

362 2333 282 92 2.tim̃.2 a

362 2416 282 95 Les pro¬

356 2508 300 90 pres oeu

347 2583 283 86 ures de

347 2666 303 95 paul ne¬

344 2749 303 92 stoiẽt ri¬

353 2823 285 107 ens sinõ

365 2906 190 119 peche.

1814 3004 222 127 fesse: si
