2212 3563
102 281 1389 122 fe sse: si ne frouue pas quil soit ingrat. Uerita

95 368 1376 118 blement /out ce q̃ tu as appareille de toymes¬

104 442 1358 119 me/ noꝰ y cõgnoissons riens sinõ mal. Quãt

114 534 1353 115 dõcq̃s dieu courõne tes merites: il ne courõne

108 617 1363 119 riẽs sinon ses dons: affin q̃ nul ne soit esleue

100 704 1369 109 de telle foy ou de telle pitie en bonnes oeuures

89 785 1380 119 par son frãc arbitre. Ung chascun le recoiue

85 872 1384 109 telle mẽt quil cõgnoisse celuy qͥ le dõne/ ⁊ que

85 954 1382 110 nul ne soit ĩgrat au dõneur: q̃ celuy ne se eslie

93 1039 1372 113 ue ꝯtre le medecin/ qͥ nest pas encore sain/ ou qͥ

87 1120 1378 115 nest pas guery de soymesme. Dõcques nulles

83 1203 1384 115 argumẽtations ne soiẽt cause de oster hors de

87 1284 1382 113 uoz cueurs/ ceste foy ⁊ ceste pitie qͥl ꝯfesse. Gar

87 1369 1388 111 dez ce q̃ uous auez receu. Et considerõs hũble

83 1454 1379 101 ment ce q̃ dit lapostre. Cest dieu qͥ faict en noꝰ

95 1546 1373 92 ⁊ le uouloir/ ⁊ le parfaire. Rendons graces

95 1621 1403 104 au seigr̃i nostre (ouueur/ qui nous a guery de

95 1707 1406 113 nostre playe/ sans nulz de noz merites prece¬

99 1787 1386 101 dens/ ⁊ nous a recõseille noꝰ e/tõtecoreee¬

86 1867 1379 107 mis: ⁊ nous a /achere de captiuite: ⁊ nous a ra

85 1951 1386 109 mene des tenebres a la lumiere/ ⁊ noꝰ a rapelle

89 2034 1380 111 de la mort a la uie. Et cõfessons hũblemẽt no

95 2118 1366 116 stre fragilite/ ⁊ priõs sa misericorde: q̃ poͬce q̃

101 2194 1355 124 selon le Psalmiste:?il nous a preuenu par sa

97 2286 1376 113 misericoide/ quil uueille en nous non seulle¬

91 2369 1392 113 mẽt garder ses dõs ⁊ ses benefices/ mais aussi

89 2454 1374 105 aug/ nenter ceulx quid uuy a pdeu de donner.

178 2525 1273 123 ¶ Aux mesmes/ au .xluiii. sermon/ au .u.

205 2606 1189 110 dimẽche/ apres les octaues des Roix.

98 2690 1382 130 ¶ Il appartient totallement a toymesme/ que

86 2776 1382 127 tu soye tenebreux a tes choses. Car quelle au¬

83 2862 1379 157 tre chose est ce destre fol/ sinon estre tenebreux

306 139 1091 154 ⁊ du merite. Chaꝰ.g.

1486 427 291 154 hier̃.23.c

1569 157 128 119 9)

1483 1440 274 115 phili.2.b

1501 1543 273 93 Les uene

1525 1618 229 101 fices de

1519 1698 154 98 dieu.

1495 1858 253 122 Gał.3.b

1501 2155 193 214 Ps̃.58.

1537 2580 220 145 Ie ny a

1498 2707 262 92 tiens de

1489 2788 250 95 lumiere

1486 2856 271 113 en nostre

1492 2945 229 113 nature.

1046 2942 422 145 N en son
