2211 3563
1010 148 511 131 De la grace

649 279 1399 112 en son cueur? Desq̃lz finablemẽt dit lapostre.

655 370 1381 105 * Ceulx qͥ se disoiẽt estre saiges/ ont este faictz

655 449 1385 111 folz. Et leur cueͬ insipiẽt a este obscurcy. Dis/

649 538 1403 103 q̃ tu ne es pas la lumiere. Cõbien que tu aye

633 621 1417 107 beaux yeulx/ si nes tu pas la lumiere. Que

620 702 1428 109 prouffite loeil sain ⁊ ouuert/ sil ny a pas de lu

610 787 1426 105 miere? Et dis q̃ tu nas point la lumiere de toy

616 870 1432 103 mesme: ⁊ crie ce qui est dit. * Seigneur tu enlu

622 956 1426 97 mineras ma lãpe. Seigñr par ta lumiere tu

624 1039 1422 101 enlumineras mes tenebres. Car en moy ny a

620 1118 1410 103 riẽs q̃ tenebres: mais tu es la lumiere en chas¬

608 1201 1422 105 sant les tenebres/ ⁊ moy enluminãt: la lumie¬

603 1279 1432 104 re nest pas en moy uenant de moy/ mesme ne

604 1373 1385 103 suis participant de la lumiere sinon en toy.

697 1452 1226 107 ¶ Augustin sur sainct Iehan/ au .xlix.

925 1536 768 93 traicte/ au .ix. Chapitre.

650 1606 1391 113 ¶ Que nul dõcq̃s ne se uãte: car du sien il est

656 1692 1382 113 Satan: mais de dieu/ il est biẽheureux. Et q̃st

647 1775 1385 110 ce estre du sien/ sinon de son peche? Oste le pe¬

630 1858 1399 116 che qui est de toy: la iustice (dit il) est de moy.

630 1944 1319 113 * Car quelle chose as tu q̃ tu ne laye receu?

798 2028 1078 111 ¶ Augustin en ses contẽplations/

1030 2116 576 100 au .xu. Chapitre.

632 2185 1403 110 ¶ Seigneur ie confesse cõme tu mas enseigne

624 2289 1417 92 que ie ne suis autre chose/ sinon toute uanite

624 2351 1423 122 ⁊ umbre de mort/ ⁊ q̃ une abisme tenebreuse * et

641 2443 1394 104 terre uaine ⁊ uuide: laq̃lle sans ta benediction

647 2532 1388 107 ne germe riẽs/ ⁊ si ne faict pas de fruict sinon

659 2621 1382 98 confusion/ peche/ ⁊ mort. Se iay eu q̃lq̃ chose

662 2690 1379 106 de bon ie lay receu de toy: tout ce que iay eu de

650 2782 1391 106 bien/ cest a toy/ ou ie lay de toy. Si ie me suis

638 2865 1403 160 aucunesfoys tenu droict/ par toy me suis ie

404 378 182 99 Ro.1.c

336 876 218 115 Ps̈.17.

315 1270 261 173 Psal.12.

353 1573 250 131 Lhõme

350 1689 291 110 du siẽ est

344 1763 274 125 Satan.

326 1950 283 119 1.cor.4.b

350 2188 223 95 Lhõme

350 2268 259 107 nest que

362 2351 250 101 uanite ⁊

356 2437 265 95 umbre de

350 2523 202 89 mort.

344 2589 294 112 Geñ.1.b

344 2681 277 121 Iaco.1.c

350 2844 271 125 Tout le

358 2947 258 113 bien que

1864 2959 186 99 tenu
