2212 3563
338 160 1112 154 et du merite. Chaõ.ix.

1578 184 149 130 9d

1462 311 315 107 noꝰ auõs

1459 397 310 104 uient de

1459 478 295 109 dieu toure

1471 567 268 98 le peche

1459 662 262 95 ⁊ imꝑfe¬

1459 727 268 113 ction ꝓ¬

1459 825 229 92 cede de

1453 896 200 92 nous.

1465 973 268 122 Psal.58.

56 299 1382 122 tenu droict: mais quãt ie suis tombe par moy

59 391 1374 116 ie suis tõbe: ⁊ fusse tousioͬs couche en la boue

71 489 1365 107 si tu ne me eusse releue: ie eusse tousiours este

74 558 1370 113 auengle/ se tu ne me eusse enlumine. Quãt ie

86 641 1355 116 suistombe/ iamais ne me fusse releue/ se tu ne

74 727 1364 119 me eusse baille la main. Et apres aussi que tu

65 816 1368 107 mas releue/ ie fusse tousiours retõbe/ se tu ne

59 887 1377 131 me eusse soustenu. Ie eusse souuẽt este perdu/

62 988 1376 110 se tu ne me eusse gouuerne. Ainsi toursioͬs ser

67 1070 1382 111 gneur/ ainsi toursiours ma p̃uenu ta grace et

65 1152 1384 108 ta misericorde/ moy deliurãt de toꝰmaulx/ me

69 1233 1376 113 sauuãt de ceulx qͥ sont passez/ me soustenãt de

63 1316 1376 113 ceulx qͥ sont presens/ ⁊ me munissant de ceulx

59 1395 1374 113 a uenir? couppãt aussi deuãt moy les lacz des

59 1472 1379 134 pecheurs/ en ostãt les occasions ⁊ les causes:

59 1570 1394 104 car situ ne me eusse faict ceste chose/ ie eusse

65 1653 1406 110 faict tous les pecdez du monde. Car seigñr ie

65 1722 1400 130 scay bien quil ny a nul peche q̃ iamais lhõme

56 1811 1388 113 ait faict/ que ung autre hõme e pre /atre¬

56 1897 1374 122 si le createu duq̃lest Hõme faict estoit absent.

50 1971 1380 125 Mais tu as faict/ affin q̃ ie ne feisse pas/ ce q̃

51 2064 1388 115 tu as cõmãde de nestre poĩt faict ⁊ as respãdu

51 2151 1380 113 en moy ta grace/ a celle fin q̃ ie creusse en toy.

77 2236 1362 113 Seigñr tu me gouuernois poͬ toy/ tu me gar¬

55 2321 1378 101 dois poͬ toy: ⁊ mas dõne grace ⁊ lumiere affin

55 2397 1295 118 q̃ ne cõmisse adultere/ ne tout autre peche.

53 2485 1415 172 Ephe.2. C. ¶ Maintenant aussi

59 2624 1408 141 uous qͥ autre/ foys estiez loingz en

69 2737 1386 154 Iesuchrist/ uoꝰ estes approchez par

63 2866 713 166 le sang de Christ.

1459 1377 268 119 Dieu o¬

1456 1484 253 98 ste ar¬

1474 1549 277 113 riere des

1492 1638 262 104 bons les

1483 1719 259 124 carses ð

1456 1808 203 110 peche.

1450 1885 250 116 1.Io.5.d

1456 1977 232 113 Psal.3.

1483 2538 238 158 1.Pe.2.b

778 2971 647 146 N .ii. ¶ Augustin
