2211 3563
1057 201 512 129 De la grace

887 332 1066 113 ¶ Augustin cõtre deux epistres des

911 417 984 111 Pelagiẽs/ ad Bonifaciũ/ au .i.

947 506 911 103 liure/ au .xxxuiii. Chapitre.

709 583 1398 107 ¶Nous deffendõs (dit il) q̃ lhõme est loeuure

695 673 1414 104 de dieu: ⁊ que par sa puissance il ne contrainct

695 754 1414 107 personne cõtre sa uolunte/ ne a bien ne a mal:

711 837 1396 101 mais faict bien ou mal de sa propre uolunte.

745 917 1367 98 Mais en bõne oeuure est tousioͬs ayde par la

751 997 1355 113 grace de dieu/ ⁊ en mauuaise oeuure est ĩcite ꝑ

722 1080 1384 104 les suggestiõs du diable. A ce respõdõs nous

701 1175 1405 89 q̃ les hõmes sõt loeuure de dieu en tãt qͥlz sõt

701 1255 1411 104 hõmes: mais en ce qͥlz sont pecheurs ilz sont

704 1336 1405 107 soubz le diable: silz ne sont dillec deliure par

731 1413 1378 101 cestuy qui nest faict mediateur entre dieu ⁊ les

742 1493 1370 101 hõmes poͬ autre chose/ sinon q̃ entre les hom

734 1573 1378 107 mes ny a eu nul pecheur qͥ ait eu la puissance

734 1662 1384 110 de le faire: ⁊ q̃ aussi de la puissance de dieu nul

739 1757 1379 95 ne peult contre sa uolunte estre contrainct au

721 1832 1394 103 bien ne au mal: mais quant dieu le delaisse/

717 1914 1404 107 poͬ ses merites il ua toursioͬs en mal: ⁊ quãt

711 2001 1406 99 dieu laide sans ses merites il est cõuerty a biẽ.

731 2075 1387 104 * Car lhõme nest pas bon sil ne le ueult estre:

725 2161 1390 113 mais la grace de dieu aussi laide quil uueille:

716 2241 1319 122 car il nest pas escript poͬ neãt ce qͥl sensuit.

731 2371 1388 136 Philip.2.B. ¶ Car cest dieu qui

738 2492 1383 134 faict en nous/ ⁊ le uouloir ⁊ le par¬

744 2610 1140 123 faire/ pour la bonne uolunte.

929 2739 933 109 ¶ Augustin/ ad Paulinum en

1052 2822 719 109 lepistre cent ⁊ sixiesme.

754 2897 1367 211 ¶ Qui est celuy qui nous faict estre separe de

439 920 268 92 Lhõme

416 994 291 113 faict bõ¬

407 1086 279 86 ne oeu¬

398 1175 273 77 ure par

398 1250 261 109 la grace

404 1330 255 95 de dieu

421 1404 271 113 ⁊ mau¬

427 1487 259 110 uaise ꝑ

433 1588 262 83 la sug¬

442 1653 271 113 gestiõ du

433 1745 235 116 diable.

416 2078 285 113 la grace

419 2179 255 98 de dieu

424 2259 265 107 noꝰ faict

443 2347 250 97 uouloir.

436 2883 280 151 mat.18.b

1969 3006 158 107 ceste
