2212 3563
338 195 1074 158 ⁊ du merite. Chap̃.ix.

112 346 1377 111 ceste masse de perdition/ ⁊ de ceste contention

127 427 1350 110 sinon celuy qͥ est uenu querir ⁊ sauuer ce qui

124 510 1365 110 estoit perdu? Dequoy aussi lapostre interro¬

136 596 1344 113 gue/ disant. * Qui est celuy qͥ te discerne? La

130 680 1353 101 ou si lhõme dit. Cest ma foy/ cest ma uolunte/

112 754 1374 121 cest ma bõne oeuure. On luy respondra. * Et

110 852 1373 101 quelle chose as tu q̃ tu ne laye receu? Et si tu

107 929 1373 113 las receu/ de quoy ten glorifie tu plus q̃ si tu

112 1012 1371 110 ne lauois receu? Et pourtant tout cecy est dit/

112 1095 1377 107 nõ pas affin q̃ lhõme ne se glorifie: mais affin

112 1178 1380 116 que celuy qui se glorifie/ quil se glorifie au sei

112 1264 1371 110 gneur/ ⁊ non pas des oeuures/ affin q̃ par auẽ

112 1351 1379 103 ture nul ne se eslieue. Nõ pas pource que les

114 1433 1379 103 bõnes oeuures soient frustrees par ceste fidele

116 1518 1379 103 cogitation/ cõme il soit que dieu rende a ung

124 1606 1383 107 chascun selon ses oeuures/ * ⁊ que gloire ⁊ hõ

130 1682 1400 99 neur ⁊ paix est a tout homme faisant le bien:

130 1763 1386 105 mais pource que les oeuures sont de la grace/

124 1846 1365 107 ⁊ non pas la grace des oeuures. Car la foy

122 1931 1377 109 qui besongne par charite/ ne seroit riens si ce¬

118 2015 1377 108 ste dilection de dieu nestoit respandue en noz

120 2102 1379 101 cueurs par le sainct esprit qui nous est donne.

124 2189 1381 93 Mesme nous nauriõs point ceste foy si dieu

132 2266 1371 105 ne partissoit a ung chascun la mesure de foy.

140 2349 1367 105 Il est dõcques bon a lhõme/ que auec toutes

130 2425 1395 116 ses forces de son frãc arbitre dise puremẽt. * Ie

124 2503 1410 118 garderay ma force de toy: car celuy qͥ estime de

130 2589 1404 118 pouuoir garder sans son aide ce qͥl luy a don

132 2676 1392 111 ne: il faict cõme celuy qui sen est alle en une

134 2763 1380 107 loingtaine region/ ⁊ uiuant prodigalement/

132 2848 1373 103 uiẽt a tout cõsumer: puis apres cõtrainct par

128 2939 1377 111 misere de dure seruitude/ iceluy retourne en

1593 222 131 125 99

1507 415 327 140 Luc.19.b

1504 596 285 110 1.cor.4.b

1513 754 264 112 Noꝰ na¬

1504 843 270 101 uõs riẽs

1504 923 273 113 q̃ noꝰ ne

1510 1012 267 119 layõs re

1513 1104 125 89 ceu.

1507 1178 267 116 1.cor.1.d

1501 1261 273 131 ephe.2.b

1540 1585 234 116 Ro.2.b

1519 1846 258 125 Gał.5.b

1560 2413 220 122 Nostre

1557 2508 226 116 force est

1551 2598 209 115 de dieu.

793 3007 720 128 N .iii. soymesme/
