2211 3563
1083 223 509 131 De la grace

707 341 1388 134 soymesme/ dit. * Ie me leueray/ ⁊ men iray a

685 455 1415 107 mon pere. Et nauroit iamais ceste pensee/ se le

675 540 1278 107 pere tres misericordieux ne luy inspiroit.

665 645 1427 136 Colos.1.B. ¶ En rendãt graces

669 768 1419 130 a dieu le pere/ qͥ nous a faict dignes

685 874 1405 139 destre en la part du sort des sainctz/

699 997 1393 125 en la lumiere. Lequel noꝰ a deliure

669 1108 1409 135 de la puissance des tenebres/ ⁊ nous

655 1227 1421 136 a transporte au royaulme du filz de

651 1338 509 130 sa dilection.

842 1443 1236 122 ¶ Augu. ad Uitalem/ en lepistre .cxuii.

683 1526 1382 124 ¶ Respondz/ ie te prie. Cõmẽt dit lapostre. En

695 1618 1385 115 rẽdant graces a dieu le pere qͥ nous faict ydoi

698 1686 1385 131 nes destre en la part du sort des sainctz/ en la

689 1772 1388 113 lumiere: se iceluy ne deliure pas nostre arbitre/

671 1858 1406 113 mais q̃ larbitre se deliure soymesme? Noꝰ ren

653 1949 1423 111 dons dõcques faulcemẽt graces au pere: cõme

653 2022 1409 124 sil faisoit ce quil ne faict pas. Et a erre celuy

637 2116 1417 104 qui a dit/ quil nous faict ydoines. Respondz/

635 2199 1419 103 cõment nous auons nostre franc arbitre pour

643 2278 1425 113 decliner du mal ⁊ pour faire le bien/ quant le

657 2363 1411 107 franc arbitre estoit soubz la puissance des te¬

674 2437 1394 113 nebres? Desquelles tenebres si dieu nous en a

667 2523 1405 117 deliure (comme dit lapostre) ueritablement il

667 2610 1403 115 a faict le franc arbitre libre. Parquoy est faict

669 2699 1395 107 que aussi les hommes ne sont pas fideles/ si¬

657 2783 1405 106 non par le frãc arbitre: ⁊ toutesfoys sont faict

651 2866 1405 107 fideles par la grace de dieu/ qͥ a deliure le frãc

650 2939 1409 131 arbitre de la puissance des tenebres. * Et ainsi

419 338 276 137 Luc.15.d

370 1019 287 131 1.Regũ.

366 1138 176 73 17.e.

362 1189 271 113 Psal.17.

380 1505 223 119 Nostre

380 1603 244 101 arbitre

380 1683 270 110 est deli¬

374 1766 217 98 ure de

380 1849 175 110 dieu.

362 2027 273 119 Psal.30.

371 2413 282 140 2.cori.1.b

416 2918 169 128 Nulz

414 3030 229 111 merites

1769 3058 289 119 la grace
