2211 3563
812 166 782 138 De la transgression

843 312 983 107 ¶ Hierosme sur le mesme/ au .ui.

1010 399 681 101 Tome au .xi. fueillet.

653 471 1385 114 ¶ Cest adire/ en paradis tous ont este preuari

665 576 1376 95 cateurs en moy: en la similitude de la preuari

661 647 1379 103 catiõ de Adam. Car ce nest pas de merueille/

661 728 1369 115 si ce qui a este deuãt au pere: sil est aussi con¬

653 813 430 107 demne au filz.

630 920 1410 133 Ad Rom̃.5. C. ⁊. D. ¶ Car si par

622 1043 1414 122 le peche dung/ la mort a regne par

624 1155 1416 131 ung: par plꝰ forte raisõ ceulx qͥ recoi

635 1268 1403 125 uẽt abõdãce de grace/ ⁊ de dõ/ ⁊ de iu

657 1381 1367 129 stice/ regnerõt en uie par ung Iesu¬

650 1484 1376 149 christ. Ainst dõcques/ cõme par le pe

669 1609 1369 128 che dung/ toꝰ hõmes sõt en condẽna

662 1716 1367 136 tion: ainsi par la iustice dung: tous

639 1829 1395 142 hõmes seront en iustificatiõ de uie.

630 1959 1400 117 Car cõme par linobedience dung

620 2068 1420 127 homme/ plusieurs ont este consti¬

631 2187 1401 121 tuez pecheurs: semblablement par

641 2294 1395 132 lobedience dung/ plusieurs seront

645 2414 688 121 constituez iustes.

826 2549 1050 113 ¶ Augustin des parolles du seigñr

1044 2642 552 107 au .xxxi. sermon.

653 2725 1376 128 ¶ Quant le premier hõme pecha: il couurist

643 2830 1383 105 ses parties honteuses de fueilles de figuier. Il

641 2919 1379 107 couurist les membres desquelz nous sommes

365 543 282 131 rom̃.5.d

359 1475 276 116 De ꝯse.

366 1585 244 81 dist.iiii.

360 1666 279 101 c. regene

359 1745 285 92 ranti. et

358 1830 244 88 clemen.

358 1914 256 93 unica. de

352 1997 244 105 summa

350 2088 178 103 trini.

359 2710 271 140 Geñ.3.b

1828 2996 188 127 naiz.
