2212 3563
291 190 1067 166 ⁊ du merite. Chap̃.ix.

83 332 1397 131 la grace de dieu nest pas niee/ mais est demon

89 430 1373 119 stree ueritable sans aucuns humains merites

95 528 1364 110 precedẽs: ⁊ le frãc arbitre est tellemẽt defendu/

100 609 1371 105 que il est affermy par humilite/ ⁊ non pas pre

95 692 1380 105 cipite par orgueil. Doncques la grace de dieu

83 773 1388 105 nest pas donnee en la nature du franc arbitre/

73 857 1392 99 ne en la loy/ ne en la doctrine cõme la peruer¬

77 934 1392 109 site Pelagiẽne follement dit: mais est dõnee a

77 1019 1394 107 toutes les oeuures/ par la uolũte de celuy du¬

77 1098 1376 107 quel il est escript. * Seigneur dieu tu separe a

75 1191 1388 105 ta uolunte lame uoluntaire. Car nous auõs

73 1270 1394 109 perdu le franc arbitre pour aymer dieu/ par la

73 1355 1396 107 grandeur du premier peche: ⁊ la loy de dieu/ et

71 1441 1394 102 la doctrine cõbien q̃lle soit saincte/ iuste/ ⁊ bon

71 1520 1385 110 ne * toutesfoys elle occist si lesprit ne uiuifie:

83 1615 1394 104 par lequel est faict/ q̃ non pas en oyant/ mais

74 1689 1418 98 en obeissant: non point par lecture/ mais par

83 1775 1391 98 amour est gardee. Parquoy/ q̃ nous croyõs en

77 1852 1379 95 dieu ou q̃ nous uiuons fidelemẽt/ * ce nest pas

68 1941 1388 98 du uueillant ne du courrant mais cest de dieu

71 2016 1385 112 qͥ faict misericorde non pas pour ce que ne deb¬

69 2106 1380 105 uõs ne uouloir ne courrir: mais poͬce q̃ cestuy

81 2191 1378 103 faict en nous/ ⁊ le uouloir ⁊ le courrir. Ne di¬

87 2272 1378 107 sons point doncq̃s q̃ la grace soit la doctrine:

77 2357 1390 103 mais cõgnoissõs la grace qͥ faict ꝓffiter la do¬

79 2440 1388 105 ctrine: q̃ aussi la ou ceste grace est absente/ noꝰ

89 2519 1271 105 uoyons que mesme la doctrine empesche.

255 2597 1101 120 ¶ Augustin ad Ualentinum/ en la

550 2684 444 114 xlui. epistre.

83 2749 1379 137 ¶ Tout bon don/ ⁊ tout don parfaict/ descend

77 2847 1376 116 denhault du pere des lumieres. Et que nul ne

77 2930 1370 128 dise que la grace de dieu luy est baillee/ ou par

1528 237 175 95 100

1504 356 312 116 ne prece¬

1483 433 318 125 dent la

1486 531 190 122 grace.

1480 1101 223 143 Ps̈.67.

1492 1508 279 125 Cest les¬

1504 1621 267 110 prit qͥ ui

1507 1698 262 104 uifie/ nõ

1492 1793 223 89 pas la

1483 1870 262 95 lettre ne

1477 1947 217 116 la loy.

1480 2030 226 122 Ro.9.c.

1483 2666 226 116 Iaco.1.

1477 2752 268 125 Tout dõ

1474 2844 259 116 parfaict

1483 2945 181 89 est de

1483 3019 149 119 dieu.

743 3019 719 119 N .iiii. les merites
