2211 3563
1046 192 499 122 De la grace

681 324 1401 113 les merites de ses oeuures/ ou par le merite de

673 411 1415 111 ses oraisons/ ou par les merites de sa foy: ⁊ qͥl

665 496 1417 109 nestime pas estre uray ce que ces hereticques

659 576 1417 110 disent: q̃ la grace de dieu nous est dõnee selon

643 655 1435 116 noz merites/ ce qͥ est totallement faulx. Mais

647 740 1427 117 la grace ⁊ la misericorde de dieu cõuertist lhõ

655 827 1421 111 me/ de laquelle dit le pseaulme. * La misericor

663 914 1407 101 de de mon dieu me preuiendra: affin que celuy

671 993 1405 107 qui est infidele soit iustifie/ cest adire/ q̃ dung

661 1074 1413 113 infidele soit faict ung iuste. Et quil cõmence

649 1165 1415 111 auoir bon merite: que dieu couronnera quant

639 1247 619 114 le monde sera iuge.

752 1326 1207 118 ¶ Gregoire/ sur Ezechiel au premier

962 1415 741 99 liure en la .ix. homelie.

677 1484 1394 119 ¶ Et lesprit est entre en moy apres quil eut

675 1579 1399 99 parle a moy: ⁊ me dressa sur mes piedz ⁊c. Uoi

687 1660 1387 101 cy la uoix diuine/ qui a cõmande au prophete

689 1739 1395 103 qui estoit couche/ quil se leuast. * Mais il ne

683 1825 1401 106 se pourroit nullement leuer se lesprit de dieu

674 1900 1406 107 tout puissant nestoit entre en luy. Car par la

647 1995 1427 105 grace de dieu tout puissant nous noꝰ pouuõs

639 2082 1435 97 efforcer aux bõnes oeuures: mais nous ne les

639 2163 1435 97 pouuõs parfaire/ se celuy qͥ cõmande ne nous

649 2240 1427 103 aide. Et ainsi quant sainct Paul admõneste

674 2327 1406 104 ses disciples/ disant * faictes uostre salut auec

686 2419 1397 84 crainte ⁊ paour: incõtinẽt adiousta qui est ce¬

701 2482 1382 101 stuy qui faict telz biẽs en eulx/ disãt. Car cest

701 2571 1376 110 dieu qͥ faict en nous/ ⁊ le uouloir ⁊ le parfaire

704 2651 1376 113 pour la bõne uolunte. De ce est q̃ celle mesme

713 2731 1367 119 uerite dit a ses disciples. * Sãs moy uous ne

685 2828 1387 99 pouuez riẽs faire. Mais il fault considerer en

679 2915 1401 113 ces choses/ que si noz biens sont tellement les

368 849 214 128 Ps̈.58.

395 1508 252 139 Ezech.2.

386 1763 261 105 Lesprit

376 1860 252 89 de dieu

365 1935 291 119 noꝰ eslie

368 2026 212 95 ue au

372 2096 141 120 biẽ.

404 2295 249 136 Philip.

413 2402 124 98 2.b.

401 2479 276 110 1.tess.2.c

380 2728 306 131 Ioã.15.a

1894 3004 188 93 dons
