2212 3563
309 142 1085 154 ⁊ du merire. Chap̃.ix.

114 298 1394 119 dons de dieu tout puissant/ q̃ en iceulx ny a

120 384 1375 112 riens du nostre: pourquoy en demandõs nous

132 463 1365 109 retribution eternelle cõme poͬ noz merites? ou

144 546 1361 123 si ce sont tellement noz biens/ que ce ne soient

140 629 1355 123 point les dõs de dieu tout puissant: pourquoy

128 714 1363 117 en rendõs nous graces au dieu tout puissant?

122 789 1373 129 Mais il fault scauoir q̃ noz maulx sõt seulle

118 866 1377 122 ment a nous * mais noz biẽs sont de dieu tout

130 950 1365 139 puissãt ⁊ si sont nostres: car cestuy nous a pre¬

127 1027 1371 145 uenu en inspirãt affin q̃ nous uueillons: leq̃l

124 1113 1374 142 nous ensuyt en aydãt affin q̃ noꝰ ne uueillõs

124 1199 1374 140 uainement/ mais q̃ nous puissions acõplir ce

127 1279 1371 146 que uoulõs. Dõcques par la grace qͥ preuiẽt/

133 1365 1371 143 ⁊ par la bõne uolunte qui ensuyt/ ce qui est le

130 1463 1377 122 don de dieu tout puissant est faict nr̃e merite.

130 1526 1377 145 Ce q̃ saĩct Paul en briefue sentẽce explicque/

142 1630 1389 112 disant: * Iay laboure plus q̃ tous ceulx icy.

148 1704 1395 127 Et affin q̃ on ne lestimast attribuer a sa uertu

142 1787 1380 125 ce quil auoit faict/ il adiousta. Nõ pas moy/

142 1882 1388 111 mais la grace de dieu auec moy. * Et pource

136 1950 1383 122 quil fut preuenu du don celeste: il se congneut

142 2030 1371 140 cõme estrãgier de sa bõne oeuure/ en disant: nõ

142 2117 1380 139 pas moy/ mais pour ce aussi q̃ la grace preue¬

151 2194 1374 130 nãt auoit faict en luy son arbitre libre en biẽ:

160 2286 1365 133 de ce q̃ le frãc arbitre a suyui la mesme grace:

154 2375 1380 130 pourtant aussi en loeuure adiouste il/ disant:

156 2454 1398 123 Mais cest la grace de dieu auec moy/ cõme sil

166 2537 1392 125 disoit. Iay laboure en la bõne oeuure/ nõ pas

170 2620 1382 123 moy. Car en ce q̃ par le don du seigñr iay este

166 2711 1376 117 p̃uenu/ ce na pas este moy/ ⁊ en ce q̃ iay suyui

164 2792 1374 119 apres le don de uolunte/ ce a este moy. Apres

166 2876 1378 134 dõcques q̃ nous auõs dit ces choses icy contre

1576 168 121 95 101

1522 828 255 136 Le biẽ q̃

1522 947 267 92 nous fai

1522 1021 252 116 sons est

1522 1101 249 110 appelle

1525 1193 273 101 le don de

1525 1279 270 89 dieu ⁊ no

1531 1362 273 104 stre oeu¬

1528 1454 136 86 ure.

1534 1517 288 116 Nr̃e me¬

1551 1603 268 113 rite est dõ

1560 1680 232 116 de dieu.

1540 1769 270 101 1.cor.15.b

1543 1912 270 130 Dieu be

1546 2027 264 110 sõgne a¬

1546 2117 264 89 uec noꝰ/

1546 2179 273 119 cest adire

1543 2271 273 110 en nostre

1569 2354 226 113 uolũte.

1231 2959 311 105 Pelagien
