2211 3563
1063 201 514 129 De la grace

695 330 1379 123 Pelagien ⁊ Celestien/ retournons a lordre de

689 419 644 109 nostre exposition ⁊c.

798 510 1274 107 ¶ Gregoire en ses morales au .xui. liure/

776 595 1296 105 au .ii. Chapitre. Sur ce qui est dit en Iob

780 680 1288 105 xxii. Linnocent sera sauue/ et sera sauue

776 760 973 99 par la mundicite de ses mains.

671 835 1393 115 ¶ Que si ceste sentẽce est promise de la retri¬

665 922 1399 111 bution du royaulme celeste/ elle est soustenue

671 1003 1389 111 pour ueritable: car cõme il soit escript de dieu.

671 1077 1379 131 * Quil rend a ung chascũ selon ses oeuures:

644 1166 1397 122 la iustice du iuge eternel sauue celuy ou der¬

624 1260 1426 107 nier iugemẽt q̃ la pitie dicelle a icy en ce mon¬

630 1338 1414 116 de deliure des oeuures souillees. Mais si on

645 1421 1403 113 croit q̃ ung chascun soit sauue icy par la pu¬

659 1504 1383 115 rete de ses mains/ tellemẽt q̃ par ses uertus il

677 1576 1361 113 soit faict innocẽt: sãs doubte cest erreur. * Car

677 1674 1370 101 si la grace suꝑnelle ne preuiẽt celuy qͥ est coul¬

671 1754 1370 104 pable: iamais certainemẽt ne trouuera linno

647 1826 1394 115 cent pour le remunerer. Dequoy est dit par la

644 1909 1391 113 ueritable uoix de Moyse. * Nul nest enuers

638 2007 1397 112 toy innocent de soymesme. Dõcques la pitie

644 2078 1394 113 suꝑnelle/ faict en nous premier quelque chose

638 2173 1391 110 sans nous: affin q̃ aussi par la poursuyte de

610 2254 1422 99 nr̃e franc arbitre/ il faice auec nous le biẽ que

616 2339 1416 109 nous appetõs: lequel toutesfois par sa grãde

630 2422 1404 107 grace au dernier iugemẽt le remunere tellemẽt

628 2503 1396 107 en nous/ cõe si seullemẽt il fust ꝓcede de nous.

630 2589 1392 101 Et pour ce q̃ la diuine bõte nous preuiẽt/ pour

650 2663 1367 110 nous faire innocentz/ sainct Paul dit. * Par

630 2759 1386 105 la grace de dieu suis ie ce que ie suis. Et pour

614 2840 1402 107 ce q̃ nostre franc arbitre suyt la mesme grace:

606 2921 1406 127 il a adiouste. Et sa grace na pas este uaine en

344 1045 300 142 mat.16.d

344 1160 259 116 Ro.2.b

368 1567 291 131 La mise

371 1665 282 101 ricorde ð

362 1745 291 101 dieu pre¬

353 1826 277 112 uiẽt lhõ

341 1915 277 104 me en bõ

338 2010 277 98 nes oeu¬

338 2081 179 104 ures.

344 2173 265 134 exo.34.d

344 2660 286 125 cor.15.b

1824 3030 196 93 moy:
