2212 3563
380 169 996 163 ⁊ du merite. Cha.ix.

144 332 1386 109 moy: mais ay laboure plus abondãment que

154 415 1356 113 eulx tous. * Lequel quant de soymesme ueoit

169 501 1341 98 quil nestoit riẽs/ il dit. Nõ pas moy. Et tou¬

160 578 1350 116 tesfois pour ce quil se trouua estre q̃lque cho¬

151 676 1359 90 se auec la grace/ il dist apres: mais la grace de

136 751 1374 113 dieu auec moy. Car il ne diroit pas auec moy

142 839 1363 93 sil nauoit auec la grace preuenãte le frãc ar¬

132 918 1373 105 bitre suyuãt apres. Affin doncques qͥl se mon¬

140 1001 1363 103 strast estre riẽs sãs la grace de dieu/ il dit: Nõ

134 1090 1374 99 pas moy. Mais affin qͥl mõstrast auoir ouure

130 1173 1377 91 auec la grace par le frãc arbitre: il dist apres:

124 1252 1375 103 mais la grace de dieu auec moy. Et ainsi lin¬

118 1333 1380 101 nocent sera sauue par la purete de ses mains:

122 1423 1377 99 car celuy qui est icy p̃uenu par don pour estre

134 1504 1371 103 faict innocẽt: quãt il est amene au iugemẽt/ il

134 1591 949 91 est remunere cõme pour merite.

281 1666 1148 107 ¶ Gregoire en ses morales au .xxiiii.

489 1755 718 97 liure/ au .uii. Chapitre.

130 1817 1359 124 ¶ Et rendra a lhõme sa iustice. Nostre iustice

115 1912 1368 112 est appellee. Nõ pas celle q̃ du nostre est a noꝰ:

112 2010 1368 89 mais qͥ est faicte nostre par la diuine largesse.

112 2081 1368 110 Cõme nous disons en loraison dominicale.

118 2158 1368 107 Donne nous auiourdhuy nr̃e pain cotidien.

124 2244 1359 104 Uoicy nous lappellons nr̃e ⁊ prions qͥl nous

115 2324 1380 116 soit dõne. Et ains il est saict nr̃e quãt il est re

110 2418 1410 103 ceu: leq̃l toutesfoys est de dieu/ poͬce qͥl est dõ¬

112 2502 1418 104 ne de luy. Il est doncques de dieu par don/ ⁊ est

128 2585 1198 99 ueritablemẽt faict nr̃e par lacception.

281 2670 1146 107 ¶ Gregoire au .xxii. liure de ses mo¬

483 2757 719 97 rales au .x. Chapitre.

112 2820 1371 125 ¶ Les sainctz hõmes scaiuent bien quilz sont

107 2912 1376 155 engendrez apres le peche du premier parent

1570 227 168 95 102

1528 385 312 152 Sãs la

1525 510 303 101 grace de

1528 590 276 98 dieu noꝰ

1528 662 267 112 ne som¬

1528 766 255 139 mes riẽs.

1525 1303 252 166 Iob.22.d

1504 1796 273 136 Cõment

1507 1912 270 107 la iustice

1498 1989 259 113 est dicte

1513 2078 205 104 nostre.

1504 2256 259 101 mat.6.b

1528 2339 267 113 Luc.11.a

1501 2847 259 98 eccłi.8.b

1501 2933 217 122 Ro.7.d

1202 3018 275 119 de lignee
