2211 3563
404 305 276 107 Gał.6.b

380 394 291 116 Qa mu¬

398 489 270 98 tatiõ de

398 567 249 121 lhõe en

392 653 249 113 biẽ est lo

374 754 261 115 euure de

368 816 163 131 dieu.

692 314 1379 140 de lignee corruptible// ⁊ quilz sont changez a

680 424 1397 98 meilleurs ueux/ ou a meilleures oeuures/ non

683 507 1388 98 point par leur propre uertu/ mais par la gra¬

668 587 1403 98 ce suꝑnelle les preuenãt. Et tout le mal quilz

659 671 1412 112 cõgnoissent estre en eulx: ilz sentent que cest le

644 754 1424 104 merite de la generatiõ mortelle. Mais tout le

659 825 1406 119 bien qͥlz uoyẽt en eulx/ cõgnoissent que cest le

661 920 1405 107 don de la grace ĩmortedde. Et luy sõt debteurs.

667 1003 1391 113 a cause du don qͥlz ont receu: lequel en les pre

659 1084 1397 101 uenãt leur a donne la bõne uolunte quilz ont

643 1173 1409 103 eu: ⁊ en les porresuiuãt leur a dõne de pouuoir

633 1251 856 108 le bien quilz ueullent faire.

639 1351 1423 129 Luc.11.B. ¶ Querez ⁊ uous trou

651 1470 1318 129 uerez: frappez ⁊ on uoꝰ/ ouurira ⁊c.

873 1577 1114 105 ¶ Fulgence au .i. liure ad Monimũ.

698 1656 1367 101 ¶ Cestuy dõcques qͥ est nr̃e maistre par dedẽs/

689 1739 1379 107 duq̃l nous auõs receu layde de la doctrine ce¬

677 1814 1388 124 leste: il ne manifeste pas seullemẽt les secretz

665 1903 1394 116 de ses parolles a nous qͥ les enquestons: mais

641 1986 1415 119 aussi cestuy inspire par sa grace laffection de

632 2078 1415 107 les enquester. Car aussi ne pouõs nous auoir

635 2157 1415 113 fain de ce pain/ qͥ descẽd du ciel: se la fain nest

637 2240 1415 113 dõne de luy a ceuux q uont en sastidiatiõ/ leq̃l

655 2321 1397 113 sest uoulu dõner poͬ rassasier les fameilleux.

655 2407 1403 108 De luy aussi auõs nous/ q̃ quãt nous auons

671 2490 1387 110 soif/ nous courõs a la fontaine leq̃l sest dõne

674 2568 1376 104 a nous affin q̃ nous le beuuõs. Cestuy dõcq̃s

655 2662 1399 107 doibt bien estre loue/ pour la grace de lung et

655 2743 1393 107 de laultre don: ascauoir quãt nous qͥ dormõs

639 2828 1403 109 il nous esueille poͬ le querir: ⁊ quãt il se dõne

633 2913 1413 121 a trouuer a nous qui le querons. Leq̃l certai¬

1055 205 514 125 De la grace

348 1334 268 101 mat.7.a

370 1417 226 99 Io.14.b

386 1633 264 130 Lestude

377 1733 294 113 de q̃rir et

368 1823 285 109 de trou¬

353 1903 288 107 uer dieu

350 1980 271 122 noꝰ uiẽt

353 2072 235 131 de dieu.

374 2494 244 99 Ioã.7.f

350 2583 271 101 Apoca.

352 2666 163 97 21.b

1777 3016 275 99 nement
