2212 3563
140 290 1388 129 nemẽt nest trouue de ꝑsonne/ si cestuy mesme

152 389 871 105 ne nous excite pour le querir.

392 459 879 122 ¶ Fulgence/ au mesme liure.

169 534 1332 122 ¶ Toute oeuure qͥ est faicte de nous en dieu:

166 632 1341 119 dieu le faict en nous.? Car de luy/ ⁊ par luy/

148 715 1362 104 ⁊ en luy sõt toutes choses.7 De luy dõcques

139 786 1380 116 est la bõne uolunte ⁊ la bonne oeuure. Ce q̃ le

142 869 1371 128 docteur des gentilz afferme par ces parolles.

154 953 1359 124 Cest dieu qͥ faict en nous ⁊ le uouloir ⁊ le par¬

160 1048 1353 115 faire pour la bõne uolunte. Et pourtãt cõme

158 1130 1364 105 dit Salomõ: que la uolunte sera preparee du

154 1211 1364 119 seigñr: ainsi afferme sainct Paul que noz bõ

152 1292 1374 115 nes oeuures sont p̃parees du seigñr: cest adire

156 1379 1376 115 disposees en la p̃destinatiõ. Et pourtãt dit il.

175 1451 1356 119 ◊Uous estes sauuez par grace ⁊c. Ainsi dõcq̃s

166 1545 1388 103 que la uolunte est preparee par predestinatiõ

176 1631 1398 106 du seigẽcr/ uor lac uede nous uoulons le biẽ:

180 1710 1392 111 ainsi pareillement a dieu prepare les bonnes

180 1791 1370 111 oeuures/ affin que nous chen/õs e /celles.

170 1872 1372 121 Entendons aussi que la uie eternelle ⁊ le roy¬

166 1961 1384 111 aulme des cieulx est diuinement prepare aux

170 2038 1378 121 fideles par foy. Mesme Christ mõstre qͥl dira

166 2122 1374 113 a ceulx qͥ serõt a dextre.7 Uenez les beneictz

184 2213 1366 114 de mon pere: receuez le royaulme lequel uous

186 2290 1370 120 est prepore des le cõmencemẽt du mõde. Mais

180 2371 1392 119 aussi ceste mesme chose est une oeuure de gra¬

176 2454 1420 121 ce. Car par grace est donnee/ non seullemẽt la

188 2535 1406 117 bõne uie aux iustifiez/ mais aussi la uie eter¬

198 2622 1398 115 nelle aux gloriftez. Ce que nous tenõs mani¬

201 2697 1377 129 feste par la predicatiõ de sainct Paul qui dit.

205 2776 1355 133 4 Le gaige de peche est la mort: mais la grace

192 2872 1376 126 de dieu est la uie eternelle par Iesuchrist nostre

386 139 1038 163 ⁊ du merite. Cha.ix.

1584 169 143 139 0z

1525 528 246 113 Ro.11.d

1534 620 249 107 La uo¬

1540 715 237 98 lunte ⁊

1534 792 243 101 loeuure

1546 875 228 104 sont de

1534 970 172 87 dieu.

1534 1039 246 136 phił.2.b

1554 1431 274 151 ephe.2.d

1569 2111 253 109 mat.25.c

1581 2746 214 229 Ro.6.d

1299 2961 263 124 seigneur
