2211 3563
669 310 1385 107 seigñr. Mais pourquoy est la mort appellee

665 397 1383 105 gaige/ ⁊ la uie eternelle grace? Sinõ pour ce q̃

655 482 1393 95 la mort est rendue/ ⁊ la uie eternelle est dõnee.

647 566 1401 101 Mais la ou dieu rend celle mort adonc punit

630 647 1412 103 il la mauuaise oeuure du pecheur: ce q̃ nulle¬

622 730 1424 105 ment ne le feroit/ se lhomme ne se fust retire de

630 813 1412 103 dieu. Mais quãt dieu dõne la uie eternelle: il

639 906 1403 95 parfaict en gloufiant le iuste/ son oeuure quil

645 983 1395 95 a commence en iustifiant linfidele. Et lung et

639 1062 1391 103 laultre est grace: cest adire/ la uonne uie/ et la

632 1140 1379 115 uie etermelle par Iesuchrist nostre seig.◊ Car

604 1233 1420 103 en uerite nous auõs tous receu de sa plenitu¬

606 1312 1423 113 de/ et grace poͬ grace ascauoir la grace de la

610 1395 1408 109 iugificatiõ nõ deue: aftinq̃( la grace de la iusti

635 1480 1375 99 fication efface tout mauuais merite por uene

641 1563 1375 101 fice nõ deu/ ⁊ quelle cõferme le bon merite par

633 1648 1385 99 cõtinuelle ayde/ auq̃l la grace de glorificatiõ

637 1726 1383 106 soit iustemẽt rẽdue pour le loyer. Mais aussi

624 1823 1394 87 ceste grace nest pas iniustemẽt ainsi appellee:

618 1896 1392 103 pour ce q̃ dieu ne rend pas seullemẽt ses dons

604 1979 1406 105 aux aultres dõs qͥl a dõne/ mais aussi la gra

588 2064 1422 103 ce de la diuine retriburtron e/t icy en si grande

586 2145 1413 101 abõdance/ q̃lle excede sans cõparatiõ/ et plus

592 2230 1414 97 quon ne scaueoit dire tout merite de la uolute

604 2308 1400 104 ⁊ de loeuure humaine cõbien q̃ aussi ceste uo¬

612 2391 1392 109 lunte soit donnee de dieu. Car cõbien q̃ sainct

620 2480 1380 99 Paul lapostre mõstre q̃ de dieu noꝰ est dõnee/

618 2563 1377 99 non seullemẽt la lumiere de croire en Christ/

630 2639 1358 110 mais aussi nous est dõnee la uertu de souffrir

618 2725 1370 101 poͬ luy/ disant.? Il uoꝰ est dõne/ pour Christ/

606 2799 1382 110 nõ seullemẽt q̃ uous croyez en luy/ mais aussi

597 2886 1379 139 q̃ uous souffrez poͬ luy. Lesq̃lles deux choses

1053 166 502 130 De la grace

326 1136 272 109 Ioã.1.b

317 1291 274 134 Double

332 1389 212 107 grace.

320 2600 289 125 Phil.1.d

317 2710 283 101 La dou¬

326 2793 259 110 blegrace

320 2880 259 121 de la uie

1561 2986 426 127 appartiennẽt
