2211 3563
1046 201 503 121 De la grace

657 332 1383 149 poͬ possesser ceste terre: quãt ces na¬

645 449 1395 140 tions icy sont destruictes pour leͬs

637 568 1413 140 iniqͥtez. Car aussi nest ce pas pour

633 684 1421 139 tes iustices/ ne poͬ leqͥte de tõ cueur

647 811 1399 123 q̃ tu entreras en leurs terres poͬ en

663 910 1389 141 possesser: mais pource q̃ icelles ont

661 1023 1389 142 faict infidelemẽt/ elles ont este de¬

643 1138 1403 142 struictes a ton entree/ ⁊ affin qͥl acõ¬

630 1249 1416 152 plist sa parolle qͥl a ꝓmis soubz iure

645 1373 1409 137 mẽt a tes peres Abraam Isaac ⁊ Ia

677 1478 1376 140 cob. Congnois dõcques q̃ le seigñr

673 1603 1383 129 ton dieu ne ta pas donne ceste terre

669 1712 1393 142 tresbonne en possession/ pour tes iu¬

669 1825 1387 144 stices/ cõme il soit que tu soye ung

647 1949 979 133 pouple de dure ceruelle.

637 2076 1423 142 Dañ.9.E. ¶ Seigñr dieu encline

659 2199 1393 136 ton aureille poͬ lamour de toymes¬

677 2307 1385 139 me/ ⁊ escoute: ouure tes yeulx/ si re¬

691 2426 1371 131 garde nr̃e desolatiõ/ et la cite/ sur la¬

683 2539 1381 145 q̃lle est appelle ton nom. Car aussi

681 2664 1381 128 ne ꝓsternõs noꝰ point noz prieres

673 2771 1383 132 deuant ta face/ en noz iustificatiõs/

655 2891 1308 143 mais en tes grandes miseratiõs.

366 1458 244 85 exo.32.c

371 1511 279 110 ezech.2.b

372 2179 254 95 De peni

380 2260 255 103 ten. dist.

383 2348 276 89 i.ca. pre¬

389 2416 282 137 dixerat.

1697 2994 349 121 Esa.50.C.
