2212 3563
166 264 1388 151 rraiz. 7 Certainemẽt les mẽbres qͥ estoient di¬

184 374 1359 130 gnes de gloire deuant le peche: apres le peche

181 472 1353 104 ont estes faictz honteux. Car par auant ilz

169 549 1368 110 estoiẽt nudz/ ⁊ nestoiẽt pas hõteux. Car il ny

160 635 1377 107 auoit riẽs dequoy ilz fussent hõteux quant le

154 706 1383 119 peche nestoit pas cõmis/ aussi ne pouoiẽt estre

154 798 1383 113 honteux des oeuures du createur: car ilz na¬

156 884 1382 107 uoient pas encore mesle nulles de leur mau¬

158 977 1378 97 uaises oeuures/ auec les bonnes oeuures de

156 1051 1382 104 leur createur. Car ilz nauoiẽt pas encore men

162 1134 1380 113 ge du boys de science de bien ⁊ de mal/ duquel

156 1215 1372 113 leur estoit deffendu den menger. Mais apres

160 1300 1378 105 qͥlz en eurent mẽge/ ⁊ quilz pecherent: le genre

160 1383 1378 113 humain fut naiz de eulx: cest adire lhõme de

146 1464 1394 113 lhõme: le coulpable du debteur/ le mortel du

156 1551 958 113 mortel/ le pecheur du pecheur.

310 1633 1230 112 ¶ Aug. ad Hilarium/ en lepistre. loxxix.

181 1707 1376 127 ¶ Que Re cho◊e esi e ⁊ dedureg ueche tous sont

166 1790 1368 125 en condẽnotioy)  noy d2 pecheñ Sdr̃¬ of/ en

154 1873 1371 128 se? Et quest ce/ de plusieurs pechez toꝰ sont en

148 1959 1386 122 iustificatiõ: sinon pour ce q̃ la grace de Christ

145 2045 1380 122 na pas seullemẽt paye ce peche la duquel les

148 2134 1377 104 enfãs qͥ sont ꝓcrees dung hõme/ sõt obligez:

154 2216 1374 101 mais aussi a paye plusieͬs pechez q̃ les hom¬

168 2298 1362 110 mes/ quãt ilz sont grãdz/ adioustẽt par leurs

162 2383 1370 107 mauuaises meurs. Toutesfoys ce seul peche

156 2462 1388 109 duq̃l La ꝓpagation de la cdoir est obligee: qui

156 2543 1396 111 prẽt sõ cõmẽce/ ẽt du p̃mier hõe: lapostre dit ce

160 2618 1377 128 la suffire a la cõdẽnatiõ.7 Poͬtãt nest pas su

160 2701 1362 125 ꝑflu le baptesme des petis enfãs: affin q̃ cenlo

157 2791 1362 115 qͥ sõt par la generatiõ obligez a ceste cõdẽna¬

148 2883 1371 127 tion: quilz soiẽt deliurez par la regeneration.

442 139 1002 166 de Adam. Chap̃.ii.

1593 270 214 130 Nulle

1566 377 268 109 uergon¬

1551 460 271 107 gne ne¬

1554 534 247 113 stoit en

1554 617 274 110 lhomme

1551 700 271 128 deuãt le

1554 789 197 116 peche.

1620 151 107 116 10

1578 1674 250 140 La gra¬

1557 1793 265 95 ce de di¬

1548 1870 262 95 eu deslie

1548 1947 268 107 tout pe¬

1546 2042 130 92 che.

1543 2114 217 109 Ro.5.d

1546 2609 267 131 Sãs ba

1543 2722 228 104 ptesme

1540 2799 267 116 nul nest

1543 2883 199 118 sauue.

845 2969 669 118 B .ii. Et comme
