2211 3563
1004 166 507 126 De la grace

645 296 1403 135 Psal.61. ¶ Mon ame ne sera elle

639 417 1413 131 pas subiecte a dieu car mõ salutaire

622 530 1424 141 est de luy. Mõ salutaire est en dieu/

604 649 1436 138 ⁊ aussi ma gloire est le dieu de mon

600 773 386 123 aide ⁊c.

628 898 1408 139 Psal.67. ¶ Dieu est merueilleux

620 1025 1396 129 en ses sainctz: le mesme dieu de Is¬

602 1138 1418 138 rael dõnera uertu ⁊ force a son peu¬

586 1252 856 133 ple/ beneict soit dieu.

681 1389 1254 113 ¶ Ambroise de la uocation des gentilz

792 1482 1046 103 au premier liure/ au .ii. Chapitre.

633 1563 1395 99 ¶ Certainemẽt tous les liures de lancien te¬

641 1650 1399 95 stamẽt sont plains de la relatiõ de la deffaul¬

635 1728 1407 106 te de Israel: tellemẽt quil est manifeste q̃ tous¬

628 1815 1416 99 iours a este de la grace de dieu/ que tout ce peu

624 1891 1408 107 ple ne sest pas retire de dieu. * La nature hu¬

615 1983 1408 104 maine ainsi souillee en la preuaricatiõ du pre

615 2060 1408 101 mier hõme/ uoire aussi entre les benefices/ en¬

615 2137 1405 107 tre les cõmandemens ⁊ aides de dieu/ est tous¬

615 2220 1420 107 iour encline en la pire uolunte: tellement q̃ ce

630 2310 1405 112 qͥ luy est cõmis/ peult estre dit delaisse. Par¬

635 2393 1403 112 quoy dõcques ceste uolunte uague/ incertai¬

644 2473 1391 104 ne/ ĩstable/ mal enseignee/ foible a faire q̃lque

650 2559 1382 98 chose/ facile a hardiesse/ aueugle en ꝯcupiscen

647 2651 1394 110 ces/ enflee en hõneurs/ angoisseuse de sollici¬

622 2733 1416 101 tude/ sãs repos par suspitiõs/ plus cõuoiteuse

624 2814 1406 107 de gloire q̃ de uertu/ plꝰ diligẽte de sa renõmee

616 2899 1412 119 q̃ de sa cõsciẽce/ ⁊ selõ toute son experiẽce plus

313 963 229 131 Ro.8.f

315 1855 291 128 La descri

317 1965 274 110 ption de

317 2051 268 98 lhõe sãs

326 2131 262 92 la grace

334 2230 240 83 de dieu

342 2300 254 101 uiuant.

335 2476 259 113 geñ.6.b

326 2562 217 92 ⁊.8.d.

317 2648 268 122 Ro.7.c

328 2729 151 119 ⁊.d.

1699 2983 337 128 miserable
