2212 3563
344 136 1059 152 et du merite. Cha.ix.

130 302 1414 103 miserable en ayãt la fruition de ce q̃lle a con¬

136 389 1392 97 uoite que selle nen auoit riẽs: ceste uolunte na

142 473 1374 99 riẽs en ses forces/ sinõ facilite destre en dãgier.

152 554 1372 91 Car la uolunte muable qͥ nest pas gouuernee

146 635 1372 103 par la uolunte incõmuable: dautãt plꝰ appro

133 730 1383 98 che elle diniqͥte/ q̃ plus aigremẽt cõtent de fai¬

118 807 1395 83 re q̃lque oeuure. * Tãdis dõcques q̃ les choses

118 890 1389 89 qͥ desplaisent a dieu/ plaisent a lhõe: sa uolun

124 964 1389 98 te est animale. Car aussi quãt il uiuroit en bõ

127 1062 1386 93 nes meurs/ encore uit il mal sil ne uit en la

127 1128 1380 116 gloire de dieu. Car cest la ꝓpre ⁊ pͥncipale cho

121 1211 1380 119 se des fideles q̃ de soy glorifier au seigñr/ ⁊ q̃ de

112 1294 1392 98 non soy aymer sinon en dieu. Et ceulx se ay¬

112 1377 1389 104 mẽt bien/ qͥ aymẽt les oeuures de dieu en eulx.

116 1468 1392 101 Car aussi dieu ayme en nous ce quil a faict: ⁊

118 1543 1401 116 hait ce quil na pas faict? * Si doncq̃s noꝰ ay¬

118 1630 1419 98 mõs en nous loeuure de dieu/ nous aymõs iu

124 1704 1398 116 stemẽt la bõne uolunte en noꝰ: laquelle uerita

118 1787 1374 116 blement ne deburoit pas estre aymee/ se ce ne¬

112 1870 1380 122 stoit loeuure de dieu. Car qͥ est lhõme (sil nest

106 1971 1391 97 de mauuaise uolunte) qͥ naymera en soy la bõ

102 2048 1393 101 ne uolunte qͥ est la p̃miere plãte du laboureur

101 2128 1382 110 supernel? Car la uerite dit. * Toute plante q̃

112 2220 1379 99 mon pere celeste na poĩt plãte sera desracinee.

112 2302 1381 97 Tout ce qͥl ne fault pas desraciner/ il est ma¬

98 2375 1400 107 nifeste qͥl est plãte de dieu le pere. * Mais la bõ

98 2461 1418 110 ne uolunte est le p̃mier germe de toute uertu.

104 2547 1403 107 Laq̃lle appoye sur sõ originatiõ/ repose en le¬

95 2624 1418 104 ternelle ⁊ incõmuable uolũte: tellemẽt q̃lle est

98 2707 1394 104 urayemẽt spirituelle. Car celuy qͥ est ꝯioinct a

92 2805 1388 95 icelle uolũte eternelle/ il est ung mesme esprit:

100 2884 1381 118 quant par la cõmunion de cestuy qͥ enlumine

1578 188 164 120 106

1548 706 250 122 Les cho

1546 807 223 104 ses qui

1537 884 264 107 plaisẽt a

1531 970 264 101 dieu noꝰ

1537 1051 246 98 doibuẽt

1537 1146 214 98 plaire.

1531 1226 258 107 1.cor.10 g

1528 1318 267 86 2.cor.10 d

1528 1383 267 155 hier̃.9.g

1546 1517 273 139 La bõne

1563 1624 244 121 uolunte

1531 1716 270 110 est en noꝰ

1516 1796 247 98 loeuure

1507 1876 244 122 de dieu.

1513 2128 267 110 mat.15.b

1531 2360 258 134 La bõne

1543 2467 240 98 uolunte

1531 2544 240 122 est le ger

1522 2645 166 98 me de

1501 2713 208 110 toutes

1513 2796 214 125 uertus.

916 2969 549 130 O .ii. ⁊ de celuy
