2211 3563
645 292 1391 115 ⁊ de celuy qͥ est enlu mine/ de cestuy qͥ iustifie ⁊

639 384 1397 100 de celuy qͥ est iustifie/ de cestuy qui gouuerne ⁊

633 467 1397 101 du subiect: toute actiõ est referee a ung/ ⁊ ce qͥ

631 550 1407 107 est refere aung appartiẽt a lũg ⁊ a lautre. Car

639 631 1401 109 ce q̃ dieu a dõne ne se peult aliener de dieu/ ⁊ ce

651 712 1351 119 q̃ lhõme a receu ne se peult aliener de lhõme.

845 799 928 103 ¶ Ambroise/ au .iii. Chapitre.

626 878 1410 111 ¶ Icy semble qͥl sault traicter/ ascauoir quãt

610 963 1422 111 lhomme cõmence destre de bõne uolunte/ si la

630 1036 1408 130 mesme uolunte qͥ estoit en luy est corrigee/ ou

645 1130 1395 111 se une autre luy est dõnee qͥ soit repugnante a

639 1211 1397 115 la premiere. Et affin q̃ ceste chose soit plus ma

641 1291 1388 122 nifeste/ ne soyons point paresseux den enque¬

644 1377 1394 122 ster plus auant.? Nous toꝰ hõmes auons este

638 1457 1403 104 formez sans uice au premier uõme: ⁊ noꝰ tous

644 1540 1397 125 auons perdu la sante de nostre nature par la

662 1621 1379 121 preuaricatiõ du mesme hõme. De la est uenue

662 1710 1385 119 la mortalite/ dillec est uenue la corruption du

659 1793 1394 119 corps ⁊ de lesprit/ de la est uenue ignorance et

659 1870 1385 122 difficulte/ les sollicitudes inutiles/ les cupidi¬

628 1967 1414 105 fez ilhcites/ les erreurs sacrileges/ la crainte

620 2046 1424 109 uaine/ lamour nuxsãte/ les ioyes mauuaises/

620 2127 1432 115 les consaulx desquelz on sen repent/ et aussi

639 2214 1401 107 grãde multitude de miseres q̃ de ceimes. Apres

643 2308 1415 100 doncques que ces maulx auec les autres sont

645 2381 1405 109 subitemẽt uenus en la nature humaine: ⁊ q̃ la

643 2462 1405 111 foy a este perdue/ lesperãce delaissee/ lintelli¬

645 2547 1407 113 gẽce aueuglie/ la uolũte captiue: nul na trou¬

639 2632 1417 113 ne en soy/ dequoy peult estre repare: car aussi

645 2715 1413 109 cõbien quil y ait eu quelcun qͥ par entẽdement

643 2796 1405 109 naturel se soit efforce de resister aux uices/ ce¬

647 2884 1401 132 stuy seullement a sterilement aorne la uie de

364 627 236 107 1.corĩ.4.

1002 158 489 132 De la grace

359 988 223 181 exhe.i.a

338 1359 283 122 La qua¬

344 1451 277 110 lite de la

359 1535 259 109 uolunte

356 1621 285 101 est chan¬

356 1716 279 98 gee en la

344 1784 277 101 cõuersiõ

335 1864 271 163 de lhõe.

1759 2998 287 97 ce temps
