2212 3563
154 348 1380 109 ce tẽps icy/ ⁊ na riẽs prouffite aux urayes uet

163 442 1362 86 tus/ nea la beatitude eternelle/? Car sans la

172 510 1353 104 ueneration du uray dieu/ ce aussi quil semble

160 593 1365 104 estre uertu/ nest que peche: ⁊ nul ne peult plai¬

151 694 1374 92 re a dieu/ sans dieu. Et celuy qͥ ne plait pas a

145 771 1380 93 dieu: a qui plait il sinon a soymesme ⁊ au dia

146 853 1386 97 ble? Et quãt lhomme est despouille de dieu: il

144 936 1390 91 nest pas priue de uolunte/ mais est priue de la

156 1019 1380 91 sante de sa uolunte. Car aussi ne pourroit il

148 1102 1384 87 estre boute hors de lestat dinnocence/ sil ne pe¬

146 1183 1386 101 choit de sa uolunte. Doncques la nature qui

144 1272 1388 97 estoit bonne/ par qualite de peche a este faicte

145 1348 1383 97 mauuaise.4 Et ce mouuemẽt de couraige/ le¬

142 1428 1389 107 quel iamais ne peult estre sãs aucune amour/

145 1511 1401 110 cest adire/ sans q̃lque uolunte: il na pas perdu

154 1594 1415 107 lappetit/ mois a chonge uogection/ en receuãt

160 1680 1391 107 par desir/ ce quiꝰ debuoit refuser par iugemẽt.

164 1761 1380 107 Quãt dõcques lhõme retour ne⁊ 7dett◊e/ poͬ

154 1837 1377 116 la cause duquel est̃ dit.? Lesprit qͥ sen ua/ ⁊ ne

150 1945 1386 89 retourne pas (car si dieu ne le faisoit retour¬

150 2021 1388 87 ner/ il ne retourneroit pas) adonc nest il pas

152 2104 1388 87 de nouueau reforme quant a la creature nou¬

156 2187 1386 103 uelle/ ⁊ si nest pas cree en luy une nouuelle sub

168 2270 1376 91 stãce: mais celle mesme q̃ par auant auoit este

166 2342 1388 113 souillee est moĩtenãt reparee? Et diceluy nest

148 2425 1421 104 riẽs oste/ sinõ le uice que lanature na pas eu.

154 2505 1415 104 Car la narure fut en Adam sans uice: lequel

163 2595 1391 98 tira beaucoup de maulx par linobediẽce de la

163 2690 1374 101 uolunte/ ⁊ les a respandu de plus en plus en

162 2771 1384 101 ses posteres. Lesquelz maulx ne peuuent estre

158 2854 1388 99 uaincus ne reduitz a riẽs sinõ par la grace du

160 2937 1382 119 sauueur/ leq̃l par son oeuure uiẽt a reparer sõ

380 181 1067 166 ⁊ du merite. Chap̃.4.

1551 374 301 172 Sãs soy

1548 507 298 104 aussi uer

1551 608 289 98 tu est pe

1551 679 125 104 che.

1551 745 271 160 Gał.1.b

1592 231 152 107 10)

1551 1306 283 154 La uolbi

1557 1428 283 110 te nest ia

1590 1508 179 107 mais

1596 1576 250 149 sans q̃lq̃

1590 1683 220 101 amour.

1557 1808 217 160 Ps̈.77.

1599 2327 208 128 Riens

1587 2422 235 110 nest oste

1584 2517 244 89 de la uo

1575 2592 247 115 lũce sinõ

1560 2678 235 127 le uice.

972 3020 568 107 O tii oeuure.
