2211 3563
368 391 264 170 AIo.3.b

659 350 1383 129 oeuure. Car cõe dit sainct Iehan Leuãgeliste.

665 430 1382 131 YEn ce est apparu le filz de dieu/ affin qͥl des¬

639 526 1409 105 lie les oeuures du diable. Et cõme il rõpt les

620 607 1426 117 liens du prisõnier/ ainsi uest il la nudite de ce¬

610 688 1432 117 luy qͥ est despouille/ ainsi guerit il les playes

615 771 1420 128 du naureͬ tellemẽt q̃ ce qͥl faict en luy aussi est

632 849 1400 121 faict par luy mesme. Certainemẽt il nappar¬

638 926 1397 122 tiẽt pas a lhõe de faire la uotaille cõtre sõ en¬

641 1012 1391 134 nemy sãs sõ ꝓtecteur. Car il a la uataille a fai

638 1092 1379 140 re cõtre celuy qͥ autresfoys la surmõte. Quil

612 1178 1405 140 ne se cõfie pas dõcques en ses forces: car aussi

592 1276 1434 109 quãt elles estoiẽt entieres ne sont pas demou¬

584 1361 1440 113 rees: mais qͥl demãde la uictoire par celuy qui

606 1433 1404 120 seul demeure uictorieux de toꝰ/ ⁊ yes iamais

630 1511 1381 127 uaineu? Que sil le demãde/ qͥl ne doubte pas

638 1603 1379 122 aussi q̃ laffection de le demãder uiẽt de celuy/

632 1674 1385 134 leq̃l il demãde. Et qͥl nestime pas pourtant de

627 1760 1390 122 non auoir de frãc arbitre/ poͬ ce qͥl est mene de

615 1843 1399 122 lesprit de dieu: leq̃l aussi na pas perdu/ quãt

594 1933 1416 119 par uolunte sest dõne au diable: par leq̃l a este

584 2017 1409 116 depraue le iugemẽt de la uolũte/ ⁊ nõ pas oste.

580 2102 1420 118 Ce dõcq̃s qͥ na pas este occis poir celuy qͥ a na¬

578 2185 1428 123 ure/ nest pas ofte ꝑ le medecin: la playe est gue

580 2264 1424 123 rie/ ⁊ la nature nest pas ostee. Mais ce qui est

582 2351 1420 111 ꝑdu en la nature nest pas restitue/ sinõ par ce¬

588 2431 1406 128 luy qͥ a faict la nature. Le seigͬ dit.AAussi dis

580 2513 1419 117 poseray ie a la maisõ de Israel ⁊ a la maisõ de

580 2597 1419 112 iuda ung nouueau testa mẽt: nõ pas selõ le te¬

588 2680 1407 126 stamẽt q̃ iay dispose a leͬs peres en ce iour q̃ ie

592 2767 1399 119 prins leur main/ poͬ les mener hors de la terre

598 2850 1387 113 Uegipte: car iceulx nõt pas ꝑseuere en mõ te¬

598 2935 1393 137 stamẽt/ ⁊ les ay mis en oubly dit le seigneur.

335 739 262 130 Dieu be

326 840 238 113 songne

317 932 271 104 par noꝰ

312 1015 279 110 cõe par

317 1092 280 107 ung m¬

320 1175 265 110 strumẽt

1012 219 529 123 De la grace

341 1502 247 107 Laffe¬

315 1588 300 104 ctiõ de q̃¬

320 1680 265 98 rir dieu

323 1748 265 104 est receu

332 1840 229 128 de luy.

315 2369 258 208 Hiet̃.1.e.

1751 3042 234 111 Mais
