<?xml version="1.0" encoding="UTF-8"?>
<alto xmlns:xsi="http://www.w3.org/2001/XMLSchema-instance"
      xmlns="http://www.loc.gov/standards/alto/ns-v4#"
      xsi:schemaLocation="http://www.loc.gov/standards/alto/ns-v4# http://www.loc.gov/standards/alto/v4/alto-4-2.xsd">
  <Description>
    <MeasurementUnit>pixel</MeasurementUnit>
    <sourceImageInformation>
      <fileName>216_2af20_default.jpg</fileName>
      <fileIdentifier>https://www.e-rara.ch/i3f/v20/4105951/full/full/0/default.jpg</fileIdentifier>
    </sourceImageInformation>
  </Description>
  <Tags>
    <OtherTag ID="BT8" LABEL="DamageZone" DESCRIPTION="block type DamageZone"/><OtherTag ID="BT10" LABEL="DropCapitalZone" DESCRIPTION="block type DropCapitalZone"/><OtherTag ID="BT11" LABEL="GraphicZone" DESCRIPTION="block type GraphicZone"/><OtherTag ID="BT12" LABEL="MainZone" DESCRIPTION="block type MainZone"/><OtherTag ID="BT13" LABEL="MarginTextZone" DESCRIPTION="block type MarginTextZone"/><OtherTag ID="BT15" LABEL="NumberingZone" DESCRIPTION="block type NumberingZone"/><OtherTag ID="BT17" LABEL="QuireMarksZone" DESCRIPTION="block type QuireMarksZone"/><OtherTag ID="BT18" LABEL="RunningTitleZone" DESCRIPTION="block type RunningTitleZone"/><OtherTag ID="BT20" LABEL="StampZone" DESCRIPTION="block type StampZone"/><OtherTag ID="BT21" LABEL="TableZone" DESCRIPTION="block type TableZone"/><OtherTag ID="BT22" LABEL="TitlePageZone" DESCRIPTION="block type TitlePageZone"/><OtherTag ID="BT132" LABEL="MarginTextZone:handwrittenAddition" DESCRIPTION="block type MarginTextZone:handwrittenAddition"/>
    <OtherTag ID="LT7" LABEL="CustomLine" DESCRIPTION="line type CustomLine"/><OtherTag ID="LT8" LABEL="DefaultLine" DESCRIPTION="line type DefaultLine"/><OtherTag ID="LT9" LABEL="DropCapitalLine" DESCRIPTION="line type DropCapitalLine"/><OtherTag ID="LT10" LABEL="HeadingLine" DESCRIPTION="line type HeadingLine"/><OtherTag ID="LT11" LABEL="InterlinearLine" DESCRIPTION="line type InterlinearLine"/><OtherTag ID="LT125" LABEL="default" DESCRIPTION="line type default"/>
  </Tags>
  <Layout>
    <Page WIDTH="2212"
          HEIGHT="3563"
          PHYSICAL_IMG_NR="216"
          ID="eSc_dummypage_">
      <PrintSpace HPOS="0"
                  VPOS="0"
                  WIDTH="2212"
                  HEIGHT="3563">
        <TextBlock HPOS="372"
                   VPOS="156"
                   WIDTH="1048"
                   HEIGHT="160"
                   ID="eSc_textblock_c9608b9d"
                   TAGREFS="BT18">
          <Shape><Polygon POINTS="372 156 372 316 1420 316 1420 156"/></Shape>
          <TextLine ID="eSc_line_a3fe11df"
                    TAGREFS="LT10"
                    BASELINE="390 271 1411 281" 
                    HPOS="386"
                    VPOS="154"
                    WIDTH="1023"
                    HEIGHT="154">
            <Shape><Polygon POINTS="386 299 434 302 437 302 440 302 442 302 442 299 457 288 475 299 478 299 481 299 484 299 496 299 698 285 725 296 740 305 743 305 746 305 749 305 781 296 826 288 927 296 1067 308 1070 308 1406 290 1409 279 1409 187 1314 160 1311 160 1025 160 1022 160 1019 160 1016 160 984 184 981 187 862 187 856 184 820 160 817 160 814 160 811 160 600 181 573 181 561 178 466 154 463 154 460 154 457 154 389 175 389 270"/></Shape>
	    <String CONTENT="⁊ du merite. Cha.ix."
                    HPOS="386"
                    VPOS="154"
                    WIDTH="1023"
                    HEIGHT="154"></String>
          </TextLine>
        </TextBlock>
        <TextBlock HPOS="68"
                   VPOS="302"
                   WIDTH="1473"
                   HEIGHT="2708"
                   ID="eSc_textblock_de829fcf"
                   TAGREFS="BT12">
          <Shape><Polygon POINTS="88 302 68 3010 1496 2982 1496 2750 1532 2566 1500 2330 1498 1854 1541 1726 1497 1454 1496 1147 1524 314"/></Shape>
          <TextLine ID="eSc_line_32f0dd1d"
                    TAGREFS="LT8"
                    BASELINE="114 387 1514 384" 
                    HPOS="112"
                    VPOS="306"
                    WIDTH="1402"
                    HEIGHT="113">
            <Shape><Polygon POINTS="114 387 114 409 235 419 237 419 380 409 402 409 405 409 431 419 433 419 435 419 437 419 469 409 473 409 477 409 520 419 522 419 524 419 542 409 546 409 697 409 703 409 750 419 752 419 802 409 815 407 827 409 869 417 871 417 920 409 934 407 944 409 976 417 978 417 980 417 1512 407 1514 384 1508 314 1235 322 1206 316 1156 306 1154 306 1152 306 1130 316 1120 324 1047 324 1027 318 978 306 976 306 837 320 796 324 788 320 780 314 778 314 776 314 554 308 552 308 550 308 522 324 518 326 479 326 477 324 451 308 449 308 447 308 346 308 344 308 267 324 233 308 231 308 158 308 156 308 154 308 112 326 114 387"/></Shape>
	    <String CONTENT="Mais cestuy est le testamẽt q̃ iay dispose a la"
                    HPOS="112"
                    VPOS="306"
                    WIDTH="1402"
                    HEIGHT="113"
                    WC="0.9824788011610508"></String>
          </TextLine>
          <TextLine ID="eSc_line_a4280ed7"
                    TAGREFS="LT8"
                    BASELINE="116 469 1493 473" 
                    HPOS="114"
                    VPOS="399"
                    WIDTH="1379"
                    HEIGHT="103">
            <Shape><Polygon POINTS="116 469 114 486 132 498 134 498 136 498 138 498 209 486 271 498 273 498 617 486 645 498 647 498 649 498 728 488 738 496 738 498 740 498 742 498 825 500 827 502 926 502 926 500 928 500 956 488 1065 500 1067 500 1130 488 1307 488 1308 488 1332 500 1334 500 1336 500 1491 488 1493 473 1489 401 1421 411 1239 403 1196 401 1194 401 1180 403 1112 417 998 417 986 405 982 403 982 401 980 401 978 401 976 401 954 405 899 415 736 407 691 405 689 405 675 407 647 413 613 407 562 399 443 399 441 399 439 399 419 409 411 413 394 409 340 399 291 399 289 399 287 399 285 399 267 411 261 413 116 413 116 469"/></Shape>
	    <String CONTENT="maisõ de Israel apres ces ioͬs icy/ dit le seigͬ."
                    HPOS="114"
                    VPOS="399"
                    WIDTH="1379"
                    HEIGHT="103"
                    WC="0.9834687054157257"></String>
          </TextLine>
          <TextLine ID="eSc_line_3882d424"
                    TAGREFS="LT8"
                    BASELINE="130 560 447 552 1497 552" 
                    HPOS="128"
                    VPOS="482"
                    WIDTH="1369"
                    HEIGHT="103">
            <Shape><Polygon POINTS="130 560 130 585 215 570 394 570 421 583 423 583 425 583 427 583 485 570 526 579 528 579 530 579 590 570 645 583 647 583 649 585 726 585 726 583 728 583 730 583 746 570 790 583 792 583 794 583 885 570 960 583 962 583 964 583 966 583 1043 570 1073 583 1075 583 1077 583 1079 583 1081 583 1116 574 1180 579 1182 579 1184 579 1186 579 1200 568 1241 581 1243 581 1245 581 1303 572 1493 581 1497 552 1493 490 1354 494 1344 488 1336 482 1334 482 1332 482 1253 482 1251 482 1215 488 1184 494 1158 488 1132 482 1130 482 1128 482 1126 482 1124 482 1118 488 1110 496 1011 496 996 488 992 484 990 484 988 484 986 484 964 488 928 494 873 488 843 484 841 484 839 484 831 488 807 498 724 498 712 486 710 484 708 484 706 484 704 484 703 484 695 486 673 494 623 486 603 484 602 484 540 486 332 496 316 486 314 484 312 484 310 484 308 484 128 484 130 560"/></Shape>
	    <String CONTENT="Ie dõneray mes loix en leͬ sẽs/ ⁊ les escripray"
                    HPOS="128"
                    VPOS="482"
                    WIDTH="1369"
                    HEIGHT="103"
                    WC="0.9924187173648756"></String>
          </TextLine>
          <TextLine ID="eSc_line_cfd8f139"
                    TAGREFS="LT8"
                    BASELINE="132 637 1495 631" 
                    HPOS="130"
                    VPOS="566"
                    WIDTH="1365"
                    HEIGHT="101">
            <Shape><Polygon POINTS="132 637 132 655 203 667 205 667 207 667 209 667 223 655 225 655 372 655 374 655 386 665 388 665 390 665 392 665 489 655 501 655 508 655 578 667 580 667 582 667 603 655 609 653 621 655 665 665 667 665 669 665 697 655 703 653 708 655 726 663 728 663 730 663 784 655 798 653 802 655 811 665 813 665 815 665 817 665 881 655 897 653 904 655 928 663 930 663 932 663 934 663 936 663 948 655 948 653 950 655 962 665 964 665 966 665 968 667 1025 667 1025 665 1027 665 1029 665 1041 655 1041 653 1047 655 1077 663 1079 663 1081 663 1083 663 1105 655 1114 651 1122 655 1140 663 1142 663 1144 663 1493 653 1495 631 1489 576 1370 579 1352 576 1312 566 1310 566 1308 566 1307 566 1283 576 1275 579 1265 576 1237 568 1235 568 1233 568 1186 577 1182 577 1178 577 1144 566 1142 566 1140 566 1138 566 1136 566 1122 577 1118 579 1091 577 1000 572 998 572 867 579 833 581 819 579 728 568 726 568 724 568 722 568 722 570 708 581 706 583 615 583 613 581 588 568 586 568 584 568 495 583 493 583 491 583 477 572 477 570 475 570 473 570 471 570 380 579 364 570 362 570 360 570 247 570 245 570 130 585 132 637"/></Shape>
	    <String CONTENT="en leur cueͬ/ ⁊ seray leͬ dieu/ ⁊ iceulx serõt mõ"
                    HPOS="130"
                    VPOS="566"
                    WIDTH="1365"
                    HEIGHT="101"
                    WC="0.9892571778858409"></String>
          </TextLine>
          <TextLine ID="eSc_line_33c07d55"
                    TAGREFS="LT8"
                    BASELINE="128 716 1491 719" 
                    HPOS="124"
                    VPOS="653"
                    WIDTH="1365"
                    HEIGHT="95">
            <Shape><Polygon POINTS="127 715 124 748 1486 739 1489 718 1486 656 127 653 127 715"/></Shape>
	    <String CONTENT="peuple. * Aussi le seigͬ parlãt de sa grace/ par"
                    HPOS="124"
                    VPOS="653"
                    WIDTH="1365"
                    HEIGHT="95"></String>
          </TextLine>
          <TextLine ID="eSc_line_563b4870"
                    TAGREFS="LT8"
                    BASELINE="114 801 1489 801" 
                    HPOS="112"
                    VPOS="736"
                    WIDTH="1374"
                    HEIGHT="89">
            <Shape><Polygon POINTS="112 798 112 825 1486 825 1486 798 1486 742 112 736 112 798"/></Shape>
	    <String CONTENT="laq̃lle de toꝰ hõmes en faict nouuelle creature/"
                    HPOS="112"
                    VPOS="736"
                    WIDTH="1374"
                    HEIGHT="89"
                    WC="0.9902855218673239"></String>
          </TextLine>
          <TextLine ID="eSc_line_876407da"
                    TAGREFS="LT8"
                    BASELINE="106 884 1485 882" 
                    HPOS="104"
                    VPOS="807"
                    WIDTH="1379"
                    HEIGHT="119">
            <Shape><Polygon POINTS="104 881 104 905 172 923 175 923 178 923 211 908 294 923 297 923 419 908 511 923 514 923 618 908 651 923 654 923 657 926 817 926 817 923 820 923 823 923 841 908 903 923 906 923 909 923 1010 908 1447 923 1450 923 1453 923 1483 905 1483 881 1483 822 104 807 104 881"/></Shape>
	    <String CONTENT="dit le mesme par Esaie. * Uoicy ie feray cho¬"
                    HPOS="104"
                    VPOS="807"
                    WIDTH="1379"
                    HEIGHT="119"></String>
          </TextLine>
          <TextLine ID="eSc_line_01f8b987"
                    TAGREFS="LT8"
                    BASELINE="110 969 1481 966" 
                    HPOS="104"
                    VPOS="905"
                    WIDTH="1376"
                    HEIGHT="98">
            <Shape><Polygon POINTS="107 967 107 1003 1477 994 1480 964 1474 905 104 905 107 967"/></Shape>
	    <String CONTENT="ses nouuelles/ q̃ maintenãt naistrõt ⁊ les con¬"
                    HPOS="104"
                    VPOS="905"
                    WIDTH="1376"
                    HEIGHT="98"
                    WC="0.990633389171289"></String>
          </TextLine>
          <TextLine ID="eSc_line_c0172192"
                    TAGREFS="LT8"
                    BASELINE="110 1049 1491 1052" 
                    HPOS="104"
                    VPOS="973"
                    WIDTH="1385"
                    HEIGHT="98">
            <Shape><Polygon POINTS="107 1048 104 1071 1486 1071 1489 1051 1486 991 1376 973 1373 973 1370 973 1317 988 1230 973 1227 973 1224 973 1186 988 1171 973 1168 973 1165 973 1162 973 1159 973 1111 988 1108 988 998 973 995 973 993 973 951 988 948 988 936 988 728 973 725 973 722 973 719 973 698 988 651 973 648 973 645 973 642 973 588 988 582 988 579 988 523 973 520 973 517 973 107 985 107 1048"/></Shape>
	    <String CONTENT="gnoistrez: ⁊ feray la uoye au desert/ ⁊ les fleu¬"
                    HPOS="104"
                    VPOS="973"
                    WIDTH="1385"
                    HEIGHT="98"
                    WC="0.9928769931501272"></String>
          </TextLine>
          <TextLine ID="eSc_line_48d4285c"
                    TAGREFS="LT8"
                    BASELINE="110 1130 1493 1135" 
                    HPOS="104"
                    VPOS="1059"
                    WIDTH="1388"
                    HEIGHT="104">
            <Shape><Polygon POINTS="107 1128 104 1152 1486 1163 1492 1134 1489 1059 107 1065 107 1128"/></Shape>
	    <String CONTENT="ues en la terre seiche: affin q̃ mõ peuple qui est"
                    HPOS="104"
                    VPOS="1059"
                    WIDTH="1388"
                    HEIGHT="104"
                    WC="0.9983972065589007"></String>
          </TextLine>
          <TextLine ID="eSc_line_3fc699bc"
                    TAGREFS="LT8"
                    BASELINE="102 1219 1487 1219" 
                    HPOS="102"
                    VPOS="1152"
                    WIDTH="1385"
                    HEIGHT="100">
            <Shape><Polygon POINTS="102 1219 102 1239 116 1251 118 1251 120 1251 122 1251 124 1251 170 1237 215 1251 217 1251 219 1251 396 1237 441 1251 443 1251 445 1251 447 1251 502 1237 667 1237 706 1251 708 1251 710 1251 712 1251 764 1237 849 1251 851 1251 853 1251 893 1237 942 1247 944 1247 1011 1237 1031 1251 1033 1251 1035 1251 1037 1252 1265 1252 1265 1251 1267 1251 1295 1241 1316 1249 1318 1249 1320 1249 1322 1249 1324 1249 1340 1239 1407 1251 1409 1251 1411 1251 1413 1251 1437 1237 1487 1237 1487 1219 1483 1152 1433 1165 1398 1155 1396 1155 1394 1155 1392 1155 1390 1155 1378 1167 1257 1167 1243 1154 1241 1154 1241 1152 1239 1152 1237 1152 1235 1152 1221 1154 1168 1165 1134 1155 1122 1152 1120 1152 1118 1152 1116 1152 1105 1155 1083 1163 1073 1155 1069 1152 1067 1152 1065 1152 1063 1152 1061 1152 1051 1155 1029 1165 1007 1155 994 1152 992 1152 990 1152 988 1152 974 1157 950 1165 867 1157 796 1152 794 1152 792 1152 776 1159 760 1165 724 1159 677 1152 675 1152 673 1152 639 1161 621 1165 615 1161 603 1152 602 1152 600 1152 598 1152 596 1152 594 1152 582 1161 576 1167 510 1167 495 1161 449 1152 447 1152 445 1152 402 1163 392 1165 384 1163 352 1152 350 1152 196 1152 194 1152 192 1152 190 1152 168 1165 154 1155 152 1155 150 1155 148 1155 102 1165 102 1219"/></Shape>
	    <String CONTENT="mõ genre esleu boiue: leq̃l iay acqͥs pour racõ"
                    HPOS="102"
                    VPOS="1152"
                    WIDTH="1385"
                    HEIGHT="100"
                    WC="0.9989711776071665"></String>
          </TextLine>
          <TextLine ID="eSc_line_225cf125"
                    TAGREFS="LT8"
                    BASELINE="99 1302 1481 1302" 
                    HPOS="98"
                    VPOS="1241"
                    WIDTH="1382"
                    HEIGHT="86">
            <Shape><Polygon POINTS="98 1300 98 1324 1477 1327 1480 1300 1480 1241 98 1241 98 1300"/></Shape>
	    <String CONTENT="ter mes uertus. Et derechief. * Ie iure par moy"
                    HPOS="98"
                    VPOS="1241"
                    WIDTH="1382"
                    HEIGHT="86"></String>
          </TextLine>
          <TextLine ID="eSc_line_a186d09c"
                    TAGREFS="LT8"
                    BASELINE="95 1385 1487 1385" 
                    HPOS="95"
                    VPOS="1320"
                    WIDTH="1392"
                    HEIGHT="97">
            <Shape><Polygon POINTS="95 1385 95 1411 982 1405 1005 1407 1087 1415 1089 1415 1091 1415 1116 1405 1122 1405 1142 1405 1259 1415 1261 1415 1308 1405 1310 1405 1320 1415 1322 1415 1324 1415 1326 1417 1435 1417 1435 1415 1487 1403 1487 1385 1487 1334 1283 1334 1281 1332 1265 1320 1263 1320 1261 1320 1259 1320 1166 1332 1152 1334 912 1334 901 1330 863 1320 861 1320 859 1320 857 1320 837 1330 831 1332 825 1330 807 1320 805 1320 804 1320 647 1328 602 1330 592 1328 562 1320 560 1320 558 1320 556 1320 530 1328 516 1332 506 1328 493 1320 491 1320 489 1320 487 1320 469 1328 455 1332 443 1328 423 1320 421 1320 419 1320 417 1320 398 1326 388 1330 372 1326 340 1320 338 1320 336 1320 324 1326 312 1332 287 1326 259 1320 257 1320 225 1326 192 1332 180 1326 172 1322 170 1322 168 1322 95 1324 95 1385"/></Shape>
	    <String CONTENT="mesme/ q̃ la iustice sortira de ma bouche: ⁊ mes"
                    HPOS="95"
                    VPOS="1320"
                    WIDTH="1392"
                    HEIGHT="97"
                    WC="0.9928165922562281"></String>
          </TextLine>
          <TextLine ID="eSc_line_27f2d3bb"
                    TAGREFS="LT8"
                    BASELINE="99 1472 1485 1466" 
                    HPOS="97"
                    VPOS="1401"
                    WIDTH="1388"
                    HEIGHT="107">
            <Shape><Polygon POINTS="99 1472 99 1502 156 1504 158 1504 160 1504 164 1502 188 1490 419 1490 447 1498 471 1506 473 1506 475 1508 560 1508 560 1506 562 1506 590 1496 617 1488 643 1496 669 1504 671 1504 673 1504 720 1494 756 1488 770 1494 792 1504 794 1504 796 1506 906 1506 906 1504 908 1504 950 1492 958 1490 962 1492 978 1502 980 1502 982 1502 984 1502 986 1502 1019 1492 1029 1488 1039 1490 1069 1502 1071 1502 1073 1502 1136 1490 1146 1488 1152 1490 1184 1502 1186 1502 1188 1504 1269 1504 1269 1502 1271 1502 1273 1502 1289 1490 1310 1502 1312 1502 1314 1504 1421 1504 1421 1502 1423 1502 1425 1502 1447 1486 1449 1486 1483 1486 1485 1466 1481 1417 1267 1417 1265 1415 1225 1401 1223 1401 1221 1401 1039 1415 990 1417 970 1413 912 1403 910 1403 908 1403 877 1413 863 1417 847 1413 802 1403 800 1403 740 1413 710 1417 679 1413 617 1403 615 1403 613 1403 582 1413 558 1419 536 1411 516 1405 514 1405 512 1405 477 1411 439 1419 396 1411 368 1407 366 1407 364 1407 352 1411 336 1417 322 1411 310 1405 308 1405 306 1405 275 1411 231 1419 97 1411 99 1472"/></Shape>
	    <String CONTENT="parolles ne seront pas destournees/ q̃ tout ge¬"
                    HPOS="97"
                    VPOS="1401"
                    WIDTH="1388"
                    HEIGHT="107"
                    WC="0.999833937655104"></String>
          </TextLine>
          <TextLine ID="eSc_line_dee3b8a9"
                    TAGREFS="LT8"
                    BASELINE="97 1549 1487 1553" 
                    HPOS="95"
                    VPOS="1484"
                    WIDTH="1392"
                    HEIGHT="101">
            <Shape><Polygon POINTS="97 1549 95 1567 301 1583 302 1585 394 1585 394 1583 396 1583 398 1583 409 1571 449 1583 451 1583 453 1583 790 1571 875 1585 877 1585 990 1575 1031 1585 1033 1585 1035 1585 1037 1585 1039 1585 1053 1575 1065 1585 1067 1585 1069 1585 1071 1585 1138 1573 1344 1585 1346 1585 1485 1571 1487 1553 1483 1486 1388 1498 1221 1486 1219 1486 1091 1498 1059 1486 1057 1486 1055 1486 1053 1486 1029 1498 968 1486 966 1486 964 1486 962 1486 940 1500 867 1500 825 1488 823 1488 821 1488 693 1496 669 1486 667 1484 665 1484 663 1484 645 1486 542 1496 510 1486 508 1486 506 1486 504 1486 463 1496 447 1486 447 1484 445 1484 443 1484 441 1484 431 1486 380 1496 366 1486 366 1484 364 1484 362 1484 273 1484 271 1484 269 1484 265 1486 237 1496 97 1486 97 1549"/></Shape>
	    <String CONTENT="nouil se ployera uers moy/ ⁊ q̃ toute lãgue dõ"
                    HPOS="95"
                    VPOS="1484"
                    WIDTH="1392"
                    HEIGHT="101"
                    WC="0.9932278543710709"></String>
          </TextLine>
          <TextLine ID="eSc_line_f80166ad"
                    TAGREFS="LT8"
                    BASELINE="100 1637 1505 1637" 
                    HPOS="98"
                    VPOS="1570"
                    WIDTH="1406"
                    HEIGHT="95">
            <Shape><Polygon POINTS="98 1636 98 1656 1501 1665 1504 1636 1504 1576 98 1570 98 1636"/></Shape>
	    <String CONTENT="nera louẽge a dieu. * Sil est dõcques impossi¬"
                    HPOS="98"
                    VPOS="1570"
                    WIDTH="1406"
                    HEIGHT="95"></String>
          </TextLine>
          <TextLine ID="eSc_line_bb9aa9b5"
                    TAGREFS="LT8"
                    BASELINE="106 1718 1522 1715" 
                    HPOS="101"
                    VPOS="1644"
                    WIDTH="1418"
                    HEIGHT="107">
            <Shape><Polygon POINTS="104 1716 104 1736 960 1751 963 1751 966 1751 1013 1736 1016 1736 1019 1736 1129 1751 1132 1751 1230 1736 1272 1751 1275 1751 1278 1751 1281 1751 1284 1751 1284 1748 1299 1736 1415 1751 1418 1751 1516 1733 1519 1713 1513 1653 101 1644 104 1716"/></Shape>
	    <String CONTENT="ble q̃ ces choses ne soiẽt faictes/ de ce q̃ la pre¬"
                    HPOS="101"
                    VPOS="1644"
                    WIDTH="1418"
                    HEIGHT="107"></String>
          </TextLine>
          <TextLine ID="eSc_line_6e31ec09"
                    TAGREFS="LT8"
                    BASELINE="114 1801 1503 1798" 
                    HPOS="110"
                    VPOS="1728"
                    WIDTH="1391"
                    HEIGHT="101">
            <Shape><Polygon POINTS="112 1799 112 1820 1495 1829 1501 1796 1495 1728 110 1728 112 1799"/></Shape>
	    <String CONTENT="sciẽce de dieu nest pas incertaine/ ne son cõseil"
                    HPOS="110"
                    VPOS="1728"
                    WIDTH="1391"
                    HEIGHT="101"></String>
          </TextLine>
          <TextLine ID="eSc_line_21a707c4"
                    TAGREFS="LT8"
                    BASELINE="102 1884 1481 1881" 
                    HPOS="98"
                    VPOS="1805"
                    WIDTH="1382"
                    HEIGHT="101">
            <Shape><Polygon POINTS="101 1882 101 1906 1477 1903 1480 1879 1474 1814 261 1805 258 1805 98 1820 101 1882"/></Shape>
	    <String CONTENT="muable/ ne sa uolunte sãs effect ne sa ꝓmesse"
                    HPOS="98"
                    VPOS="1805"
                    WIDTH="1382"
                    HEIGHT="101"></String>
          </TextLine>
          <TextLine ID="eSc_line_f44e3ed3"
                    TAGREFS="LT8"
                    BASELINE="99 1971 1476 1966" 
                    HPOS="95"
                    VPOS="1888"
                    WIDTH="1379"
                    HEIGHT="113">
            <Shape><Polygon POINTS="98 1968 98 1995 1468 2001 1474 1965 1468 1906 1391 1888 1388 1888 1385 1888 1382 1888 1364 1903 603 1888 600 1888 597 1888 541 1903 520 1888 517 1888 514 1888 511 1888 407 1903 389 1888 386 1888 383 1888 237 1888 234 1888 231 1888 184 1903 112 1888 110 1888 107 1888 104 1888 104 1891 101 1891 95 1894 98 1968"/></Shape>
	    <String CONTENT="faulse: tous ceulx desq̃lz ces choses sont p̃di¬"
                    HPOS="95"
                    VPOS="1888"
                    WIDTH="1379"
                    HEIGHT="113"></String>
          </TextLine>
          <TextLine ID="eSc_line_a6d9bcec"
                    TAGREFS="LT8"
                    BASELINE="95 2052 1474 2050" 
                    HPOS="89"
                    VPOS="1977"
                    WIDTH="1382"
                    HEIGHT="101">
            <Shape><Polygon POINTS="92 2051 92 2078 1468 2078 1471 2048 1465 1977 89 1977 92 2051"/></Shape>
	    <String CONTENT="ctes/ sãs q̃lq̃ exception serõt sauuez. Car il dõ"
                    HPOS="89"
                    VPOS="1977"
                    WIDTH="1382"
                    HEIGHT="101"
                    WC="0.9931092927089105"></String>
          </TextLine>
          <TextLine ID="eSc_line_23230bd9"
                    TAGREFS="LT8"
                    BASELINE="93 2137 1486 2134" 
                    HPOS="89"
                    VPOS="2057"
                    WIDTH="1394"
                    HEIGHT="113">
            <Shape><Polygon POINTS="92 2134 92 2170 166 2155 1477 2161 1483 2131 1477 2060 145 2057 142 2057 139 2057 89 2072 92 2134"/></Shape>
	    <String CONTENT="ne ses loix en leͬ sens ⁊ les escript de son doigt"
                    HPOS="89"
                    VPOS="2057"
                    WIDTH="1394"
                    HEIGHT="113"
                    WC="0.9751807117462158"></String>
          </TextLine>
          <TextLine ID="eSc_line_9e48f636"
                    TAGREFS="LT8"
                    BASELINE="97 2216 1486 2221" 
                    HPOS="92"
                    VPOS="2149"
                    WIDTH="1391"
                    HEIGHT="104">
            <Shape><Polygon POINTS="95 2214 92 2235 127 2250 130 2250 133 2250 451 2238 496 2238 1477 2253 1483 2220 1477 2149 95 2149 95 2214"/></Shape>
	    <String CONTENT="en leͬs cueurs/ affin qͥlz recoiuẽt la cõgnoissã"
                    HPOS="92"
                    VPOS="2149"
                    WIDTH="1391"
                    HEIGHT="104"
                    WC="0.9895164323788063"></String>
          </TextLine>
          <TextLine ID="eSc_line_a145bccb"
                    TAGREFS="LT8"
                    BASELINE="100 2298 1483 2304" 
                    HPOS="99"
                    VPOS="2240"
                    WIDTH="1384"
                    HEIGHT="91">
            <Shape><Polygon POINTS="100 2298 99 2313 170 2327 172 2327 174 2327 217 2317 562 2329 564 2329 770 2319 784 2319 786 2319 815 2329 817 2329 819 2329 966 2321 998 2319 1027 2321 1150 2331 1152 2331 1154 2331 1190 2321 1196 2321 1202 2321 1235 2331 1237 2331 1239 2331 1481 2323 1483 2304 1481 2246 100 2240 100 2298"/></Shape>
	    <String CONTENT="ce de dieu/ non poĩt par loeuure de la doctrine"
                    HPOS="99"
                    VPOS="2240"
                    WIDTH="1384"
                    HEIGHT="91"
                    WC="0.9953296085198721"></String>
          </TextLine>
          <TextLine ID="eSc_line_5f20649d"
                    TAGREFS="LT8"
                    BASELINE="99 2387 1483 2383" 
                    HPOS="97"
                    VPOS="2313"
                    WIDTH="1386"
                    HEIGHT="101">
            <Shape><Polygon POINTS="99 2387 99 2408 471 2403 580 2410 645 2414 647 2414 669 2410 703 2403 730 2410 744 2414 746 2414 748 2414 750 2414 766 2410 804 2401 883 2410 903 2412 904 2412 918 2410 970 2401 1013 2410 1021 2412 1023 2412 1025 2412 1039 2410 1101 2401 1136 2410 1142 2412 1144 2412 1146 2414 1324 2414 1324 2412 1326 2412 1328 2412 1328 2410 1340 2403 1479 2410 1483 2383 1477 2321 1211 2329 1196 2319 1190 2315 1188 2315 1186 2315 1184 2315 1158 2319 1110 2327 1057 2319 1017 2313 1015 2313 1013 2313 996 2319 964 2329 932 2319 914 2313 912 2313 910 2313 908 2313 895 2319 869 2329 847 2319 845 2319 843 2319 762 2331 732 2317 724 2315 722 2315 720 2315 718 2315 716 2315 714 2317 704 2327 677 2317 673 2317 671 2317 669 2317 667 2317 665 2317 639 2333 540 2333 514 2317 512 2317 510 2317 508 2317 506 2317 504 2317 473 2331 431 2319 429 2319 427 2319 370 2331 334 2317 328 2315 326 2315 324 2315 322 2315 320 2315 318 2317 306 2325 211 2319 209 2319 207 2319 205 2319 194 2329 178 2317 178 2315 176 2315 174 2315 172 2315 97 2315 99 2387"/></Shape>
	    <String CONTENT="humaine/ mais par la maistrise du souuerain"
                    HPOS="97"
                    VPOS="2313"
                    WIDTH="1386"
                    HEIGHT="101"
                    WC="0.9923838959183804"></String>
          </TextLine>
          <TextLine ID="eSc_line_41328ab8"
                    TAGREFS="LT8"
                    BASELINE="93 2468 1501 2465" 
                    HPOS="89"
                    VPOS="2387"
                    WIDTH="1409"
                    HEIGHT="107">
            <Shape><Polygon POINTS="92 2467 92 2488 1492 2494 1498 2464 1492 2405 1358 2387 1355 2387 1352 2387 1305 2402 1302 2402 1058 2387 1055 2387 1052 2387 995 2402 993 2405 823 2405 820 2402 799 2387 796 2387 793 2387 790 2387 89 2399 92 2467"/></Shape>
	    <String CONTENT="docteur. * Car aussi celuy qͥ plãte nest riẽs/ ne"
                    HPOS="89"
                    VPOS="2387"
                    WIDTH="1409"
                    HEIGHT="107"></String>
          </TextLine>
          <TextLine ID="eSc_line_689426f1"
                    TAGREFS="LT8"
                    BASELINE="97 2549 1513 2549" 
                    HPOS="95"
                    VPOS="2485"
                    WIDTH="1415"
                    HEIGHT="86">
            <Shape><Polygon POINTS="95 2547 95 2571 1510 2571 1510 2547 1510 2485 95 2485 95 2547"/></Shape>
	    <String CONTENT="celuy qͥ arrouse: mais cest dieu qͥ dõne accrois¬"
                    HPOS="95"
                    VPOS="2485"
                    WIDTH="1415"
                    HEIGHT="86"></String>
          </TextLine>
          <TextLine ID="eSc_line_06d3dfae"
                    TAGREFS="LT8"
                    BASELINE="106 2636 839 2628 1510 2632" 
                    HPOS="101"
                    VPOS="2553"
                    WIDTH="1406"
                    HEIGHT="113">
            <Shape><Polygon POINTS="104 2633 104 2666 327 2651 1501 2651 1507 2630 1501 2553 101 2559 104 2633"/></Shape>
	    <String CONTENT="semẽt. * Tous ceulx icy despuis le plus petit"
                    HPOS="101"
                    VPOS="2553"
                    WIDTH="1406"
                    HEIGHT="113"></String>
          </TextLine>
          <TextLine ID="eSc_line_f6d98401"
                    TAGREFS="LT8"
                    BASELINE="99 2719 1496 2716" 
                    HPOS="95"
                    VPOS="2636"
                    WIDTH="1400"
                    HEIGHT="113">
            <Shape><Polygon POINTS="98 2716 98 2746 1489 2749 1495 2713 1486 2636 95 2648 98 2716"/></Shape>
	    <String CONTENT="iusques au plus grãd cõgnoissent dieu: car ilz"
                    HPOS="95"
                    VPOS="2636"
                    WIDTH="1400"
                    HEIGHT="113"
                    WC="0.9887643729647001"></String>
          </TextLine>
          <TextLine ID="eSc_line_660bc56c"
                    TAGREFS="LT8"
                    BASELINE="97 2802 1477 2802" 
                    HPOS="95"
                    VPOS="2722"
                    WIDTH="1379"
                    HEIGHT="113">
            <Shape><Polygon POINTS="95 2799 95 2820 1471 2835 1474 2799 1474 2734 1210 2722 1207 2722 1204 2722 1165 2734 1150 2740 1135 2734 1106 2722 1103 2722 1100 2722 1097 2722 1070 2734 1058 2740 1028 2734 945 2722 942 2722 859 2737 835 2740 826 2737 793 2722 790 2722 787 2722 784 2722 740 2737 728 2743 621 2743 618 2737 603 2725 600 2725 597 2725 594 2725 591 2725 588 2725 567 2737 561 2743 249 2743 246 2740 217 2725 214 2725 211 2725 95 2740 95 2799"/></Shape>
	    <String CONTENT="ont ouy ⁊ apris du pere/ poͬ uenir a Christ: ilz"
                    HPOS="95"
                    VPOS="2722"
                    WIDTH="1379"
                    HEIGHT="113"
                    WC="0.9919288046658039"></String>
          </TextLine>
          <TextLine ID="eSc_line_ebce4e51"
                    TAGREFS="LT8"
                    BASELINE="97 2888 1478 2885" 
                    HPOS="92"
                    VPOS="2805"
                    WIDTH="1385"
                    HEIGHT="110">
            <Shape><Polygon POINTS="95 2886 95 2915 1474 2909 1477 2883 1471 2823 1290 2823 1290 2820 1275 2808 1275 2805 1272 2805 1269 2805 1132 2805 1129 2805 1126 2805 1123 2805 1106 2820 1058 2805 1055 2805 1052 2805 969 2820 957 2823 645 2823 642 2817 630 2808 630 2805 627 2805 624 2805 621 2805 541 2817 520 2820 502 2817 445 2805 442 2805 440 2805 401 2817 389 2820 368 2817 300 2805 297 2805 92 2814 95 2886"/></Shape>
	    <String CONTENT="sont tous tirez hors derreur et adressez en la"
                    HPOS="92"
                    VPOS="2805"
                    WIDTH="1385"
                    HEIGHT="110"
                    WC="0.9810288898322893"></String>
          </TextLine>
          <TextLine ID="eSc_line_aee33816"
                    TAGREFS="LT8"
                    BASELINE="97 2973 1478 2973" 
                    HPOS="95"
                    VPOS="2897"
                    WIDTH="1382"
                    HEIGHT="128">
            <Shape><Polygon POINTS="95 2972 95 3013 211 3022 220 3022 246 3001 306 3001 407 3016 425 3013 445 3004 460 3022 469 3025 844 3025 844 3022 998 3001 1046 3022 1058 3022 1058 3019 1079 3001 1159 3001 1180 3019 1192 3019 1254 3001 1361 3016 1477 3001 1477 2906 95 2897 95 2972"/></Shape>
	    <String CONTENT="uoye de la uie: a tous est donne/ apres auoir"
                    HPOS="95"
                    VPOS="2897"
                    WIDTH="1382"
                    HEIGHT="128"
                    WC="0.9950751768218147"></String>
          </TextLine>
        </TextBlock>
        <TextBlock HPOS="1548"
                   VPOS="188"
                   WIDTH="180"
                   HEIGHT="112"
                   ID="eSc_textblock_f7f7ff5c"
                   TAGREFS="BT15">
          <Shape><Polygon POINTS="1548 188 1548 300 1728 300 1728 188"/></Shape>
          <TextLine ID="eSc_line_3978be97"
                    TAGREFS="LT8"
                    BASELINE="1560 269 1716 273" 
                    HPOS="1558"
                    VPOS="184"
                    WIDTH="158"
                    HEIGHT="116">
            <Shape><Polygon POINTS="1560 269 1558 300 1714 296 1716 273 1716 193 1655 184 1653 184 1651 184 1649 184 1649 186 1637 195 1635 199 1560 199 1560 269"/></Shape>
	    <String CONTENT="108"
                    HPOS="1558"
                    VPOS="184"
                    WIDTH="158"
                    HEIGHT="116"></String>
          </TextLine>
        </TextBlock>
        <TextBlock HPOS="1496"
                   VPOS="648"
                   WIDTH="308"
                   HEIGHT="520"
                   ID="eSc_textblock_1a6ef219"
                   TAGREFS="BT13">
          <Shape><Polygon POINTS="1508 648 1496 1168 1804 1160 1804 648"/></Shape>
          <TextLine ID="eSc_line_12b88b1f"
                    TAGREFS="LT8"
                    BASELINE="1520 719 1788 720" 
                    HPOS="1519"
                    VPOS="620"
                    WIDTH="267"
                    HEIGHT="137">
            <Shape><Polygon POINTS="1519 718 1519 754 1783 757 1786 718 1780 620 1697 647 1620 647 1605 632 1596 623 1596 620 1593 620 1590 620 1587 620 1519 635 1519 718"/></Shape>
	    <String CONTENT="La grace"
                    HPOS="1519"
                    VPOS="620"
                    WIDTH="267"
                    HEIGHT="137"></String>
          </TextLine>
          <TextLine ID="eSc_line_e3ca0012"
                    TAGREFS="LT8"
                    BASELINE="1516 801 1754 801" 
                    HPOS="1513"
                    VPOS="733"
                    WIDTH="238"
                    HEIGHT="101">
            <Shape><Polygon POINTS="1513 798 1513 831 1748 834 1751 798 1751 739 1513 733 1513 798"/></Shape>
	    <String CONTENT="de dieu"
                    HPOS="1513"
                    VPOS="733"
                    WIDTH="238"
                    HEIGHT="101"
                    WC="0.9983944041388375"></String>
          </TextLine>
          <TextLine ID="eSc_line_52e729ba"
                    TAGREFS="LT8"
                    BASELINE="1512 882 1782 882" 
                    HPOS="1510"
                    VPOS="810"
                    WIDTH="270"
                    HEIGHT="113">
            <Shape><Polygon POINTS="1510 881 1510 923 1780 923 1780 881 1780 819 1510 810 1510 881"/></Shape>
	    <String CONTENT="faict nou"
                    HPOS="1510"
                    VPOS="810"
                    WIDTH="270"
                    HEIGHT="113"
                    WC="0.9978714055485196"></String>
          </TextLine>
          <TextLine ID="eSc_line_5ea51b62"
                    TAGREFS="LT8"
                    BASELINE="1506 966 1780 965" 
                    HPOS="1504"
                    VPOS="902"
                    WIDTH="273"
                    HEIGHT="107">
            <Shape><Polygon POINTS="1504 964 1504 991 1531 1009 1534 1009 1537 1009 1540 1009 1777 988 1777 964 1777 902 1504 902 1504 964"/></Shape>
	    <String CONTENT="uelle cre¬"
                    HPOS="1504"
                    VPOS="902"
                    WIDTH="273"
                    HEIGHT="107"
                    WC="0.9944448113441468"></String>
          </TextLine>
          <TextLine ID="eSc_line_2fef1e56"
                    TAGREFS="LT8"
                    BASELINE="1514 1053 1710 1053" 
                    HPOS="1513"
                    VPOS="982"
                    WIDTH="196"
                    HEIGHT="95">
            <Shape><Polygon POINTS="1513 1051 1513 1077 1709 1071 1709 1051 1709 1000 1620 982 1617 982 1513 991 1513 1051"/></Shape>
	    <String CONTENT="ature."
                    HPOS="1513"
                    VPOS="982"
                    WIDTH="196"
                    HEIGHT="95"
                    WC="0.980970154205958"></String>
          </TextLine>
          <TextLine ID="eSc_line_d0a9ac8b"
                    TAGREFS="LT8"
                    BASELINE="1504 1135 1782 1136" 
                    HPOS="1501"
                    VPOS="1059"
                    WIDTH="279"
                    HEIGHT="119">
            <Shape><Polygon POINTS="1501 1134 1501 1178 1780 1163 1780 1134 1777 1071 1679 1080 1670 1074 1641 1059 1638 1059 1635 1059 1632 1059 1629 1059 1605 1077 1602 1080 1599 1077 1554 1059 1551 1059 1548 1059 1546 1059 1501 1080 1501 1134"/></Shape>
	    <String CONTENT="esa.42.b"
                    HPOS="1501"
                    VPOS="1059"
                    WIDTH="279"
                    HEIGHT="119"
                    WC="0.9789166748523712"></String>
          </TextLine>
        </TextBlock>
        <TextBlock HPOS="1488"
                   VPOS="1236"
                   WIDTH="296"
                   HEIGHT="96"
                   ID="eSc_textblock_a0826fa1"
                   TAGREFS="BT13">
          <Shape><Polygon POINTS="1488 1236 1488 1332 1784 1332 1784 1236"/></Shape>
          <TextLine ID="eSc_line_59705765"
                    TAGREFS="LT8"
                    BASELINE="1502 1302 1774 1302" 
                    HPOS="1501"
                    VPOS="1226"
                    WIDTH="270"
                    HEIGHT="113">
            <Shape><Polygon POINTS="1501 1300 1501 1339 1771 1330 1771 1300 1766 1226 1712 1241 1501 1235 1501 1300"/></Shape>
	    <String CONTENT="esa.45.d"
                    HPOS="1501"
                    VPOS="1226"
                    WIDTH="270"
                    HEIGHT="113"
                    WC="0.9996878802776337"></String>
          </TextLine>
        </TextBlock>
        <TextBlock HPOS="1487"
                   VPOS="1566"
                   WIDTH="339"
                   HEIGHT="695"
                   ID="eSc_textblock_fec43c0c"
                   TAGREFS="BT13">
          <Shape><Polygon POINTS="1508 1566 1540 1717 1515 1809 1494 1858 1487 1873 1496 2256 1746 2261 1781 2158 1771 2041 1826 1573"/></Shape>
          <TextLine ID="eSc_line_f9c0ae62"
                    TAGREFS="LT8"
                    BASELINE="1532 1637 1802 1637" 
                    HPOS="1531"
                    VPOS="1546"
                    WIDTH="270"
                    HEIGHT="131">
            <Shape><Polygon POINTS="1531 1636 1531 1677 1801 1677 1801 1636 1798 1546 1697 1567 1531 1552 1531 1636"/></Shape>
	    <String CONTENT="Ro.14.b"
                    HPOS="1531"
                    VPOS="1546"
                    WIDTH="270"
                    HEIGHT="131"
                    WC="0.9999355333192008"></String>
          </TextLine>
          <TextLine ID="eSc_line_08fd7c88"
                    TAGREFS="LT8"
                    BASELINE="1554 1715 1792 1714" 
                    HPOS="1551"
                    VPOS="1650"
                    WIDTH="238"
                    HEIGHT="101">
            <Shape><Polygon POINTS="1551 1713 1551 1751 1789 1739 1789 1713 1789 1650 1551 1650 1551 1713"/></Shape>
	    <String CONTENT="Les oeu"
                    HPOS="1551"
                    VPOS="1650"
                    WIDTH="238"
                    HEIGHT="101"
                    WC="0.9758228063583374"></String>
          </TextLine>
          <TextLine ID="eSc_line_567127c5"
                    TAGREFS="LT8"
                    BASELINE="1525 1798 1762 1797" 
                    HPOS="1522"
                    VPOS="1742"
                    WIDTH="238"
                    HEIGHT="84">
            <Shape><Polygon POINTS="1522 1796 1522 1826 1760 1820 1760 1796 1760 1745 1522 1742 1522 1796"/></Shape>
	    <String CONTENT="ures de"
                    HPOS="1522"
                    VPOS="1742"
                    WIDTH="238"
                    HEIGHT="84"></String>
          </TextLine>
          <TextLine ID="eSc_line_cffb4e99"
                    TAGREFS="LT8"
                    BASELINE="1501 1881 1768 1880" 
                    HPOS="1498"
                    VPOS="1805"
                    WIDTH="268"
                    HEIGHT="113">
            <Shape><Polygon POINTS="1498 1879 1498 1903 1763 1918 1766 1879 1763 1808 1575 1820 1569 1817 1543 1805 1540 1805 1537 1805 1534 1805 1498 1820 1498 1879"/></Shape>
	    <String CONTENT="dieu sõt"
                    HPOS="1498"
                    VPOS="1805"
                    WIDTH="268"
                    HEIGHT="113"
                    WC="0.9999903043111166"></String>
          </TextLine>
          <TextLine ID="eSc_line_9e68f1ab"
                    TAGREFS="LT8"
                    BASELINE="1505 1966 1764 1965" 
                    HPOS="1501"
                    VPOS="1903"
                    WIDTH="262"
                    HEIGHT="95">
            <Shape><Polygon POINTS="1504 1965 1504 1998 1763 1983 1763 1962 1757 1909 1501 1903 1504 1965"/></Shape>
	    <String CONTENT="immua¬"
                    HPOS="1501"
                    VPOS="1903"
                    WIDTH="262"
                    HEIGHT="95"
                    WC="0.9999506771564484"></String>
          </TextLine>
          <TextLine ID="eSc_line_91ed8559"
                    TAGREFS="LT8"
                    BASELINE="1503 2050 1651 2050" 
                    HPOS="1501"
                    VPOS="1980"
                    WIDTH="149"
                    HEIGHT="98">
            <Shape><Polygon POINTS="1501 2048 1501 2078 1650 2078 1650 2048 1650 1998 1551 1980 1548 1980 1546 1980 1501 1995 1501 2048"/></Shape>
	    <String CONTENT="bles."
                    HPOS="1501"
                    VPOS="1980"
                    WIDTH="149"
                    HEIGHT="98"
                    WC="0.9999281883239746"></String>
          </TextLine>
          <TextLine ID="eSc_line_bba808f5"
                    TAGREFS="LT8"
                    BASELINE="1508 2134 1774 2133" 
                    HPOS="1507"
                    VPOS="2060"
                    WIDTH="264"
                    HEIGHT="110">
            <Shape><Polygon POINTS="1507 2131 1507 2170 1771 2170 1771 2131 1766 2060 1712 2078 1507 2072 1507 2131"/></Shape>
	    <String CONTENT="nũe.22.d"
                    HPOS="1507"
                    VPOS="2060"
                    WIDTH="264"
                    HEIGHT="110"
                    WC="0.9679671261045668"></String>
          </TextLine>
          <TextLine ID="eSc_line_8729c81a"
                    TAGREFS="LT8"
                    BASELINE="1515 2221 1736 2222" 
                    HPOS="1513"
                    VPOS="2140"
                    WIDTH="220"
                    HEIGHT="131">
            <Shape><Polygon POINTS="1513 2220 1513 2271 1602 2253 1730 2271 1733 2220 1730 2140 1513 2146 1513 2220"/></Shape>
	    <String CONTENT="Ps̈.118."
                    HPOS="1513"
                    VPOS="2140"
                    WIDTH="220"
                    HEIGHT="131"
                    WC="0.9778626561164856"></String>
          </TextLine>
        </TextBlock>
        <TextBlock HPOS="1496"
                   VPOS="2405"
                   WIDTH="319"
                   HEIGHT="685"
                   ID="eSc_textblock_f18e12d8"
                   TAGREFS="BT13">
          <Shape><Polygon POINTS="1506 2405 1525 2550 1500 2778 1499 2788 1496 2917 1506 3090 1691 3090 1789 2912 1791 2736 1815 2408"/></Shape>
          <TextLine ID="eSc_line_c5564966"
                    TAGREFS="LT8"
                    BASELINE="1527 2465 1782 2464" 
                    HPOS="1522"
                    VPOS="2381"
                    WIDTH="258"
                    HEIGHT="116">
            <Shape><Polygon POINTS="1525 2464 1525 2494 1774 2497 1780 2461 1771 2381 1617 2396 1611 2393 1593 2381 1590 2381 1587 2381 1584 2381 1581 2381 1522 2399 1525 2464"/></Shape>
	    <String CONTENT="Hier̃.31.f"
                    HPOS="1522"
                    VPOS="2381"
                    WIDTH="258"
                    HEIGHT="116"></String>
          </TextLine>
          <TextLine ID="eSc_line_2e2f8e02"
                    TAGREFS="LT8"
                    BASELINE="1530 2549 1784 2549" 
                    HPOS="1528"
                    VPOS="2473"
                    WIDTH="255"
                    HEIGHT="107">
            <Shape><Polygon POINTS="1528 2547 1528 2580 1783 2580 1783 2547 1780 2476 1694 2491 1685 2482 1676 2476 1676 2473 1673 2473 1670 2473 1667 2473 1664 2473 1661 2473 1644 2485 1638 2488 1626 2485 1575 2473 1572 2473 1569 2473 1566 2473 1528 2491 1528 2547"/></Shape>
	    <String CONTENT="1.corĩ.3.b"
                    HPOS="1528"
                    VPOS="2473"
                    WIDTH="255"
                    HEIGHT="107"
                    WC="0.9795528162609447"></String>
          </TextLine>
          <TextLine ID="eSc_line_b1c2ad6c"
                    TAGREFS="LT8"
                    BASELINE="1530 2632 1778 2634" 
                    HPOS="1525"
                    VPOS="2556"
                    WIDTH="252"
                    HEIGHT="113">
            <Shape><Polygon POINTS="1528 2630 1525 2657 1540 2669 1543 2669 1546 2669 1548 2669 1774 2654 1777 2633 1774 2565 1528 2556 1528 2630"/></Shape>
	    <String CONTENT="Tous fi"
                    HPOS="1525"
                    VPOS="2556"
                    WIDTH="252"
                    HEIGHT="113"
                    WC="0.9988355210849217"></String>
          </TextLine>
          <TextLine ID="eSc_line_18f8d476"
                    TAGREFS="LT8"
                    BASELINE="1520 2716 1776 2715" 
                    HPOS="1519"
                    VPOS="2639"
                    WIDTH="255"
                    HEIGHT="101">
            <Shape><Polygon POINTS="1519 2713 1519 2740 1774 2737 1774 2713 1774 2660 1641 2639 1638 2639 1519 2648 1519 2713"/></Shape>
	    <String CONTENT="deles re¬"
                    HPOS="1519"
                    VPOS="2639"
                    WIDTH="255"
                    HEIGHT="101"
                    WC="0.9982950952317979"></String>
          </TextLine>
          <TextLine ID="eSc_line_4c26b093"
                    TAGREFS="LT8"
                    BASELINE="1503 2802 1758 2802" 
                    HPOS="1501"
                    VPOS="2731"
                    WIDTH="256"
                    HEIGHT="104">
            <Shape><Polygon POINTS="1501 2799 1501 2835 1757 2832 1757 2799 1754 2731 1501 2737 1501 2799"/></Shape>
	    <String CONTENT="coyuent"
                    HPOS="1501"
                    VPOS="2731"
                    WIDTH="256"
                    HEIGHT="104"
                    WC="0.9997911282948085"></String>
          </TextLine>
          <TextLine ID="eSc_line_74933818"
                    TAGREFS="LT8"
                    BASELINE="1504 2885 1778 2884" 
                    HPOS="1501"
                    VPOS="2808"
                    WIDTH="276"
                    HEIGHT="101">
            <Shape><Polygon POINTS="1501 2883 1501 2909 1777 2909 1777 2883 1777 2820 1760 2808 1757 2808 1754 2808 1751 2808 1638 2823 1608 2808 1605 2808 1602 2808 1599 2808 1557 2823 1540 2808 1537 2808 1534 2808 1531 2808 1528 2808 1501 2820 1501 2883"/></Shape>
	    <String CONTENT="la foy de"
                    HPOS="1501"
                    VPOS="2808"
                    WIDTH="276"
                    HEIGHT="101"
                    WC="0.9988707237773471"></String>
          </TextLine>
          <TextLine ID="eSc_line_9dbe97a2"
                    TAGREFS="LT8"
                    BASELINE="1509 2973 1732 2973" 
                    HPOS="1507"
                    VPOS="2891"
                    WIDTH="223"
                    HEIGHT="113">
            <Shape><Polygon POINTS="1507 2972 1507 2989 1727 3004 1730 2972 1730 2900 1507 2891 1507 2972"/></Shape>
	    <String CONTENT="dieu le"
                    HPOS="1507"
                    VPOS="2891"
                    WIDTH="223"
                    HEIGHT="113"
                    WC="0.9829888258661542"></String>
          </TextLine>
          <TextLine ID="eSc_line_6bb07457"
                    TAGREFS="LT8"
                    BASELINE="1516 3055 1659 3054" 
                    HPOS="1513"
                    VPOS="2984"
                    WIDTH="146"
                    HEIGHT="124">
            <Shape><Polygon POINTS="1513 3052 1513 3108 1659 3087 1659 3052 1659 2995 1513 2984 1513 3052"/></Shape>
	    <String CONTENT="pere."
                    HPOS="1513"
                    VPOS="2984"
                    WIDTH="146"
                    HEIGHT="124"
                    WC="0.9999457240104676"></String>
          </TextLine>
        </TextBlock>
        <TextBlock HPOS="886"
                   VPOS="2985"
                   WIDTH="609"
                   HEIGHT="105"
                   ID="eSc_textblock_50d93f6a"
                   TAGREFS="BT17">
          <Shape><Polygon POINTS="886 2985 886 3090 1495 3090 1495 2985"/></Shape>
          <TextLine ID="eSc_line_8ffba74b"
                    TAGREFS="LT8"
                    BASELINE="901 3058 1490 3055" 
                    HPOS="897"
                    VPOS="2975"
                    WIDTH="592"
                    HEIGHT="121">
            <Shape><Polygon POINTS="1263 2975 1251 2975 1216 3001 1171 3001 1141 2975 1082 2975 1040 2998 1004 2975 927 2975 897 2995 903 3096 966 3081 1019 3096 1034 3096 1070 3081 1138 3096 1168 3093 1224 3081 1263 3096 1489 3084 1489 3052 1477 2986 1450 2998 1308 2978 1290 2992 1263 2975"/></Shape>
	    <String CONTENT="O .iiii. le cueur"
                    HPOS="897"
                    VPOS="2975"
                    WIDTH="592"
                    HEIGHT="121"
                    WC="0.9997813982122085"></String>
          </TextLine>
        </TextBlock>
      </PrintSpace>
    </Page>
  </Layout>
</alto>
