2211 3563
1067 193 512 125 De la grace

671 326 1401 109 le cueur change/ de sauourer les droictes cho¬

681 415 1407 103 ses/ ⁊ de uouloir les iustes choses: en toꝰ est en¬

677 504 1395 97 tee la crainte par laq̃lle sõt instruictz es cõmã¬

669 585 1405 93 demẽs de dieu. La uoye est faicte au desert: et

653 665 1423 103 la seiche terre est arrousee de fleuues: tellemẽt

657 750 1413 105 q̃ ceulx qͥ par auãt ne ouuroiẽt pas la bouche

669 833 1401 107 poͬ cõfesser dieu/ ⁊ qͥ estoiẽt muetz cõme bestes

673 920 1393 99 muettes ⁊ irraisonnables en la ferocite des be

677 999 1391 103 stes sauuaiges/ iceulx nettoiez par les fontai¬

667 1084 1407 101 nes des diuines parolles/ beneissent ⁊ louẽt le

653 1165 1409 105 seigñr/ en recitant les uertus ⁊ les merueilles

650 1241 1406 115 de sa misericorde qͥ les a esleu ⁊ les a faict filz

659 1339 1403 98 adoptifz/ ⁊ les a faict heritiers du nouueau te

683 1407 1388 116 stamẽt. * Mais si (cõe dit lapostre) nul ne des¬

679 1496 1385 107 prise le testamẽt de lhõe cõferme/ ⁊ se ny ordon

669 1583 1395 105 ne riẽs par dessus: cõment se peult il faire que

665 1664 1403 101 de quelque part la ꝓmesse diuine soit rõpue?

671 1747 1399 97 Ce q̃ le seigñr promist sans condition/ ⁊ dõna

675 1832 1395 101 sãs loy a Abraã demeure totallemẽt/ ⁊ est acõ¬

671 1916 1393 105 ply de iour en ioͬ. Que si aucũs aussi ausq̃lz

657 1999 1409 101 ces choses ont este predictes/ nõt pas creu: leur

645 2082 1421 99 incredulite na pas annichile la foy de dieu.

653 2155 1415 113 * Car dieu est ueritable/ ⁊ tout hõme est men¬

649 2248 1415 103 teur. Aussi urayemẽt ceulx qͥ nont pas uoulu

661 2329 1409 109 croire apres auoir ouy leuãgile/ ilz sõt inexcu

667 2412 1403 103 sables plus q̃ silz neussent iamais ouy lannõ

677 2497 1385 103 ciation de uerite. * Mais il est certain q̃ ceulx

674 2586 1391 89 enuers la prescience de dieu ne furent iamais

677 2657 1385 113 les filz de Abraam/ ne nombrez de ceste partie

680 2746 1385 113 desquelz il est dit. Toutes les lignees serõt be

677 2838 1382 89 neictes en ta semẽce. Car cestuy a promis quil

668 2915 1379 113 en y aura qͥ croiront/ qͥ a dit. * Et ung chascun

365 1229 250 127 ephe.1.a

362 1327 262 98 1.Pe.3.d

374 1419 288 119 Gał.3.d

371 2152 238 119 Ro.3.a

386 2482 270 116 Ceulx qͥ

383 2580 270 104 ne croiẽt

377 2657 261 95 pas/ ne

389 2731 273 116 sõt poĩt

383 2832 220 98 filz de

383 2912 264 95 Abraam

394 2992 255 111 Hier̃.31.f

1662 3020 398 101 nenseignera
