2212 3563
97 288 1406 121 nenseignera plus son prochain/ ne ung cha¬

112 376 1391 114 scun son fere/ disant. Cõgnois le seigñr. Car

114 459 1373 117 toꝰ me cõgnoistrõt despuis le plꝰ petit diceulx

120 544 1377 113 iusq̃s au plus grãd. Cestuy a ꝓmis q̃ aucuns

118 626 1362 104 uiendrõt a estre recõseillez/ qui a dit.7Ie seray

110 710 1381 111 propice a leur iniqͥtez ⁊ nauray plus memoire

102 795 1385 107 de leurs pechez. Cestuy a ꝓmis q̃ aucuns obei

98 878 1388 107 rõt/ qͥ a dit.? Ie leur dõneray une autre uoye/

106 960 1381 112 ⁊ ung autre cueur/ affin qͥlz me craignẽt tous

106 1043 1391 112 les iours. Cestuy a promis q̃ aucuns perseue¬

98 1125 1385 119 rerõt/ qui a dit. Ie dõneray ma crainte en leur

102 1211 1387 109 cueur affin quilz ne se retirẽt de moy ⁊ les ui¬

106 1290 1377 119 siteray/ ⁊ si les feray bõs. Finablement cestuy

101 1377 1388 107 a promis de toꝰ sans nul excepter qͥ a dit.4 Ie

104 1458 1395 111 iure par moymesme/ q̃ ueritablemẽt la iustice

110 1543 1398 107 sortira de ma bouche/ ⁊ mes parolles ne se de¬

116 1627 1406 106 tournerõt pas/ Atout genouid le ꝯͬoyer a uers

120 1708 1394 109 moy/ ⁊ toute langue donnera louenge a dien.

166 1784 1326 107 Si on dit icy/ que ceq̃ dieu a ture destre faict

112 1864 1380 113 qͥl nest pas faict: noꝰ attribuõs faulsete ⁊ men

118 1950 1374 119 songe (ce q̃ ia naduiẽgne) a la uerite. Mais si

107 2027 1385 119 les parolles de dieu demeurent ueritables/ ⁊ q̃

112 2128 1380 98 totallemẽt soit faict ce quil a ordõne (ce q̃ la pi

112 2197 1380 115 tie ⁊ la foy enhortẽt) cõment nous apperra la

115 2292 1377 121 firmite de la promesse ueritable/ cõme il soit q̃

114 2373 1396 111 encore plusieͬs miliers de gẽs seruẽt aux dia¬

130 2461 1401 104 bles/ ⁊ ploient les genoulx aux ydoles: se ce

128 2539 1400 109 nest que nous cõgnoissons telles manieres de

124 2622 1398 109 propositiõs de dieu/ estre ordõnees selon ceste

124 2703 1383 111 sciẽce incõmuable/ en laquelle est desia enuers

120 2789 1388 106 luy determinee ceste uniuersalite: ⁊ soit quil

122 2874 1385 120 parle des bons ou des mauuais/ il parle ainsi

324 150 1044 131 et du merite. Chap̃.ix.

1550 176 149 107 P09

1516 593 255 131 Hiet̃.31.f

1510 849 261 133 Hiet̃.31.f

1507 1074 267 149 hied̃.32.g

1513 1353 258 116 esa.45.d

1516 1766 267 113 Cõment

1516 1855 267 107 uniuersi

1516 1944 267 110 te est de¬

1516 2033 208 98 scripte

1513 2111 208 112 seulle¬

1516 2209 247 77 ment es

1516 2271 247 122 esleutz.

1334 2967 174 103 dune
