2211 3563
651 271 1391 114 Et cõme on ne trouue nul hõme qͥ soit quitte

645 360 1399 113 de ceste cõdẽnation: ainsi nest pas trouue hõ¬

643 441 1363 117 me qͥ spirituellemẽt soit regenere sãs Christ.

875 526 1167 117 ¶ Augustin ad Dardanum/ en lepistre

913 609 586 103 luu. en la lettre. E.

665 688 1373 122 ¶ Certainement le peche est faict apres que

656 771 1385 122 dieu est delaisse: la iustice nest point faicte sãs

635 861 1406 106 dieu. Et par ce aussi ne mourrions nous pas:

630 956 1405 103 si par la charne lle gener atiõ nous ne ueniõs

630 1033 1402 107 de ses membres: aussi ne uiurions nous point

630 1107 1405 104 se nous nestions les membres de Christ: par

631 1199 1411 107 une spirituelle copulation. Et aussi linobe¬

641 1273 1397 104 dience de la concupi(cence qui est en la chair

668 1350 1358 122 mortelle: par laquelle inobedience est faict/ q̃

662 1445 1367 104 aussi les membres sont esmeuz sans larditre

647 1524 1397 111 de la uolunte: icelle mobedience est reduicte a

647 1613 1391 105 la mesme maniere/ par la iustice de mariage?

653 1692 1383 107 affin que licitement (oient engendrez par la

641 1775 1401 111 copulation des parens: ausquelz est necessite

638 1858 1400 119 destre regenere. ?Toutesfois Christ na pas

638 1935 1397 119 uoulu/ que sa chair soit uenue par telle cõue¬

630 2027 1405 107 nance de lhomme et de la femme: mais dune

644 2099 1394 127 uierge/ sans aucune telle concupiscence en sa

662 2185 1367 110 conception. Il a prins pour nous la similitu¬

668 2274 1367 119 de de la chair de peche: affin que par icelle/ la

641 2355 1399 115 chair de peche fut nettoyee en nous. Car nul

639 2440 1399 109 nest naiz: sinon par loperation de cõcupiscen-

649 2521 1391 111 ce charnelle: laquelle est tiree du premier hõ-

647 2604 1385 117 me qui est Adam: aussi nul nest regenere: sinõ

653 2687 1379 118 par loperation de la grace spirituelle: laq̃lle

645 2769 1308 117 est dõnee par le secõd hõme/ qui est Christ.

754 2856 1272 123 ¶ Bernard au sermõ/ en la cene du seigñr.

368 771 273 107 La mort

374 858 229 104 est par

365 935 223 107 Adã/ la

359 1015 238 116 uie est ꝑ

350 1098 226 119 Christ.

344 1264 277 113 rom̃.7.d

353 1353 300 116 2.Corin.

359 1443 164 109 12.c.

875 128 789 137 De la transgression

347 1840 277 122 Christ a

353 1935 211 101 uoulu

344 2016 223 98 naistre

350 2105 176 101 dune

359 2179 244 110 uierge.

365 2268 279 110 Luce.2.a

362 2672 247 160 Ioã.3.a

1745 2951 281 132 ¶ Mais
