2212 3563
65 346 1386 123 ce. Le seigͬ soublieue tous ceulx qͥ tresbuchẽt/

71 437 1378 119 ⁊ redressetous ceulx qͥ sõt abatus. Nest il pas

79 522 1384 113 ainsi pronõce/ cõme se nul nestoit separe de ce

85 601 1378 115 don de dieu? Parquoy doncques le peuple de

91 684 1368 113 dieu a sa plemtude: ⁊ cõbien q̃ la plus grande

81 764 1372 120 partie des hõmes refuse/ ou ait en negligẽce la

71 846 1376 124 grace du saulueur? toutesfoys es esleuz ⁊ en

62 938 1385 116 ceulx qͥ sont precõgneuz ⁊ separez de toute ge¬

71 1012 1376 122 neralite/ est determine aucune speciole uniuer

77 1101 1370 113 salite: tellemẽt quil semble q̃ tout le mõde soit

71 1181 1376 110 deliure dentre tout le mõde/ ⁊ tous les hõmes

71 1261 1376 116 soient prins dentre tous les hõmes. Cõe aussi

73 1353 1386 111 quãt il est parolle des infideles/ la diuine ma¬

69 1439 1400 106 niere de parler ordõne ainsi sa parolle: tellemẽt

75 1516 1386 117 q̃ les choses qͥ sont dictes daucune partie des

83 1601 1394 113 hõmes semble q̃lles appartiennent a tous Ies

83 1674 1403 125 hõmes. Cõme est ce q̃ uehã Uaptiste dit.? Ce¬

83 1763 1394 115 luy qui est uenu du ciel/ est par de//s /orrs//

81 1850 1388 105 tesmoigne ceqrila ueu ⁊ ouy ⁊ nul ne receoit

83 1926 1376 128 son tesmoignage. Ou ce q̃ dit lapostre.5 Cha

83 2019 1380 106 scun de mande les choses q̃ a luy appartiẽnẽt.

83 2100 1384 113 Dõcques par telz ⁊ autres enseignemens qui

83 2189 1382 109 peuuent estre proferez par ceulx qui en deman

83 2266 1388 115 dent en plus grand nõbre/ sans doubte est mõ¬

87 2353 1384 111 stre/ q̃ aucunesfoys aussi toute la terre est ap¬

97 2432 1388 107 pellee pour une partie de laterre/ ⁊ tout le mõ¬

100 2511 1395 115 de pour une partie du mõde/ ⁊ tous les hõmes

100 2593 1391 124 poͬ une partie des hõmes: toutesfoys le plus

97 2676 1392 122 souuent lescripture bien tost apres declaire la

89 2763 1390 121 discretion de telles choses: tellemẽt q̃ le sensdrt

89 2848 1388 115 lecteur est transfere de lappellation umuersel¬

91 2935 1390 127 le/ a la partie que lon doibt entendre. Comme

358 205 978 141 et du merite. Cha.ix.

1526 231 139 99 7so

1477 825 271 131 Es escri

1477 926 244 107 ptures/

1477 1006 262 110 souuent

1477 1083 268 113 est prinse

1477 1184 268 95 la partie

1477 1258 265 113 poͬ tout.

1507 1671 229 116 Ioã.3.d

1483 1918 268 148 phili.2.c

1182 3020 297 115 est ce dict
