2211 3563
1109 217 517 135 De la grace

716 320 1390 161 est ce dict de lapostre. * Nous annõceons Iesu

707 436 1391 125 christ crucifie: leq̃l urayemẽt est scandale aux

698 513 1406 137 iuifz/ et folie aux gentilz. Mais aux iuifz et

701 599 1400 134 aux grecz qͥ sõt appellez noꝰ annõceõs Christ

695 685 1406 125 la uertu de dieu/ ⁊ la sapiẽce de dieu. Christ est

701 763 1400 136 il la uertu/ a ceulx a qui il est scandale: ou est

716 849 1382 136 il la sapience a ceulx a qui il est follie? Mais

728 926 1370 131 pour ce q̃ aucuns deulx seront iustifiez par la

722 1021 1376 128 foy/ et aucũs serõt endurcis par leur infideli¬

704 1095 1385 140 te: ung mesme gẽre des croyãs ⁊ de nõ croyãs

683 1183 1413 127 sont discernez soubz le nom de ceulx qui sont

667 1268 1425 135 appellez: affin q̃ ceulx quil signifioit estre se¬

665 1357 1425 123 parez de la foy/ cõbien qͥlz eussent ouy leuan¬

683 1435 1415 128 gile/ qͥl les demõstrast estrãgiers de la uocatiõ.

693 1522 1399 124 Par ceste reigle promet la parolle diuine par

710 1588 1373 143 Esaie/ disant: * Ie meneray les aueugles en

705 1680 1389 133 la uoye quilz nont pas cõgneu/ et marcherõt

703 1763 1383 133 les sentiers qͥlz ne scaiuent pas. Et leur feray

689 1850 1403 121 luyre les tenebres/ et les choses tortues estre

677 1931 1413 135 droictes. Ie feray ces parolles/ ⁊ ne les delais¬

661 2015 1425 132 seray pas. Et ce quil sensuyt: ascauoir/ mais

647 2106 1437 126 iceulx se sont tournez au ꝯtraire: ce doibt estre

645 2197 1433 116 refere a aucune partie de leur genre/ ⁊ non pas

657 2268 1413 131 a ceulx ausquelz il dit. Ie ne les delaisseray

671 2355 1409 123 pas. Dõcques en toutes ces parolles icy/ qui

701 2428 1379 137 sont dictes dung gẽre dhõmes: les p̃mieres cõ¬

698 2514 1376 137 uiẽnẽt aux ungz/ ⁊ les dernieres aux aultres.

710 2592 1367 151 * Aussi en lapostre/ ce qͥ est traicte dune partie

689 2681 1382 139 du peuple/ est recite soubz lappellatiõ de tout

695 2761 1367 127 le peuple: ⁊ es reliez est nommee la plenitude.

677 2841 1388 134 Car quãt il discutoit de laueuglissement des

659 2933 1403 154 iuifz: ⁊ qͥl mõstroit aucũs de eulx estre sauuez

436 430 259 110 1.corĩ.1.d

466 507 193 119 Iesu¬

430 611 250 95 christ cru

419 685 255 107 cifie est a

401 769 273 106 aucũs la

392 864 291 98 uertu de

389 941 315 104 dieu et a

395 1021 279 116 aucuns

401 1095 187 131 folie.

416 1573 282 134 esai.42.b

389 2393 264 133 En la¬

383 2514 294 101 postre la

377 2603 300 87 plenitu¬

374 2666 294 122 de est nõ

362 2758 303 98 mee aux

368 2838 273 95 demou¬

374 2933 175 101 rans.

1842 3052 224 109 par la
