2212 3563
327 127 1073 149 et du merite. Cha.ix.

71 270 1400 121 par la grace: ildit. * Ie dis dõcques: Dieu a il

75 366 1382 107 deboute sõ peuple? Ia naduiẽgne. * Car aussi

80 457 1370 92 ie suis Israelite de la semence de Abraã/ de la

83 525 1367 107 lignee de Bẽiamin. Dieu na pas deboute son

89 614 1361 104 peuple quil a cõgneu par auant. Parquoy le

89 694 1367 116 peuple precongneu/ le peuple qui nest pas de¬

83 771 1367 107 boute/ ce sõt ceulx qͥ sont iustifiez par Christ.

79 863 1382 100 Et ce qͥl semble estre dit de toꝰ ceulx de Israel/

77 948 1390 103 il est seullemẽt mõstre en ceulx que lelectiõ de

87 1033 863 109 la grace a delaisse pour soy.

314 1114 892 105 ¶ Ambroise/ au .u. Chapitre.

89 1196 1367 104 ¶ Mais uous estes le genre esleu/ la royale

86 1267 1379 134 p̃strise/ la gẽt saincte/ le peuple de acquisitiõ:

83 1359 1385 116 affin q̃ uous annõcez les uertus de celuy/ qui

89 1440 1379 112 uous a appelle des tenebres en sa lumiere ad¬

86 1532 1397 104 mirable: qͥ aultresfoys nestiez point le peuple

95 1618 1415 95 de dieu/ et maintenant estes le peuple de dieu:

98 1692 1409 110 desq̃lz aultresfois na pas eu de misericorde/ et

98 1769 1388 116 maintenãt leͬ faict misericorde. Ce dõcq̃s nest

93 1860 1388 113 pas dõne poͬ les merites des plus petis/ q̃ les

93 1947 1396 107 plus grans nont pas deseruy. Car la mesme

91 2030 1398 103 infidelite aussi accusoit les peres et les filz: le

95 2114 1400 106 mesme aueuglissemẽt dignorãce les plõgeoit

104 2199 1387 103 tous ensemble en mesmes erreurs. Mais poͬ¬

108 2284 1387 103 quoy dieu a eu pitie des ungz et non pas des

99 2365 1411 101 aultres/ q̃lle science le peult cõprendre/ ou q̃lle

110 2442 1412 107 sapience le peult enquester? La raison de ceste

112 2523 1412 111 discretiõ est mucee/ mais la discretion nest pas

114 2610 1402 99 mucee. Nous nẽtendõs point celuy qui iuge/

108 2696 1400 98 mais noꝰ uoyõs biẽ louurier ouurãt. Que ca¬

108 2775 1395 113 lomniõs noꝰ la secrete iustice/ noꝰ qͥ deuõs rẽ¬

116 2864 1383 121 dre grace a la misericorde manifestee? Louõs

1572 184 105 81 111

1489 276 274 118 Ro.11.a

1480 442 291 119 Paul is

1480 531 277 107 raelite ð

1480 617 271 104 la lignee

1480 700 265 104 de bẽia¬

1480 783 152 116 min.

1480 1172 271 113 1.Pe.2.b

1486 1264 265 104 Toꝰ les

1489 1345 274 109 urays fi

1489 1440 288 95 deles sõt

1498 1514 259 113 royalle

1525 1594 267 122 p̃strise et

1528 1692 223 101 sainctz.

1507 1760 211 122 Ps̈.23.

1184 2943 315 131 ⁊ hõnorõs
