2211 3563
719 310 1381 117 et hõnorons ce qͥ est faict: car il est bon de non

727 405 1378 107 scauoir ce qui est secret. Mais regarde a toute

723 488 1381 109 la multitude des petis enfãs: esq̃lz excepte le

713 574 1387 108 peche par leq̃l le genre hu main est naiz en dã-

701 650 1397 119 nation/ nulz menites passez ne a uenir ne peu

692 745 1403 107 uent estre iugez.? Car la redẽption du sang de

710 822 1385 101 Christ seroit de nulle ualleur: ⁊ la preroga¬

710 902 1385 107 tiue des oeuures dumaines ne se submettroit

722 982 1367 107 pas a la misericorde de dieu/ si la iustrfication

716 1068 1376 119 qui est faicte par la grace estoit deue aux meri

692 1160 1385 101 tes p̃cedens: Fellemẽt que ne seroit pos le don

671 1237 1407 103 du dõnãt mais seroit le loyer de louurier. Si

675 1326 1413 99 doncq̃s la grace a trouue aucũs des plus mau

685 1403 1399 109 uais en lissue de la uie lesq̃lz ede ueult adop¬

695 1484 1383 117 ter (cõme il soit toutesfoys q̃ aussi plusieurs

689 1577 1389 99 qͥ ne sont pas ueuz si mauuais sont priuez de

685 1654 1401 107 ce don) qͥ dira ceste chose estre faicte ou sans la

689 1735 1393 107 dispensation de dieu/ ou estre determinee sans

685 1819 1395 105 ꝓfonde equite? Ce ueritablemẽt qui nest pas

685 1904 1389 105 pourtãt iniuste/ pour ce qͥl est secret: mais pour

675 1985 1395 107 tant est il iuste/ pour ce q̃ sans doubte cest le iu

661 2068 1407 113 gemẽt de dier. Car ce qri depẽd de son arbitre:

651 2151 1417 109 il est incertain de q̃lle sentẽce il doibt estre iu¬

667 2236 1395 105 ge/ par auant q̃d Ioit iuge. Mois quãt la cho¬

677 2317 1389 107 se est uenue a sa fin il nest en la liberte de per¬

673 2399 1395 108 sõne de soy cõplaindre de la fin: car il est tres¬

665 2486 1399 103 certain q̃ dieu ne debuoit riẽs faire aultremẽt

668 2568 1391 101 quil en a faict.?Leq̃l a affirme la diuersite de

671 2648 1382 101 plusieurs uocations appartenir a une mesme

671 2737 1383 109 grace/ aussi par ceste reigle de la comparatiõ

668 2811 1379 113 euãgelicque/ Fpar laq̃lle il mõstre q̃ le pere de

662 2900 1379 128 famille loue en diuers tẽps les ouuriers pour

430 712 232 122 Nofes/

416 810 255 107 le sang

401 893 276 95 de christ

398 976 294 95 estre no¬

407 1062 297 101 stre redẽ¬

410 1137 208 124 ption.

1055 180 512 124 De la grace

374 2520 241 134 Notes

371 2645 178 104 bien.

368 2799 244 113 mat.20.

377 2883 255 121 Appelle

1759 2998 283 133 sa uigne
