2212 3563
273 136 1100 146 ⁊ du merite. Chaõ.44.

83 273 1412 142 sa uigne soubz la pactiõ du denier: par lequel

80 368 1391 115 est signisie la qualite de la uie eternelle: la ou

104 445 1367 122 sans doubte ceulx qͥ sont enuoyez a lheure de

101 543 1370 110 unzeheures en la uigne qͥ sont faictz esgaulx

104 623 1370 107 auyouuriers de toute la iournee/ signifiẽt la

102 710 1385 105 part de ceulx dequoy maintenãt noꝰ parlõs:

93 789 1388 115 lesq̃lz pour louer lexcellence de la grace/ la di

89 874 1386 107 uine indulgẽce les a nõbre en la fin du iour et

87 958 1390 108 en la cõclusion de la uie: non pas en payãt le

89 1036 1382 119 pris de leur labeur/ mais en respandãt les ri¬

91 1124 1382 111 chesses de sa bõte en ceulx quil a esleue sans

93 1209 1386 111 oeuures: tellemẽt aussi q̃ ceulx qͥ ont laboure

93 1290 1376 113 en grãd sueur ⁊ nẽ ont receu nõ plus q̃ les der

91 1373 1382 111 niers qͥlz entẽdent auoir receu le dõ de grace/

92 1460 1385 107 et non pas le loyer des oeuures.7 Dequoy si

95 1532 1403 112 noꝰ murmurons aussi cõtre le pere de fanrdle:

104 1624 1409 112 de ce q̃ ceuux? oit ues derriees opellez sont

112 1707 1407 119 faictz pareilz aux ouuriers de toute la ioͬnee.

107 1787 1385 110 ⁊ q̃ plusieurs oeuures ne desaruõ non pas ꝯ

98 1873 1379 107 celles qͥ ne somt cõme riens: il nous sera dit ce

100 1959 1383 109 q̃ a lung diceulx fut respõdu. Mon amy ie ne

100 2046 1391 107 te fais nulle iniure: nas tu pas conuenu auec

104 2125 1383 115 moy poͬ le denier? Prẽs ce qͥl tappartiẽt/ ⁊ ten

116 2213 1377 110 ua. Ie ueulx aussi dõner a ce dernier icy autãt

108 2298 1393 105 cõe a toy. Ne mappartiẽt il pas de faire de ma

104 2375 1404 117 chose ce q̃ ie ueudx. Ou ton oeil est mauuais/

114 2460 1412 113 pource qrre ie suis bon. Certainemẽt ceste lar¬

122 2537 1412 125 gesse sẽbloit tmiuste a ce calomniateur. Et q̃l

114 2622 1418 121 enseignemẽt en a ilraporte? quelle raison en a

107 2707 1394 113 il receu? La iustice de ceste dispensation ne

110 2788 1388 127 luy a pas este reuelee: et na pas este admis

112 2877 1389 133 pour regarder le secret muce: mais affin qͥl se

1513 261 282 124 Les ou¬

1489 365 339 107 ueriers/ ⁊

1489 439 303 119 leur rẽdz

1483 516 280 128 le salai¬

1492 626 71 92 re.

1570 170 139 91 N

1495 1018 220 134 Ro.2.a

1498 1404 184 136 Ie ne

1516 1520 172 110 fault

1525 1588 270 125 pas mur

1528 1683 261 104 murer cõ

1504 1766 250 113 He dieu.

1516 2698 267 110 Les iuge

1513 2785 276 106 mens de

1519 2880 264 106 dieu/ ne

1233 2967 272 97 abstenist
