2211 3563
1079 190 515 126 De la grace

701 299 1382 137 abstenist de discuter les iugemens de dieu/ la

707 406 1385 107 bõte du misericordieux luy a este myse au de¬

710 489 1373 113 uãt/ ⁊ la puissance du uueillant. Cõme sil luy

695 570 1385 115 estoit aussi dit de lapostre. * O toy hõme qͥ es

668 659 1421 110 tu pour respondre a dieu? La chose formee dit

651 748 1431 103 elle a celuy qͥ la forme: pourquoy mas tu faict

662 822 1418 119 ainsi? * Doncq̃s la cause de receuoir la grace

665 908 1412 101 a tous hõmes de quelque gẽre/ ⁊ de q̃lque con¬

692 988 1391 110 ditiõ ou eage q̃ ce soit/ cest la uolunte de dieu:

689 1080 1388 104 enuers laquelle la raison de lelectiõ est mucee

665 1166 1409 92 ⁊ leͬs merites cõmencẽt par ceste grace/ laq̃lle

644 1247 1427 106 ilz ont receu sans merite. Oue si les merites

639 1338 1437 91 pouuoiẽt estre bõs sans la grace/ on ne diroit

653 1407 1424 113 pas. * Se quelcun nest regenere par leaue ⁊ le

677 1500 1393 87 sainct esprit: il nentrera pas au royaulme des

686 1573 1373 104 cieulx. * Et si uous ne mẽgez la chair du filz

677 1672 1393 97 de lhõme/ ⁊ si uous ne beuuez son sang: uous

671 1747 1407 103 naurez point la uie en uous. Mais on diroit.

669 1830 1405 101 Se quelcun nest iuste ⁊ bon/ il ne pourra estre

661 1914 1407 103 biẽheureux eternellemẽt. Et ne fauldroit pas

645 1999 1425 105 estre regenere par leaue et lesprit/ sil suffisoit

635 2087 1436 92 estre enseigne ꝑ le cõmandemẽt. * Et seroit la

635 2155 1430 116 foy anichilee/ laq̃lle croit que tous pechez sõt

641 2250 1415 95 pardõnez par le baptesme: se la grace estoit en

659 2321 1403 116 seignee seullemẽt estre dõnee aux bõs ⁊ iustes/

662 2416 1400 101 et non pas aux mauuais ⁊ infideles. Et ainsi

671 2485 1388 118 le cõmencemẽt de uraye uie ⁊ de uraye iustice/

659 2579 1403 107 est situee au sacremẽt de regeneratiõ: tellemẽt

659 2662 1401 101 q̃ la ou lhõme est regenere: la aussi est cõmẽcee

653 2745 1397 107 la uerite de ces uertus. Et cõmencẽt a ꝓffiter

649 2832 1399 101 par foy a la gloire ꝑpetuelle/ ceulx qui a grãd

639 2919 1411 113 peine pouuoient paruenir au loyer tẽporel de

413 299 270 125 doyuent

407 400 273 107 pas estre

407 495 258 104 discutez

404 576 270 98 de nous.

404 659 237 107 Ro.9.d

374 813 261 122 La uo¬

362 908 279 113 lunte de

356 997 291 98 dieu est

353 1092 300 95 cause de

353 1169 238 89 toutes

344 1252 247 122 choses.

362 1404 262 119 Ioã.3.a

383 1549 258 190 Ioã.6.f.

350 2036 271 149 La gra¬

350 2158 268 95 ce est dõ¬

356 2244 262 101 nee aux

365 2345 265 80 mauua¬

362 2402 279 106 is ⁊ infi¬

368 2485 208 118 deles.

1753 3002 297 121 la uaine
