2212 3563
112 276 1407 145 la uaine lonenge.? Car soit le Iuif qͥ est en/t¬

121 371 1374 127 de sciẽce/ soit le grec qͥ est rẽply de lestude de la

139 451 1347 142 sapiẽcenaturelle/ auãt quil soit iustifie par la

142 537 1356 139 foy de Christ/ il est enclos soubz peche. Et sil

130 626 1377 119 demeure en son infelicite lire de dieu demeure

124 709 1392 125 sur luy: ascauoir celle qui est tiree en la preua¬

116 791 1387 125 rication de Adam. De laquelle dit lapostre.

142 866 1362 128 Uous esties autresfoys tenebres/ maintenãt

120 975 802 111 estes lumiere au seigneur.

350 1045 980 109 ¶ Du mesme/ au .ui. Chapitre.

124 1122 1398 123 ¶ Celuy qͥ uient du ciel est par dessus tous il

118 1207 1398 131 tesmoigne ce quil a ueu ⁊ ouy/ ⁊ nul ne receoit

121 1282 1392 143 sõ tesmoignage. Celuy qͥ receoit sõ tesmoigna

124 1377 1383 134 ge: il a signe/ q̃ dieu est ueritable.? Et tout hõ¬

121 1445 1395 149 me qͥ receoit son tesmoignage/ signe ceste cho¬

130 1529 1413 142 se/ ⁊ demonstre ceste chose/ assauoir q̃ pair la lu

136 1612 1421 145 miere iummãte  est Ioict uoyant/ il est faict

142 1695 1412 131 obediẽt/ ⁊ est faict intelligẽt: cõme Iehan leuã

142 1778 1389 148 geliste le tesmoigne/ di s ant.? Nou4 /canons q̃

133 1870 1383 131 tout le mondees t̃ constitue en mal: et scauons

130 1947 1389 140 que le filz de dieu est uenu/ ⁊ quil nous a dõne

134 2048 1386 123 le sens pour cõgnoistre le uray dieu/ ⁊ q̃ nous

154 2139 741 111 soyons en son uray filz.

372 2209 998 122 ¶ Du mesme/ au .uii. Chapitre.

154 2300 1378 122 ¶ Mais ceulx qͥ sont honteux de riens igno¬

142 2373 1406 127 rer ⁊ par occasion de ꝯbscurite tendẽt des lacz

146 2458 1414 121 de deceptiõ: ilz referent toute ua discretion par

154 2531 1410 137 laq̃lle dieu en esleit les ungz ⁊ ne esleit pas les

151 2618 1403 134 autres:? (car plusieurs sõt appellez/ ⁊ peu de

156 2705 1382 131 gẽs sõt esleuz) ilz le referẽt dis ie aux merifes

148 2776 1386 148 de lhumaine uolũte? en enseignãt ascauoir q̃

148 2877 1392 142 nul nest sauue poͬ neãt/ mais par retributiõ:

356 139 1029 157 ⁊ du mertte. Cha.4x.

1548 264 280 124 La iusti¬

1525 368 297 110 sication

1516 439 264 107 precede

1516 534 297 95 les bon¬

1525 623 276 86 nes oeu-

1528 700 154 95 ures.

1575 157 131 116 113

1522 843 255 142 ephe.5.b

1537 1252 243 128 Ioã.3.b

1531 1348 282 121 Noꝰ sõ¬

1540 1451 288 89 mes en¬

1566 1526 262 104 lu minez

1575 1609 259 110 par la lu

1575 1692 250 95 miere en

1551 1763 253 122 laminã

1546 1852 74 116 te.

1537 1932 234 164 1.Io.5.d

1566 2574 256 139 mat.20.b

1117 2957 431 127 P pource

1569 2761 259 113 nul nest

1560 2853 256 116 sauue ꝑ

1563 2942 247 119 retribu¬
