2211 3563
383 222 285 137 tiõ: mais

386 332 270 107 sommes

380 418 285 101 tous sau

380 507 282 113 uez pour

380 587 220 89 neant.

683 255 1376 136 pour ceq̃ naturelle mẽt est dõne a tous que silz

692 347 1370 122 ueullent ilz peuuẽt estre participãs de la ueri

686 427 1364 134 te: ⁊ q̃ la grace uiẽdra en abondance a ceulx qͥ

680 513 1382 134 la demanderõt. Laq̃lle diffinition (affin aussi

659 605 1400 113 q̃ on ne par le pas maintenãt de la uerite de la

643 692 1415 111 grace) semble q̃lle demõstre aucune petite rai¬

645 773 1409 111 son de ceulx qͥusent du frãc arbitre. Mais des

635 853 1419 114 petis enfans ausquelz sans q̃lque merite de bõ

645 936 1405 119 ne uolunte/ la cause est cõmune auec tous les

649 1019 1401 119 autres mortelz en la playe ouginale: on ne

639 1102 1399 121 peult amener q̃lque exposition/ par taq̃lle on

626 1191 1410 117 prrist enseigner/ pourquoy les ungz qͥ sont re¬

626 1272 1412 117 generez sont sauuez/ ⁊ les autres qͥ ne sont pas

645 1357 1397 107 regenerez sont dãnez / soubz la prouidence ⁊ la

651 1429 1395 126 totalle puissance de cestuy en la main duquel

657 1514 1373 121 est lame de tout uiuant ⁊ lesprit de toute chair

665 1585 1370 134 humaine: ⁊ auq̃l est dict.? Les iours de lhõme

663 1680 1369 123 sont briefz: le nõbre de ses iours est enuers toy.

668 1760 1367 131 Y Et ne cuide pas que ces patrõs de uoluntez

650 1837 1385 131 uueillent user tant impudẽtemẽt de leur sim¬

638 1918 1388 139 plesse/ tellement qͥlz disent ces choses aduenir

638 2013 1391 130 par aduẽture/ ou qͥlz affermẽt q̃ ceulx qui ne

633 2100 1401 118 sont pas regenerez ne soiẽt pas dat̃nez. Car ou

616 2181 1404 119 ilz seroient manifestemẽt cõuaincus de sentir

610 2266 1422 111 auec les payens de la destination fatale: ou

614 2343 1418 127 auec les Pelagiẽs nier q̃ le peche de Adã soit

615 2416 1414 140 respãdu aux posteres. Mais que les petis en¬

624 2511 1404 119 fans ne soiẽt pas baptisez par destination fa¬

624 2586 1399 133 tale/ les Pelagiẽs ne lont peu dire: mais pour

618 2680 1404 120 ce quilz ont eu la hardiesse de dire quilz sont

628 2765 1392 117 libres de peche meritoiremẽt ont deseruy destre

618 2846 1400 137 condãnez. Mais quãt la question est esmerte

1050 128 499 131 De la grace

362 1582 282 110 Iob.14.a

392 1757 252 98 Contre

350 1808 253 113 les pa¬

338 1900 277 110 trõs des

338 1989 271 119 uolũtez.

329 2562 253 134 Ro.5.c

332 2670 133 107 ⁊.d.

1842 2947 180 148 de la
