2212 3563
401 148 1133 142 et du merite. Chap̃.ix.

120 304 1394 109 de la differẽce ⁊ discretion de tous les hõmes/

132 395 1369 113 ⁊ q̃ les petis enfans ne peuuẽt estre separez de

132 475 1361 104 tous les hõmes/ ⁊ q̃ ensẽble des hõmes de tou

133 549 1365 116 te eage la uerite ay dit. * Le filz de lhõe est ue¬

124 632 1374 131 nu q̃rir ⁊ sauuer ce qͥ estoit perdu: ilz sefforcent

115 718 1383 113 en uain de manifester la profõdite inscrutable

110 807 1385 113 de la grace/ par le frãc arbitre: lesq̃lz cõstituẽt

106 896 1387 109 la cause de lelection aux merites de ceulx qui

116 979 1375 107 sont esleuz. Et cõe ilz ayent profere beaucoup

106 1066 1389 101 de choses de la uolunte ⁊ du iugemẽt des plus

110 1142 1379 112 grandz non cõuenables ⁊ faulses: toutesfoys

106 1225 1387 107 faillent ilz en la discretion des petis enfans: ⁊

100 1310 1385 111 ne se peuuẽt glorifier de la raison rẽdue de ce¬

100 1395 1391 109 ste question/ qui est traictee de tous les hõmes/

104 1474 1387 117 ⁊ nest pas expediee de tous. Mais la diuersite

102 1561 1401 111 ⁊ la grandeur de la grace prouue que ceulx

108 1642 1412 107 afferment aussi contre la uerite ce quilz ont

108 1722 1400 114 afferme des uoluntez des plus grans: et que

102 1809 1391 109 les tesmoignages des parolles diuines repu¬

97 1890 1388 111 gnent a leurs persuasions. Que si nous uou¬

97 1977 1384 107 lons toutes choses adiouster a nostre sermon/

93 2058 1394 105 il ny aura pas de mode en le declarant. Tou¬

97 2139 1384 117 tesfoys se elles uiennẽt a memoire/ elles ne se¬

95 2214 1382 128 ront pas laissees: affin quil soit manifeste suf

92 2307 1379 124 fisammẽt * q̃ tout le bon merite de lhõme/ des¬

89 2393 1400 112 puis le cõmencement de la foy/ iusques a la cõ

98 2476 1403 119 summation de la perseuerance/ est ung don et

98 2547 1406 128 une oeuure diuine. * Doncques la foy qui est

89 2633 1403 122 la mere de bonne uolunte/ et de iuste action:

83 2722 1388 119 de quelle fontaine icelle est produicte/ lapo¬

89 2796 1379 134 stre sainct Paul le expose/ lequel rend gra¬

86 2883 1379 145 ces a dieu pour la foy des Romains/ disant:

1637 178 133 116 114

1516 534 279 122 Luce.19.

1516 638 270 101 mat.18.b

1516 718 241 113 zach.8.c

1495 2188 279 127 tout me¬

1495 2295 226 98 rite de

1513 2369 244 110 lhõe est

1519 2464 202 98 don de

1522 2547 139 101 dieu.

1501 2624 217 125 La foy

1483 2713 280 110 est la me

1486 2793 244 104 re de la

1492 2888 196 107 bonne

1489 2975 226 104 oeuure.

665 2969 803 154 P .ii. * Premieremẽt
