2211 3563
994 176 495 126 De la grace

667 310 1365 111 * Premieremẽt en uerite ie rendz graces a mon

645 401 1385 101 dieu par Iesuchrist poͬ uous tous: pour ce q̃ uo

645 482 1389 109 stre foy est annõcee en tout le mõde. Pareille¬

635 564 1405 110 mẽt aux Thessaloniẽs qͥ seruoit en esprit de

630 653 1408 101 dieu ⁊ de charite dit. * Pourtãt aussi rendons

612 734 1430 109 nous graces a dieu sans cesser: pource q̃ la ou

620 817 1414 103 uous auez receu de nous la parolle de la uoix

624 904 1420 99 de dieu/ uous ne lauez point receu cõme la pa¬

633 983 1413 103 rolle des hõmes/ mais cõme la parolle de dieu

637 1066 1399 95 cõme aussi ueritablemẽt est: lequel oeuure en

628 1154 1406 100 uous qui auez creu. * Pouuoit il plus plaine

618 1229 1411 110 ment ⁊ plus euidemmẽt mõstrer q̃ la foy des

618 1312 1417 107 croyãs est le dõ de dieu: q̃ de ce q̃ graces estoiẽt

624 1407 1423 92 rendues a dieu/ a cause q̃ ceulx ausq̃lz la pa¬

645 1486 1407 91 rolle de dieu estoit annõcee par les hõmes/ nen

661 1563 1389 101 ont pas doubte/ cõe de la parolle des hõmes/

665 1646 1381 103 mais y ont creu cõme a dieu parlãt par les hõ

665 1730 1399 104 mes lequel a faict en eulx qͥlz creussent? Aussi

663 1813 1403 109 sainct Pierre lapostre annõceãt soy auoir la

659 1888 1394 119 foy de dieu/ escript ainsi. * Uous qui par luy

633 1977 1433 101 estes fideles en dieu ⁊c. Mais dequoy on a le¬

633 2062 1433 113 sprit de foy/ sainct Iehan lapostre lenseigne

638 2143 1421 110 tres manifestement/ disant: * Tout esprit qui

643 2230 1413 101 cõfesse que Ielus est uenu en chair/ est de dieu.

659 2301 1409 106 Et tout esprit qui diuise Iesus/ il nest pas de

671 2403 1405 97 dieu/ ⁊ cestuy est Antechrist. * Pareillemẽt dit

695 2473 1379 113 que leuãgile est receu de celuy auq̃l est lesprit

695 2556 1367 113 de uerite. Nous sõmes (dit il) de dieu: celuy qͥ

695 2642 1376 110 cõgnoit dieu/ il nous escoute: celuy qͥ nest pas

695 2722 1376 95 de dieu il ne noꝰ escoute pas. Aux Actes. * Et

692 2814 1379 95 la foy qui est par luy/ a dõne ceste entiere san¬

674 2888 1397 128 te en la presence de uous tous. * De Lydia

358 302 228 117 Ro.1.a

359 596 262 173 1.Thess.

360 736 111 103 2.c.

336 1138 248 95 La foy

329 1223 265 86 des cro¬

342 1310 252 95 yans est

338 1389 265 101 le don de

350 1470 178 93 dieu.

350 1867 300 143 1.Pet̃.1.e.

356 2125 259 107 1.Io.4.a

383 2476 288 107 Celuy re

377 2550 297 101 coit leuã

377 2636 300 116 gile/ qui

374 2713 300 101 a lesprit

374 2808 270 107 de dieu.

386 2888 255 107 Act̃.16.c

1713 2979 359 114 de laquelle
