2212 3563
178 347 1347 119 ¶ Mais par auenture aucun demãdera/ ⁊ di¬

169 439 1356 113 ra Se ce q̃ noꝰ auõs tire de noz parẽs est effa¬

160 525 1365 122 ce au baptesme: poͬquoy dõcques demeure en¬

148 605 1377 110 core la racine de cõcupiscẽce ⁊ cõe aucune ma

136 685 1389 116 cule de peche? Certainemẽt il nest pas doubte

142 769 1383 124 q̃ ceste loy ne noꝰ soit baillee de noz premiers

133 852 1392 107 parẽs. Car noꝰ sõmes tous engẽdrez en uolũ¬

130 947 1395 110 te pecheresse: pourtãt cõbien q̃ ce soit contre la

142 1024 1383 107 uolunte neãtmoins sentõs noꝰ aucũs mouue

134 1112 1374 109 mẽs illicites de cõcupiscence cõe bestes. Ie uoꝰ

134 1199 1384 109 ay souuẽt dit/ ⁊ ne le debuez pas oublier: que

132 1280 1384 111 nous sommes tous tõbez en la trãsgressiõ du

134 1361 1382 109 p̃mier hõme. Et sõmes tõbez sur le mõceau de

132 1446 1386 109 pierres/ ⁊ en la boue: dequoy ne sommes point

130 1530 1382 114 seullemẽt souillez: mais aussi naurez ⁊ grief¬

136 1603 1395 122 uement quassez.? Il est uray que noꝰ ꝯouons

145 1698 1386 104 bien tostefore uauez: mons u Iouit grande cu¬

146 1781 602 99 re pour estre grery.

193 1852 1317 122 ¶ Aug. des ꝑolles de lapostre au .iiii. sermõ.

124 1947 1389 116 ¶ Regardez doncques mes freres: regardez le

126 2026 1384 111 genre humain cõmẽt il est descẽdu de la p̃mie¬

115 2114 1395 100 re mort du premier hõme. Certainemẽt le pe

124 2185 1383 125 che est entre en ce mõde des le p̃mier hõme: ⁊ la

133 2277 1374 107 moit par le peche: ⁊ ainsi est passee en tous les

130 2357 1371 107 hõmes. Entendez cefte gorolle/ elle est passee/

124 2428 1395 116 cõsiderez ce q̃ uoꝰ auez oux: regordez q̃ cest: edle

128 2523 1396 111 est passee. De la est ce q̃ le petit enfãt est coul¬

134 2608 1367 103 pable: il na pas faict de peche: mais il la tire

140 2692 1361 112 Car aussi ce peche la nest pas demoure au pre

132 2779 1371 107 mier hõme: mais est passe oultre: nõ pas seul¬

124 2864 1369 109 lemẽt en lung ou en lautreͬ mais est passe en

122 2943 1377 121 tous les hõmes. Le p̃mier pecheur a engẽdre

419 190 1014 190 de Adam. Chap̃.ii.

1534 368 291 124 Apres le

1534 457 270 113 baptes¬

1534 546 285 98 me la ra

1534 626 240 98 cine de

1534 697 270 119 peche de

1537 804 258 95 meure en

1534 875 267 113 la chair.

1534 962 267 106 Gala.3.

1534 1039 166 107 b.c.d.

1663 277 53 83 I

1554 1612 253 119 Il est ne

1543 1719 234 107 cessaire

1518 1805 282 99 destre la

1531 1882 264 140 ue ⁊ gue

1522 1977 86 101 ry.

1528 2131 267 104 La mort

1519 2212 276 115 est descẽ¬

1522 2295 205 101 due de

1525 2381 202 101 peche.

1543 2455 214 122 Ro.5.d

668 3028 833 125 B .iii. des pecheurs
