2212 3563
170 326 1412 103 de laq̃lle le seigñr ouurit le cueur affin quelle

180 413 1376 101 entẽdistaux choses qͥ estoient dictes de Paul.

199 486 1341 116 4 Et dieu qͥ est riche en misericorde ⁊c. de la gra

184 579 1362 97 ce duq̃l nous sõmes sauuez. Car uoꝰ estes sau¬

170 667 1378 99 nez par grace/ par la foy: ⁊ ce non pas de uous

158 746 1394 93 mesmes. Cest ueritablement le don de dieu/ ⁊

158 829 1394 103 nõ point par les oeuures/ affin que nul ne se

170 914 1378 103 glorifie. Car nous sommes la chose formee de

168 999 1376 101 luy/ crees par Iesuchrist en bõnes oeuures/ les

168 1078 1382 107 quelles il a prepare affin q̃ nous cheminõs en

160 1155 1386 100 icelles.4 Parquoy la nouuelle creature a ce¬

160 1238 1386 104 la de propre par grace: q̃ ceulx qͥ sont la chose

163 1321 1388 110 formee de dieu/ qͥ sont creez par une celeste na¬

160 1407 1391 107 tiuite en Christ ne sõt pas oyseux/ ⁊ ne demeu

160 1502 1403 86 rẽt pas les bras croisez: mais uõt de uertu en

178 1581 1414 99 uertu en cheminãt par la uoye de uõnes oeu¬

182 1660 1416 95 ures: coe cest estre sorme/ cest estre faicte nou¬

186 1739 1398 105 uelle creature dune uieille/ cest estre resor/ e de

176 1825 1392 106 limage de lhõme teryen en Hmage de lhõme

166 1908 1398 105 celeste: ce quil cõmence du tout manifestement

168 1993 1394 103 par les cooperateͬs de la grace/ ou secretemẽt

168 2074 1394 109 par la subministratiõ de lesprit: ⁊ cestuy mes¬

166 2152 1388 104 me laugmente ⁊ parfaict: duquel nous sõmes

184 2235 1308 119 sa labeur son edification/ ⁊ sa chose formee.

455 2331 952 97 ¶ Du mesme/ au .ix. Chapitre.

176 2405 1414 110 ¶ Cõme iestime il es adondãment mõstre par

170 2488 1434 111 ces tesmoignages (combien q̃ autres enseigne

178 2571 1422 109 mẽs se pourroiẽt bien assẽbler) q̃ la foy par la

181 2651 1397 119 quede linfidele est iustifie nest dõnee sinon par

175 2746 1385 92 le don de dieu: ⁊ q̃lle est dõnee sans aucuns me

169 2823 1385 110 rites precedens/? mais pour ce est elle donnee

172 2915 1382 131 affin q uelle puist estre le commencement des

368 172 1038 154 ⁊ dumerite. Cha. ex.

1569 478 301 154 Eph.2.b

1659 192 118 137 115

1569 1137 265 124 Le pro¬

1569 1238 274 112 pre de la

1569 1321 280 104 nouuel¬

1569 1398 289 122 le creatu

1587 1508 89 92 re.

1572 2137 283 134 phili.2.b

1578 2244 280 113 1.corĩ.3.b

1608 2648 238 119 La foy

1581 2734 271 113 est le cõ¬

1578 2829 277 95 mẽcemẽt

1575 2912 277 107 des meri

1584 2992 113 116 tes.

984 2986 573 128 P .iii. merites:
