2211 3563
1032 184 507 122 De la grace

663 312 1389 113 merites: ⁊ quãt icelle est dõnee sans la deman¬

659 401 1409 109 der/ q̃ par les petitions dicelle tous les autres

649 482 1401 117 biens sen ensuiuent. Parquoy aussi en fault

633 570 1415 99 prẽdre aucuns tesmoignages entre plusieurs:

620 647 1424 113 lesq̃lz selon la diuersite des dons mõstrent la

612 732 1432 115 largesse de la grace. Dõcques q̃ ce soit de dieu

614 809 1426 115 q̃ lhõme eslise la uoye de dieu/ ⁊ quil se relie¬

624 894 1416 121 ue de son peche/ le pseaulme de Dauid le chã¬

624 975 1412 123 te/ disãt: * Les pas de lhõme serõt adressez par

630 1059 1402 122 le seigͬ ⁊ uouldra sa uoye. Quãt il sera cheu

616 1146 1400 118 il ne se blescera pas: car le seigñr met sa main

609 1226 1408 124 dessoubz. * Pareillemẽt au mesme est dit/ que

609 1315 1414 116 par dieu qͥ est le cõducteur/ on uiẽt a dieu/ * en¬

612 1401 1420 116 uoye ta lumiere ⁊ ta uerite: icelles mont con¬

618 1472 1405 128 duict ⁊ amene en ta saincte mõtaigne/ ⁊ en tes

632 1549 1379 125 tabernacles. Aussi est leut aux Prouerbes.

644 1633 1379 127 * Car le seigͬ dõne sapiẽce: ⁊ sciẽce ⁊ entẽdemẽt

635 1722 1391 112 est de sa face. Et au liure de sapience est dit de

627 1802 1402 113 la mesme oeuure de grace. * Certes aussi ce¬

612 1885 1411 128 stuy est le duc de sapiẽce/ ⁊ celuy qͥ amende les

598 1983 1420 113 saiges: cor nous ⁊ noz parolles sommes en ses

580 2062 1440 119 maĩs/ ⁊ aussi la sciẽce ⁊ les disciplines de tou¬

578 2145 1432 113 te sapiẽce ⁊ de toutes oeuures. Aussi de ꝯtinẽce

594 2212 1400 139 q̃lle soit a lhõe par le dõ de dieu. * Quant iay

608 2306 1410 114 sceu q̃ autremẽt ne puis estre ꝯtinẽt/ se dieu ne

610 2391 1402 112 le dõne/ ⁊ q̃ ce mesme estoit sapiẽce/ de scauoir

624 2464 1390 125 duq̃l estoit ce dõ. * Ung chascun a ung propre

627 2547 1387 125 dõ de dieu: lung ainsi/ ⁊ lautre ainsi. * En leuã

616 2640 1394 119 gile. Tous nentendẽt pas ceste parolle: mais

618 2722 1387 113 ceulx a qͥ est dõne de mõ pere. * La courõne de

606 2806 1396 123 sapiẽce est la crainte du seigñr: ⁊ lune ⁊ lautre

594 2880 1403 148 sõt les dõs de dieu. * Biẽheureux est celuy a

320 981 252 99 Ps̈.36.

380 1205 205 125 Dieu

309 1297 270 122 luy mes

309 1395 273 104 me nous

320 1475 250 101 meine a

335 1552 173 92 dieu.

326 1624 268 104 Ps̈.42.

323 1713 289 118 Prouer.

320 1802 131 95 2.b

312 1882 240 125 sap̃.7.c

317 2209 256 124 Sap̃.8.d

303 2464 297 95 1.corĩ.7.b

297 2550 306 101 matt.19.

297 2701 303 119 Eccl.1.e

309 2874 261 139 eccl.25.b

1767 2990 228 129 qui est
