<?xml version="1.0" encoding="UTF-8"?>
<alto xmlns:xsi="http://www.w3.org/2001/XMLSchema-instance"
      xmlns="http://www.loc.gov/standards/alto/ns-v4#"
      xsi:schemaLocation="http://www.loc.gov/standards/alto/ns-v4# http://www.loc.gov/standards/alto/v4/alto-4-2.xsd">
  <Description>
    <MeasurementUnit>pixel</MeasurementUnit>
    <sourceImageInformation>
      <fileName>232_fb314_default.jpg</fileName>
      <fileIdentifier>https://www.e-rara.ch/i3f/v20/4105967/full/full/0/default.jpg</fileIdentifier>
    </sourceImageInformation>
  </Description>
  <Tags>
    <OtherTag ID="BT8" LABEL="DamageZone" DESCRIPTION="block type DamageZone"/><OtherTag ID="BT10" LABEL="DropCapitalZone" DESCRIPTION="block type DropCapitalZone"/><OtherTag ID="BT11" LABEL="GraphicZone" DESCRIPTION="block type GraphicZone"/><OtherTag ID="BT12" LABEL="MainZone" DESCRIPTION="block type MainZone"/><OtherTag ID="BT13" LABEL="MarginTextZone" DESCRIPTION="block type MarginTextZone"/><OtherTag ID="BT15" LABEL="NumberingZone" DESCRIPTION="block type NumberingZone"/><OtherTag ID="BT17" LABEL="QuireMarksZone" DESCRIPTION="block type QuireMarksZone"/><OtherTag ID="BT18" LABEL="RunningTitleZone" DESCRIPTION="block type RunningTitleZone"/><OtherTag ID="BT20" LABEL="StampZone" DESCRIPTION="block type StampZone"/><OtherTag ID="BT21" LABEL="TableZone" DESCRIPTION="block type TableZone"/><OtherTag ID="BT22" LABEL="TitlePageZone" DESCRIPTION="block type TitlePageZone"/><OtherTag ID="BT132" LABEL="MarginTextZone:handwrittenAddition" DESCRIPTION="block type MarginTextZone:handwrittenAddition"/>
    <OtherTag ID="LT7" LABEL="CustomLine" DESCRIPTION="line type CustomLine"/><OtherTag ID="LT8" LABEL="DefaultLine" DESCRIPTION="line type DefaultLine"/><OtherTag ID="LT9" LABEL="DropCapitalLine" DESCRIPTION="line type DropCapitalLine"/><OtherTag ID="LT10" LABEL="HeadingLine" DESCRIPTION="line type HeadingLine"/><OtherTag ID="LT11" LABEL="InterlinearLine" DESCRIPTION="line type InterlinearLine"/><OtherTag ID="LT125" LABEL="default" DESCRIPTION="line type default"/>
  </Tags>
  <Layout>
    <Page WIDTH="2212"
          HEIGHT="3563"
          PHYSICAL_IMG_NR="232"
          ID="eSc_dummypage_">
      <PrintSpace HPOS="0"
                  VPOS="0"
                  WIDTH="2212"
                  HEIGHT="3563">
        <TextBlock HPOS="396"
                   VPOS="172"
                   WIDTH="1080"
                   HEIGHT="132"
                   ID="eSc_textblock_a6479113"
                   TAGREFS="BT18">
          <Shape><Polygon POINTS="396 172 396 304 1476 304 1476 172"/></Shape>
          <TextLine ID="eSc_line_b4c0b182"
                    TAGREFS="LT10"
                    BASELINE="409 265 1466 269" 
                    HPOS="404"
                    VPOS="148"
                    WIDTH="1061"
                    HEIGHT="157">
            <Shape><Polygon POINTS="404 285 502 302 505 305 853 305 853 302 859 302 874 285 1028 285 1049 302 1064 302 1085 285 1165 302 1284 285 1308 285 1370 302 1462 285 1465 267 1459 175 1403 181 1364 148 1123 148 1034 195 880 195 820 151 618 190 582 175 538 151 529 151 475 178 407 175 407 264"/></Shape>
	    <String CONTENT="et du merite. Cha.xi."
                    HPOS="404"
                    VPOS="148"
                    WIDTH="1061"
                    HEIGHT="157"></String>
          </TextLine>
        </TextBlock>
        <TextBlock HPOS="125"
                   VPOS="312"
                   WIDTH="1463"
                   HEIGHT="2700"
                   ID="eSc_textblock_6762b096"
                   TAGREFS="BT12">
          <Shape><Polygon POINTS="140 312 125 1332 125 1337 144 3012 1000 2985 1560 2988 1559 2711 1588 2506 1553 2419 1550 2215 1577 1692 1538 1363 1528 596 1560 312"/></Shape>
          <TextLine ID="eSc_line_7e546ef6"
                    TAGREFS="LT8"
                    BASELINE="152 389 1552 378" 
                    HPOS="150"
                    VPOS="304"
                    WIDTH="1402"
                    HEIGHT="113">
            <Shape><Polygon POINTS="1540 316 1512 304 1510 304 1508 304 1507 304 1477 318 1338 318 1324 306 1322 306 1320 306 1233 304 1231 304 1229 304 1227 304 1204 322 1103 322 1051 306 1049 306 1047 306 1045 306 1043 306 1043 308 1025 322 934 310 932 310 930 310 901 322 865 312 863 312 861 312 859 312 857 312 845 324 843 326 750 326 746 324 657 308 655 308 653 308 617 324 613 326 592 326 390 310 388 310 386 310 384 310 384 312 366 326 364 328 358 326 293 312 249 312 229 316 209 318 190 322 170 326 150 330 152 389 152 417 382 417 382 415 405 411 463 401 603 407 689 411 691 411 693 411 695 411 701 405 708 399 766 405 835 411 837 411 839 411 867 403 887 395 1192 395 1206 397 1281 407 1283 407 1431 395 1489 405 1491 405 1552 389 1552 378 1550 336 1540 316"/></Shape>
	    <String CONTENT="q̃ est dõne dauoir la crainte de dieu. Pareille¬"
                    HPOS="150"
                    VPOS="304"
                    WIDTH="1402"
                    HEIGHT="113"></String>
          </TextLine>
          <TextLine ID="eSc_line_73474ed9"
                    TAGREFS="LT8"
                    BASELINE="158 469 1538 461" 
                    HPOS="156"
                    VPOS="395"
                    WIDTH="1382"
                    HEIGHT="99">
            <Shape><Polygon POINTS="158 469 158 488 417 494 419 494 510 486 552 482 564 484 586 492 588 492 590 494 784 494 784 492 786 492 788 492 798 482 800 482 829 482 1025 488 1027 488 1170 479 1192 479 1209 479 1350 488 1352 488 1538 475 1538 461 1534 409 1449 395 1447 395 1378 407 1376 407 1374 407 1320 395 1318 395 1316 395 1314 395 1303 407 1301 407 1289 407 1120 397 1118 397 1116 397 1114 397 1105 407 1101 409 1005 405 871 401 869 401 867 401 857 405 845 411 833 405 821 399 819 399 647 399 645 399 643 399 631 405 619 409 602 403 584 399 582 399 580 399 542 403 475 413 439 403 431 401 429 401 340 401 338 401 336 401 334 401 332 403 320 413 156 403 158 469"/></Shape>
	    <String CONTENT="ment q̃ la conuersion du cueur a dieu/ soit de"
                    HPOS="156"
                    VPOS="395"
                    WIDTH="1382"
                    HEIGHT="99"
                    WC="0.9974034765492314"></String>
          </TextLine>
          <TextLine ID="eSc_line_f8144e9f"
                    TAGREFS="LT8"
                    BASELINE="164 552 1518 542" 
                    HPOS="162"
                    VPOS="475"
                    WIDTH="1356"
                    HEIGHT="106">
            <Shape><Polygon POINTS="164 552 164 568 388 581 390 581 392 581 415 570 495 579 497 579 499 579 528 568 633 568 659 579 661 579 663 579 665 579 667 579 685 568 809 577 811 577 813 577 837 566 962 577 964 577 1083 576 1085 576 1116 564 1235 576 1237 576 1239 576 1241 576 1241 574 1255 562 1307 574 1308 574 1429 562 1449 574 1451 574 1453 574 1455 574 1518 558 1518 542 1516 490 1473 475 1471 475 1469 475 1467 475 1429 486 1409 477 1407 477 1406 477 1404 477 1374 490 1287 490 1253 475 1251 475 1249 475 1247 475 1202 492 1069 492 1021 477 1019 477 1017 477 1015 477 972 492 726 479 724 479 722 479 720 479 695 494 568 481 566 481 564 481 562 481 546 492 530 481 528 481 526 481 465 481 463 481 390 482 388 482 386 482 370 494 356 484 356 482 354 482 352 482 350 482 279 496 176 482 174 482 172 482 170 482 170 484 168 484 162 490 164 552"/></Shape>
	    <String CONTENT="dieu: le seigñr le proteste par soy mesme ⁊ dit."
                    HPOS="162"
                    VPOS="475"
                    WIDTH="1356"
                    HEIGHT="106"
                    WC="0.992841083176282"></String>
          </TextLine>
          <TextLine ID="eSc_line_1f668081"
                    TAGREFS="LT8"
                    BASELINE="178 633 1520 625" 
                    HPOS="172"
                    VPOS="552"
                    WIDTH="1347"
                    HEIGHT="104">
            <Shape><Polygon POINTS="175 632 175 656 1516 650 1519 623 1513 567 1082 552 1079 552 1076 552 1025 567 1019 570 172 570 175 632"/></Shape>
	    <String CONTENT="* Et leur dõneray ung cueur affin qͥlz me cõ¬"
                    HPOS="172"
                    VPOS="552"
                    WIDTH="1347"
                    HEIGHT="104"></String>
          </TextLine>
          <TextLine ID="eSc_line_3137bf83"
                    TAGREFS="LT8"
                    BASELINE="160 720 1527 710" 
                    HPOS="154"
                    VPOS="635"
                    WIDTH="1371"
                    HEIGHT="119">
            <Shape><Polygon POINTS="157 718 157 754 1525 736 1525 709 1519 650 1108 635 1106 635 1103 635 1058 650 713 638 710 638 154 656 157 718"/></Shape>
	    <String CONTENT="gnoissent: car ie suis le seigñr/ ⁊ serõt mõ peu¬"
                    HPOS="154"
                    VPOS="635"
                    WIDTH="1371"
                    HEIGHT="119"
                    WC="0.9688299963107476"></String>
          </TextLine>
          <TextLine ID="eSc_line_76231130"
                    TAGREFS="LT8"
                    BASELINE="148 801 1525 789" 
                    HPOS="142"
                    VPOS="715"
                    WIDTH="1380"
                    HEIGHT="122">
            <Shape><Polygon POINTS="145 798 145 837 841 819 927 822 1079 831 1082 831 1174 819 1198 816 1236 816 1459 828 1462 828 1465 828 1522 810 1522 786 1513 715 1424 730 1320 718 1314 718 1311 718 1302 718 1165 733 1031 724 990 721 987 721 142 739 145 798"/></Shape>
	    <String CONTENT="ple/ ⁊ ie seray leur dieu/ car ilz se retourneront"
                    HPOS="142"
                    VPOS="715"
                    WIDTH="1380"
                    HEIGHT="122"
                    WC="0.9959278786182404"></String>
          </TextLine>
          <TextLine ID="eSc_line_261f6c14"
                    TAGREFS="LT8"
                    BASELINE="140 886 1520 872" 
                    HPOS="136"
                    VPOS="801"
                    WIDTH="1383"
                    HEIGHT="113">
            <Shape><Polygon POINTS="139 884 139 914 1519 890 1519 869 1510 801 136 825 139 884"/></Shape>
	    <String CONTENT="a moy de tout leur cueur. Pareillemẽt le mes¬"
                    HPOS="136"
                    VPOS="801"
                    WIDTH="1383"
                    HEIGHT="113"
                    WC="0.9990998104862545"></String>
          </TextLine>
          <TextLine ID="eSc_line_9192c016"
                    TAGREFS="LT8"
                    BASELINE="142 967 1516 957" 
                    HPOS="136"
                    VPOS="884"
                    WIDTH="1377"
                    HEIGHT="101">
            <Shape><Polygon POINTS="139 964 139 985 1513 982 1513 956 1507 899 1195 884 1192 884 1189 884 1186 884 1168 899 859 887 856 887 853 887 808 902 671 887 668 887 665 887 663 887 639 902 523 890 520 890 517 890 514 890 490 908 330 908 225 890 222 890 136 908 139 964"/></Shape>
	    <String CONTENT="me annõce que cest de dieu/ q̃ dieu est congneu/"
                    HPOS="136"
                    VPOS="884"
                    WIDTH="1377"
                    HEIGHT="101"
                    WC="0.9810345014747308"></String>
          </TextLine>
          <TextLine ID="eSc_line_ed538871"
                    TAGREFS="LT8"
                    BASELINE="146 1049 1520 1041" 
                    HPOS="142"
                    VPOS="979"
                    WIDTH="1377"
                    HEIGHT="98">
            <Shape><Polygon POINTS="145 1048 145 1077 1516 1062 1519 1039 1510 979 142 985 145 1048"/></Shape>
	    <String CONTENT="disant. * Et leur dõneray cueur poͬ me cõgnoi"
                    HPOS="142"
                    VPOS="979"
                    WIDTH="1377"
                    HEIGHT="98"></String>
          </TextLine>
          <TextLine ID="eSc_line_7a5c4efb"
                    TAGREFS="LT8"
                    BASELINE="150 1136 1528 1126" 
                    HPOS="148"
                    VPOS="1062"
                    WIDTH="1380"
                    HEIGHT="103">
            <Shape><Polygon POINTS="150 1136 152 1165 201 1154 338 1163 340 1163 427 1152 603 1161 605 1161 607 1161 641 1152 657 1161 659 1161 661 1161 663 1161 732 1152 760 1159 762 1159 764 1159 766 1159 768 1159 784 1150 922 1159 924 1159 996 1148 1249 1157 1251 1157 1253 1157 1255 1157 1271 1146 1524 1155 1528 1126 1520 1062 1489 1074 1322 1066 1251 1062 1249 1062 1178 1064 1176 1064 1174 1064 1170 1068 1158 1078 1083 1078 1069 1070 1057 1064 1055 1064 1053 1064 1013 1070 972 1078 944 1072 916 1066 914 1066 912 1066 910 1066 904 1072 897 1080 841 1080 835 1074 825 1066 823 1066 821 1066 819 1066 738 1076 697 1082 651 1082 645 1078 635 1068 633 1068 631 1068 629 1068 564 1078 552 1080 534 1080 443 1072 441 1072 439 1072 437 1072 423 1082 419 1082 400 1082 172 1070 170 1070 168 1070 166 1070 148 1080 150 1136"/></Shape>
	    <String CONTENT="stre ⁊ des aureilles pour escouter. Mais q̃ tou"
                    HPOS="148"
                    VPOS="1062"
                    WIDTH="1380"
                    HEIGHT="103"
                    WC="0.9954115748405457"></String>
          </TextLine>
          <TextLine ID="eSc_line_00b36a10"
                    TAGREFS="LT8"
                    BASELINE="142 1217 1528 1209" 
                    HPOS="140"
                    VPOS="1144"
                    WIDTH="1388"
                    HEIGHT="105">
            <Shape><Polygon POINTS="142 1217 144 1249 198 1235 263 1247 265 1247 324 1237 390 1247 392 1247 394 1247 396 1247 398 1247 413 1235 465 1243 467 1243 469 1243 489 1233 605 1245 607 1245 609 1245 611 1245 683 1233 736 1245 742 1245 744 1245 750 1245 804 1233 869 1243 871 1243 873 1243 875 1243 904 1231 1031 1243 1049 1243 1051 1243 1079 1241 1251 1229 1291 1239 1297 1241 1299 1241 1301 1241 1318 1239 1413 1229 1524 1237 1528 1209 1526 1157 1491 1144 1489 1144 1487 1144 1370 1157 1368 1157 1348 1144 1346 1144 1344 1144 1297 1144 1295 1144 1293 1144 1267 1155 1239 1144 1237 1144 1235 1144 1233 1144 1180 1159 1176 1159 1172 1159 1087 1146 1085 1146 1083 1146 1081 1146 1063 1159 1063 1161 823 1161 804 1148 802 1148 800 1148 798 1148 796 1148 794 1148 770 1161 770 1163 764 1163 718 1163 701 1150 699 1150 697 1150 534 1148 532 1148 530 1148 483 1163 421 1150 419 1150 417 1150 386 1163 338 1154 336 1154 334 1154 308 1163 229 1150 227 1150 225 1150 223 1150 203 1163 188 1152 186 1152 184 1152 182 1152 180 1152 140 1163 142 1217"/></Shape>
	    <String CONTENT="te bõne parolle/ ⁊ toute oeuure saincte soit la"
                    HPOS="140"
                    VPOS="1144"
                    WIDTH="1388"
                    HEIGHT="105"
                    WC="0.9874115896721681"></String>
          </TextLine>
          <TextLine ID="eSc_line_21b2eefd"
                    TAGREFS="LT8"
                    BASELINE="146 1302 1528 1292" 
                    HPOS="144"
                    VPOS="1223"
                    WIDTH="1384"
                    HEIGHT="109">
            <Shape><Polygon POINTS="146 1302 146 1332 215 1320 415 1328 475 1330 477 1330 479 1330 487 1326 506 1318 578 1326 625 1330 627 1330 629 1330 631 1330 637 1324 647 1316 714 1316 736 1322 752 1328 754 1328 756 1328 758 1328 782 1322 805 1316 843 1320 899 1328 901 1328 944 1320 952 1318 954 1318 968 1328 970 1328 972 1328 974 1328 1055 1318 1085 1314 1112 1316 1209 1326 1211 1326 1279 1314 1291 1312 1307 1312 1417 1324 1419 1324 1528 1308 1528 1292 1520 1223 1491 1235 1334 1225 1328 1225 1326 1225 1322 1225 1227 1237 1178 1225 1170 1225 1168 1225 1166 1225 1164 1225 1164 1227 1150 1239 1023 1239 1007 1227 1005 1227 1004 1227 1002 1227 1000 1227 998 1227 970 1239 928 1229 920 1227 918 1227 916 1227 914 1227 908 1229 871 1241 804 1241 790 1229 788 1227 786 1227 784 1227 782 1227 758 1231 689 1241 617 1231 594 1229 592 1229 572 1231 520 1241 475 1233 449 1229 447 1229 419 1233 366 1243 144 1237 146 1302"/></Shape>
	    <String CONTENT="subministration du sainct esprit/ sans lequel"
                    HPOS="144"
                    VPOS="1223"
                    WIDTH="1384"
                    HEIGHT="109"
                    WC="0.993471606572469"></String>
          </TextLine>
          <TextLine ID="eSc_line_09364f05"
                    TAGREFS="LT8"
                    BASELINE="138 1387 1524 1377" 
                    HPOS="136"
                    VPOS="1308"
                    WIDTH="1388"
                    HEIGHT="101">
            <Shape><Polygon POINTS="138 1387 138 1409 1522 1401 1524 1377 1518 1320 1411 1324 1368 1320 1253 1308 1251 1308 1249 1308 1247 1308 1231 1322 1223 1328 1110 1328 1103 1322 1091 1312 1089 1312 1087 1312 1035 1310 1033 1310 1031 1310 1029 1310 1009 1322 1004 1326 992 1322 956 1312 954 1312 952 1312 823 1322 752 1312 750 1312 651 1326 613 1330 602 1326 576 1316 574 1316 572 1316 570 1316 568 1316 552 1326 546 1330 538 1326 518 1318 516 1318 514 1318 459 1326 437 1330 431 1326 419 1316 417 1316 415 1316 368 1316 366 1316 364 1316 342 1328 334 1332 318 1328 277 1316 275 1316 273 1316 136 1328 138 1387"/></Shape>
	    <String CONTENT="riẽs nest droictemẽt faict: lapostre enseigne en"
                    HPOS="136"
                    VPOS="1308"
                    WIDTH="1388"
                    HEIGHT="101"
                    WC="0.9997096276283264"></String>
          </TextLine>
          <TextLine ID="eSc_line_6312660c"
                    TAGREFS="LT8"
                    BASELINE="140 1470 1520 1458" 
                    HPOS="138"
                    VPOS="1393"
                    WIDTH="1382"
                    HEIGHT="103">
            <Shape><Polygon POINTS="140 1470 140 1490 570 1496 572 1496 574 1496 576 1496 582 1490 588 1486 611 1490 637 1494 639 1494 641 1494 643 1494 647 1490 655 1484 718 1490 744 1492 746 1492 770 1490 845 1482 901 1490 920 1492 922 1492 936 1490 976 1482 990 1490 996 1492 998 1492 1000 1492 1013 1490 1061 1480 1192 1490 1209 1490 1211 1490 1213 1490 1217 1490 1249 1480 1368 1488 1370 1488 1372 1488 1392 1478 1516 1488 1520 1458 1518 1407 1475 1395 1473 1395 1471 1395 1425 1405 1382 1393 1380 1393 1378 1393 1376 1393 1326 1405 1293 1397 1291 1397 1289 1397 1287 1397 1285 1397 1271 1407 1099 1395 1097 1395 1095 1395 1039 1409 893 1397 891 1397 889 1397 887 1397 871 1409 685 1399 683 1399 681 1399 679 1399 663 1411 364 1403 362 1403 257 1415 160 1403 158 1403 156 1403 154 1403 138 1413 140 1470"/></Shape>
	    <String CONTENT="la premiere aux Corinthiens/ disant. Pour"
                    HPOS="138"
                    VPOS="1393"
                    WIDTH="1382"
                    HEIGHT="103"
                    WC="0.9889612604932088"></String>
          </TextLine>
          <TextLine ID="eSc_line_ba70e8b2"
                    TAGREFS="LT8"
                    BASELINE="138 1553 1538 1541" 
                    HPOS="136"
                    VPOS="1478"
                    WIDTH="1402"
                    HEIGHT="103">
            <Shape><Polygon POINTS="138 1553 138 1571 271 1581 273 1581 423 1571 459 1569 483 1571 566 1579 568 1579 570 1579 596 1571 605 1567 645 1569 730 1577 732 1579 837 1579 837 1577 839 1577 855 1569 863 1565 893 1569 940 1575 942 1575 1007 1569 1045 1565 1534 1565 1538 1541 1534 1492 1471 1478 1469 1478 1388 1490 1307 1478 1305 1478 1243 1494 1004 1494 944 1482 942 1482 887 1494 813 1484 811 1484 809 1484 807 1484 794 1496 776 1488 774 1488 772 1488 613 1498 603 1498 602 1498 584 1486 582 1486 580 1486 578 1486 576 1486 548 1498 544 1498 340 1488 338 1488 336 1488 312 1500 308 1500 166 1488 164 1488 162 1488 136 1498 138 1553"/></Shape>
	    <String CONTENT="ce uous donne a congnoistre: que nul ne dit/"
                    HPOS="136"
                    VPOS="1478"
                    WIDTH="1402"
                    HEIGHT="103"
                    WC="0.9999126250093634"></String>
          </TextLine>
          <TextLine ID="eSc_line_8595881d"
                    TAGREFS="LT8"
                    BASELINE="150 1637 1558 1625" 
                    HPOS="148"
                    VPOS="1559"
                    WIDTH="1410"
                    HEIGHT="105">
            <Shape><Polygon POINTS="150 1637 150 1654 342 1664 344 1664 346 1664 382 1654 392 1652 403 1654 429 1662 431 1662 433 1662 528 1654 566 1652 580 1654 615 1662 617 1662 689 1654 730 1650 766 1654 811 1660 813 1660 841 1654 869 1646 1180 1646 1204 1654 1211 1656 1213 1656 1215 1656 1231 1654 1265 1646 1275 1654 1277 1656 1279 1656 1281 1656 1283 1656 1285 1656 1297 1654 1332 1644 1356 1654 1358 1654 1360 1654 1362 1654 1558 1652 1558 1625 1554 1573 1467 1559 1465 1559 1463 1559 1435 1571 1404 1559 1402 1559 1400 1559 1320 1573 1158 1561 1156 1561 1154 1561 1152 1561 1136 1575 1073 1575 1059 1563 1057 1563 1055 1563 1053 1563 994 1575 718 1565 716 1565 661 1575 623 1565 621 1565 619 1565 550 1567 548 1567 546 1567 532 1579 275 1569 273 1569 271 1569 269 1569 251 1583 148 1583 150 1637"/></Shape>
	    <String CONTENT="parlant par lesprit de dieu/ Anathema Iesu/"
                    HPOS="148"
                    VPOS="1559"
                    WIDTH="1410"
                    HEIGHT="105"
                    WC="0.9995730255925378"></String>
          </TextLine>
          <TextLine ID="eSc_line_2188f3e5"
                    TAGREFS="LT8"
                    BASELINE="154 1718 1562 1704" 
                    HPOS="152"
                    VPOS="1638"
                    WIDTH="1410"
                    HEIGHT="107">
            <Shape><Polygon POINTS="154 1718 154 1745 358 1732 392 1741 394 1741 396 1741 398 1741 425 1732 540 1741 544 1741 546 1741 548 1741 550 1741 562 1730 576 1739 578 1739 580 1739 582 1739 809 1728 904 1737 908 1737 910 1737 916 1737 1033 1726 1560 1730 1562 1704 1558 1654 1437 1652 1419 1638 1417 1638 1415 1638 1413 1638 1411 1638 1364 1652 1358 1656 1293 1656 1289 1652 1271 1640 1269 1640 1267 1640 1265 1640 1263 1640 1221 1650 1180 1640 1178 1640 1176 1640 1174 1640 1172 1640 1158 1652 1152 1658 1009 1658 998 1652 978 1644 976 1644 974 1644 972 1644 970 1644 962 1652 956 1658 869 1658 861 1652 851 1644 849 1644 847 1644 758 1644 756 1644 754 1644 732 1652 714 1658 703 1652 691 1646 689 1646 687 1646 649 1652 607 1658 596 1652 584 1646 582 1646 580 1646 554 1652 526 1658 497 1652 479 1648 477 1648 475 1648 473 1648 469 1652 453 1660 400 1652 376 1648 374 1648 372 1648 370 1648 366 1652 342 1666 291 1666 269 1652 269 1650 267 1650 265 1650 263 1650 152 1650 154 1718"/></Shape>
	    <String CONTENT="Et nul ne peult dire/ dominus Iesus/ sinon"
                    HPOS="152"
                    VPOS="1638"
                    WIDTH="1410"
                    HEIGHT="107"></String>
          </TextLine>
          <TextLine ID="eSc_line_cf42b74f"
                    TAGREFS="LT8"
                    BASELINE="160 1801 1556 1787" 
                    HPOS="158"
                    VPOS="1722"
                    WIDTH="1398"
                    HEIGHT="108">
            <Shape><Polygon POINTS="160 1801 160 1819 348 1830 350 1830 352 1830 354 1830 354 1829 364 1821 419 1827 421 1827 475 1815 483 1815 489 1815 554 1829 556 1829 558 1829 560 1829 560 1827 570 1819 679 1827 681 1827 683 1827 685 1827 706 1813 708 1811 772 1811 774 1811 788 1823 788 1825 790 1825 792 1825 794 1827 833 1827 833 1825 948 1811 1069 1823 1071 1823 1073 1823 1075 1823 1093 1809 1188 1809 1209 1819 1211 1819 1213 1819 1215 1819 1239 1807 1350 1821 1352 1821 1427 1807 1512 1817 1514 1817 1516 1817 1556 1801 1556 1787 1550 1735 1180 1737 1166 1728 1164 1728 1162 1728 1160 1728 1158 1728 1122 1739 1120 1739 1085 1724 1083 1724 1081 1724 1027 1733 988 1722 986 1722 984 1722 982 1722 980 1722 960 1737 936 1726 934 1726 932 1726 930 1726 928 1726 906 1741 904 1743 857 1743 829 1743 790 1741 768 1724 766 1724 764 1724 762 1724 679 1735 659 1726 657 1726 655 1726 576 1735 560 1726 558 1726 556 1726 554 1726 501 1735 356 1728 354 1728 158 1749 160 1801"/></Shape>
	    <String CONTENT="au sainct esprit. Et y a diuisions de graces/"
                    HPOS="158"
                    VPOS="1722"
                    WIDTH="1398"
                    HEIGHT="108"
                    WC="0.9946555270089044"></String>
          </TextLine>
          <TextLine ID="eSc_line_6d47e847"
                    TAGREFS="LT8"
                    BASELINE="154 1884 1542 1874" 
                    HPOS="152"
                    VPOS="1805"
                    WIDTH="1390"
                    HEIGHT="107">
            <Shape><Polygon POINTS="154 1884 154 1906 372 1902 388 1904 423 1912 425 1912 427 1912 429 1912 439 1904 445 1900 508 1900 532 1904 580 1910 582 1910 639 1902 657 1900 665 1902 695 1910 697 1910 699 1910 701 1910 703 1910 714 1902 720 1898 798 1898 831 1900 928 1908 930 1908 1021 1898 1047 1896 1087 1898 1261 1906 1263 1906 1376 1894 1388 1894 1398 1894 1505 1904 1507 1904 1508 1904 1542 1892 1542 1874 1534 1805 1505 1819 1388 1807 1356 1805 1354 1805 1352 1805 1350 1805 1350 1807 1348 1809 1334 1819 1204 1811 1132 1807 1130 1807 1128 1807 1114 1813 1093 1823 1029 1823 1009 1815 990 1807 988 1807 986 1807 984 1807 982 1807 970 1815 966 1817 948 1815 883 1809 881 1809 827 1817 794 1823 786 1819 768 1809 766 1809 714 1809 712 1809 710 1809 708 1809 695 1821 687 1827 542 1827 536 1823 520 1811 518 1811 516 1811 443 1811 441 1811 439 1811 437 1811 417 1825 413 1829 354 1829 352 1827 322 1813 320 1813 318 1813 152 1829 154 1884"/></Shape>
	    <String CONTENT="mais cest ung mesme esprit ⁊c. Et ung seul et"
                    HPOS="152"
                    VPOS="1805"
                    WIDTH="1390"
                    HEIGHT="107"></String>
          </TextLine>
          <TextLine ID="eSc_line_90e5cf89"
                    TAGREFS="LT8"
                    BASELINE="144 1969 1534 1957" 
                    HPOS="142"
                    VPOS="1888"
                    WIDTH="1392"
                    HEIGHT="105">
            <Shape><Polygon POINTS="144 1969 144 1993 1532 1979 1534 1957 1530 1894 1390 1888 1388 1888 1322 1896 1269 1902 1261 1896 1251 1890 1249 1890 1247 1890 1245 1890 1243 1890 1217 1898 1198 1902 1180 1898 1152 1890 1150 1890 1148 1890 1146 1890 1144 1890 1132 1898 1124 1902 1108 1898 1075 1890 1073 1890 1071 1890 1069 1890 1067 1890 1067 1892 1057 1900 1051 1906 869 1906 853 1902 813 1894 811 1894 768 1902 750 1906 724 1904 643 1894 641 1894 576 1906 556 1908 528 1906 419 1896 417 1896 415 1896 378 1908 370 1910 352 1908 273 1898 271 1898 269 1898 243 1910 241 1912 142 1912 144 1969"/></Shape>
	    <String CONTENT="mesme esprit faict toutes ces choses diuisãt a"
                    HPOS="142"
                    VPOS="1888"
                    WIDTH="1392"
                    HEIGHT="105"
                    WC="0.9897332001239696"></String>
          </TextLine>
          <TextLine ID="eSc_line_437856f0"
                    TAGREFS="LT8"
                    BASELINE="148 2052 1530 2042" 
                    HPOS="146"
                    VPOS="1981"
                    WIDTH="1384"
                    HEIGHT="103">
            <Shape><Polygon POINTS="148 2052 148 2070 200 2068 205 2070 225 2082 227 2082 229 2084 360 2084 360 2082 362 2082 364 2082 376 2072 421 2082 423 2082 425 2082 465 2070 483 2066 501 2070 530 2080 532 2080 534 2080 637 2070 718 2064 734 2070 750 2078 752 2078 754 2078 756 2078 758 2078 766 2070 770 2066 782 2070 802 2078 804 2078 805 2078 807 2078 809 2078 809 2076 817 2070 825 2062 1002 2062 1025 2070 1037 2076 1039 2076 1041 2076 1069 2070 1097 2066 1150 2070 1168 2072 1170 2072 1172 2072 1174 2072 1174 2070 1184 2062 1215 2070 1235 2076 1237 2076 1239 2076 1293 2070 1400 2060 1437 2070 1447 2074 1449 2074 1451 2074 1528 2070 1530 2042 1524 1981 146 1987 148 2052"/></Shape>
	    <String CONTENT="ung chascun selõ ce qͥl ueult ⁊c. Il en y a aussi"
                    HPOS="146"
                    VPOS="1981"
                    WIDTH="1384"
                    HEIGHT="103"
                    WC="0.9882009160518647"></String>
          </TextLine>
          <TextLine ID="eSc_line_1ac08cfe"
                    TAGREFS="LT8"
                    BASELINE="146 2137 1532 2121" 
                    HPOS="144"
                    VPOS="2062"
                    WIDTH="1388"
                    HEIGHT="99">
            <Shape><Polygon POINTS="146 2137 146 2161 528 2151 572 2155 611 2159 613 2159 639 2155 667 2149 697 2153 736 2159 738 2159 800 2151 841 2147 881 2151 952 2157 954 2157 1023 2149 1051 2145 1057 2147 1071 2155 1073 2155 1075 2155 1308 2145 1348 2153 1350 2153 1530 2139 1532 2121 1526 2070 1279 2072 1265 2070 1239 2062 1237 2062 1235 2062 1184 2070 1148 2074 1124 2070 1091 2062 1089 2062 1039 2070 990 2076 966 2070 942 2062 940 2062 938 2062 936 2062 922 2070 908 2076 879 2070 847 2062 845 2062 758 2064 756 2064 754 2064 754 2066 750 2070 738 2078 689 2070 679 2068 677 2068 665 2070 600 2080 572 2070 564 2066 562 2066 560 2066 526 2070 405 2082 380 2070 378 2068 376 2068 320 2068 318 2068 310 2070 251 2084 233 2070 231 2070 229 2070 144 2070 146 2137"/></Shape>
	    <String CONTENT="plusieurs autres en lordre des escriptures ca¬"
                    HPOS="144"
                    VPOS="2062"
                    WIDTH="1388"
                    HEIGHT="99"
                    WC="0.996502574371255"></String>
          </TextLine>
          <TextLine ID="eSc_line_e77fad2b"
                    TAGREFS="LT8"
                    BASELINE="148 2218 1526 2209" 
                    HPOS="146"
                    VPOS="2145"
                    WIDTH="1380"
                    HEIGHT="103">
            <Shape><Polygon POINTS="148 2218 148 2234 178 2248 180 2248 182 2248 273 2234 277 2234 279 2234 370 2248 372 2248 374 2248 376 2248 376 2246 390 2234 421 2244 423 2244 425 2244 427 2244 429 2244 441 2232 443 2232 459 2232 625 2246 627 2246 732 2232 746 2230 758 2232 837 2244 839 2244 912 2230 918 2230 934 2230 1116 2242 1118 2242 1120 2242 1122 2242 1138 2230 1140 2226 1257 2226 1275 2228 1344 2240 1346 2240 1348 2240 1378 2228 1406 2240 1407 2240 1409 2240 1524 2226 1526 2209 1522 2157 1295 2145 1293 2145 1291 2145 1245 2157 1075 2147 1073 2147 1071 2147 1069 2147 1051 2157 875 2149 873 2149 817 2159 786 2149 784 2149 782 2149 780 2149 754 2159 699 2149 697 2149 695 2149 667 2161 475 2151 473 2151 413 2165 259 2165 207 2153 205 2153 146 2165 148 2218"/></Shape>
	    <String CONTENT="nonicques lesquelles nous passõs oultre par"
                    HPOS="146"
                    VPOS="2145"
                    WIDTH="1380"
                    HEIGHT="103"
                    WC="0.9898619827899066"></String>
          </TextLine>
          <TextLine ID="eSc_line_4fd65597"
                    TAGREFS="LT8"
                    BASELINE="158 2302 1307 2294" 
                    HPOS="156"
                    VPOS="2226"
                    WIDTH="1151"
                    HEIGHT="107">
            <Shape><Polygon POINTS="158 2302 158 2333 320 2333 320 2331 322 2331 328 2329 350 2317 370 2327 378 2331 380 2331 382 2331 413 2327 487 2315 566 2315 576 2323 584 2329 586 2329 588 2329 590 2329 621 2323 653 2315 728 2319 804 2325 805 2325 807 2325 809 2325 817 2319 827 2313 988 2313 992 2315 1011 2327 1013 2327 1015 2327 1017 2327 1019 2327 1021 2327 1021 2325 1035 2313 1039 2311 1071 2313 1233 2325 1235 2325 1307 2308 1307 2294 1303 2244 1215 2228 1213 2228 1211 2228 1209 2228 1192 2244 1158 2244 1120 2226 1118 2226 1116 2226 1114 2226 1112 2226 1095 2240 1055 2230 1053 2230 1051 2230 1049 2230 1005 2244 1000 2246 932 2246 930 2244 916 2230 916 2228 914 2228 912 2228 910 2228 908 2228 871 2244 867 2246 786 2246 784 2244 764 2228 762 2228 760 2228 758 2228 681 2238 627 2230 625 2230 623 2230 621 2230 607 2240 568 2230 566 2230 564 2230 562 2230 560 2230 560 2232 548 2244 546 2244 544 2244 493 2230 491 2230 489 2230 487 2230 439 2244 419 2248 400 2244 378 2238 376 2238 374 2238 332 2244 293 2248 283 2244 261 2232 259 2232 257 2232 255 2232 253 2232 235 2244 223 2232 221 2232 219 2232 217 2232 156 2242 158 2302"/></Shape>
	    <String CONTENT="ce que contendons de euiter prolixite."
                    HPOS="156"
                    VPOS="2226"
                    WIDTH="1151"
                    HEIGHT="107"
                    WC="0.9957331607216283"></String>
          </TextLine>
          <TextLine ID="eSc_line_827a7be3"
                    TAGREFS="LT10"
                    BASELINE="291 2387 1433 2375" 
                    HPOS="289"
                    VPOS="2304"
                    WIDTH="1144"
                    HEIGHT="108">
            <Shape><Polygon POINTS="291 2401 421 2412 423 2412 477 2401 481 2401 493 2410 495 2410 497 2410 499 2410 501 2410 534 2401 538 2401 548 2401 659 2410 661 2410 663 2410 687 2401 693 2399 1433 2399 1433 2375 1427 2310 1122 2319 1105 2313 1079 2304 1077 2304 1075 2304 1007 2315 998 2315 994 2315 964 2306 962 2306 960 2306 958 2306 956 2306 956 2308 946 2315 938 2321 906 2315 865 2310 863 2310 861 2310 859 2310 859 2311 857 2311 853 2317 847 2325 776 2325 754 2317 712 2308 710 2308 708 2308 706 2308 704 2308 687 2319 683 2321 679 2319 659 2310 657 2310 655 2310 607 2319 602 2321 600 2319 578 2310 576 2310 493 2310 491 2310 489 2310 487 2310 473 2321 465 2327 425 2323 328 2311 326 2311 324 2311 289 2323 291 2387"/></Shape>
	    <String CONTENT="¶ Du second liure de la uocation des"
                    HPOS="289"
                    VPOS="2304"
                    WIDTH="1144"
                    HEIGHT="108"
                    WC="0.9991594337754779"></String>
          </TextLine>
          <TextLine ID="eSc_line_02521c8e"
                    TAGREFS="LT10"
                    BASELINE="522 2462 1257 2456" 
                    HPOS="520"
                    VPOS="2391"
                    WIDTH="737"
                    HEIGHT="99">
            <Shape><Polygon POINTS="522 2490 586 2480 750 2488 752 2488 754 2488 756 2488 768 2478 1253 2484 1257 2456 1253 2408 1178 2408 1156 2391 1154 2391 1152 2391 1150 2391 1148 2391 1108 2408 1035 2408 1013 2391 1011 2391 1009 2391 1007 2391 1005 2391 1004 2391 986 2401 772 2399 770 2399 768 2399 766 2399 756 2408 754 2410 746 2408 710 2395 708 2395 706 2395 520 2407 522 2462"/></Shape>
	    <String CONTENT="gentilz/ au .ii. Chapitre."
                    HPOS="520"
                    VPOS="2391"
                    WIDTH="737"
                    HEIGHT="99"></String>
          </TextLine>
          <TextLine ID="eSc_line_bf00fa35"
                    TAGREFS="LT8"
                    BASELINE="156 2557 746 2539 1578 2533" 
                    HPOS="154"
                    VPOS="2460"
                    WIDTH="1424"
                    HEIGHT="119">
            <Shape><Polygon POINTS="1560 2476 1540 2466 1528 2460 1475 2476 1469 2476 1467 2476 1445 2460 1443 2460 1441 2460 1384 2460 1382 2460 1380 2460 1348 2478 1346 2478 1338 2478 1279 2468 1277 2468 1275 2468 1273 2468 1261 2478 1259 2478 1253 2478 1095 2472 1093 2472 1091 2472 1089 2472 1079 2482 1077 2484 992 2484 992 2482 954 2466 952 2466 950 2466 821 2486 811 2486 807 2486 764 2470 762 2470 760 2470 758 2470 756 2470 738 2482 685 2470 683 2470 607 2488 605 2488 520 2474 518 2474 516 2474 485 2486 425 2474 423 2474 421 2474 400 2486 386 2476 384 2476 382 2476 380 2476 320 2486 289 2476 287 2476 285 2476 192 2478 190 2478 154 2492 156 2557 156 2569 285 2579 287 2579 289 2579 326 2569 334 2567 348 2569 417 2577 419 2577 475 2567 489 2565 501 2567 550 2575 552 2575 554 2575 590 2565 603 2563 619 2565 663 2573 665 2573 667 2573 695 2565 710 2561 774 2563 873 2569 875 2569 916 2563 952 2557 974 2561 994 2567 996 2567 998 2567 1057 2561 1116 2555 1130 2561 1140 2565 1142 2565 1144 2565 1178 2559 1221 2553 1247 2559 1261 2563 1263 2563 1265 2563 1578 2555 1578 2533 1576 2486 1560 2476"/></Shape>
	    <String CONTENT="¶ Cõbien ueritablement que la mesme uerite"
                    HPOS="154"
                    VPOS="2460"
                    WIDTH="1424"
                    HEIGHT="119"
                    WC="0.9981413289558055"></String>
          </TextLine>
          <TextLine ID="eSc_line_896ff31f"
                    TAGREFS="LT8"
                    BASELINE="166 2636 1578 2616" 
                    HPOS="164"
                    VPOS="2549"
                    WIDTH="1414"
                    HEIGHT="113">
            <Shape><Polygon POINTS="166 2636 166 2660 312 2650 328 2658 336 2662 338 2662 340 2662 342 2662 362 2658 392 2650 407 2656 423 2662 425 2662 427 2662 429 2662 451 2656 465 2652 477 2654 499 2660 501 2660 502 2660 504 2660 530 2654 554 2648 568 2652 584 2660 586 2660 588 2660 590 2660 592 2660 592 2658 598 2652 605 2646 643 2652 691 2658 693 2658 695 2658 714 2650 730 2644 800 2648 887 2654 889 2654 891 2654 893 2654 904 2646 912 2642 932 2646 972 2654 974 2654 976 2654 1002 2644 1013 2640 1087 2642 1253 2650 1255 2650 1324 2638 1340 2636 1354 2638 1433 2648 1435 2648 1576 2632 1578 2616 1572 2555 1372 2563 1346 2555 1322 2549 1320 2549 1318 2549 1316 2549 1299 2557 1283 2563 1217 2557 1152 2551 1150 2551 1148 2551 1134 2557 1114 2567 1065 2559 1033 2553 1031 2553 968 2555 966 2555 964 2555 958 2559 942 2569 847 2561 805 2557 804 2557 802 2557 800 2557 796 2561 780 2571 762 2561 760 2561 758 2561 748 2561 584 2577 506 2577 473 2563 465 2561 463 2561 461 2561 459 2561 451 2563 409 2577 164 2567 166 2636"/></Shape>
	    <String CONTENT="soit annõcee/ ⁊ que la mesme exhortation soit"
                    HPOS="164"
                    VPOS="2549"
                    WIDTH="1414"
                    HEIGHT="113"
                    WC="0.979834962150325"></String>
          </TextLine>
          <TextLine ID="eSc_line_cb567afe"
                    TAGREFS="LT8"
                    BASELINE="162 2713 1568 2699" 
                    HPOS="160"
                    VPOS="2636"
                    WIDTH="1408"
                    HEIGHT="103">
            <Shape><Polygon POINTS="162 2713 162 2729 320 2739 322 2739 554 2729 655 2725 770 2729 924 2733 926 2733 928 2733 950 2727 980 2721 1097 2721 1108 2727 1112 2731 1114 2731 1116 2731 1118 2731 1152 2727 1217 2719 1255 2727 1269 2729 1271 2729 1303 2727 1409 2717 1564 2725 1568 2699 1562 2640 1459 2648 1437 2642 1423 2636 1421 2636 1419 2636 1417 2636 1415 2636 1409 2642 1402 2650 1330 2650 1308 2644 1291 2638 1289 2638 1287 2638 1285 2638 1273 2644 1259 2652 1162 2652 1124 2646 1085 2640 1083 2640 1039 2648 1013 2652 1002 2648 978 2640 976 2640 974 2640 920 2650 903 2652 883 2650 809 2642 807 2642 805 2642 772 2652 758 2656 744 2652 710 2644 708 2644 706 2644 621 2654 603 2656 590 2656 499 2646 497 2646 495 2646 493 2646 479 2658 475 2658 459 2658 342 2648 340 2648 287 2660 283 2660 279 2660 180 2648 178 2648 176 2648 174 2648 160 2656 162 2713"/></Shape>
	    <String CONTENT="donnee par les ministres de la parolle ⁊ de la"
                    HPOS="160"
                    VPOS="2636"
                    WIDTH="1408"
                    HEIGHT="103"
                    WC="0.9923166218011276"></String>
          </TextLine>
          <TextLine ID="eSc_line_af51fe5e"
                    TAGREFS="LT8"
                    BASELINE="158 2802 1552 2786" 
                    HPOS="154"
                    VPOS="2713"
                    WIDTH="1397"
                    HEIGHT="122">
            <Shape><Polygon POINTS="157 2799 157 2835 1548 2811 1551 2785 1546 2725 990 2713 987 2713 984 2713 945 2728 722 2716 719 2716 716 2716 713 2716 695 2731 190 2722 187 2722 184 2722 154 2734 157 2799"/></Shape>
	    <String CONTENT="grace de dieu * toutesfoys cest le labouraige de"
                    HPOS="154"
                    VPOS="2713"
                    WIDTH="1397"
                    HEIGHT="122"></String>
          </TextLine>
          <TextLine ID="eSc_line_d9ddc222"
                    TAGREFS="LT8"
                    BASELINE="154 2882 1552 2869" 
                    HPOS="148"
                    VPOS="2793"
                    WIDTH="1403"
                    HEIGHT="113">
            <Shape><Polygon POINTS="151 2880 151 2906 1551 2888 1551 2868 1546 2808 1195 2793 1192 2793 924 2811 918 2811 915 2811 844 2796 841 2796 838 2796 835 2796 814 2814 808 2814 773 2814 502 2799 499 2799 148 2817 151 2880"/></Shape>
	    <String CONTENT="dieu: cest ledificatiõ de dieu/ duq̃l la uertu be¬"
                    HPOS="148"
                    VPOS="2793"
                    WIDTH="1403"
                    HEIGHT="113"></String>
          </TextLine>
          <TextLine ID="eSc_line_2878f482"
                    TAGREFS="LT8"
                    BASELINE="166 2973 1552 2953" 
                    HPOS="160"
                    VPOS="2874"
                    WIDTH="1391"
                    HEIGHT="130">
            <Shape><Polygon POINTS="163 2972 163 3004 1551 2984 1551 2951 1548 2891 1483 2874 1480 2874 1477 2874 1358 2891 1343 2894 160 2894 163 2972"/></Shape>
	    <String CONTENT="sõgne inuisiblemẽt q̃ ce proffite par accroisse¬"
                    HPOS="160"
                    VPOS="2874"
                    WIDTH="1391"
                    HEIGHT="130"
                    WC="0.9986880350112916"></String>
          </TextLine>
        </TextBlock>
        <TextBlock HPOS="1624"
                   VPOS="180"
                   WIDTH="136"
                   HEIGHT="108"
                   ID="eSc_textblock_248daa34"
                   TAGREFS="BT15">
          <Shape><Polygon POINTS="1624 180 1624 288 1760 288 1760 180"/></Shape>
          <TextLine ID="eSc_line_e1dd5aa6"
                    TAGREFS="LT8"
                    BASELINE="1631 267 1756 261" 
                    HPOS="1627"
                    VPOS="186"
                    WIDTH="129"
                    HEIGHT="99">
            <Shape><Polygon POINTS="1744 188 1738 186 1627 190 1627 192 1631 267 1631 285 1756 275 1756 261 1748 192 1744 188"/></Shape>
	    <String CONTENT="116"
                    HPOS="1627"
                    VPOS="186"
                    WIDTH="129"
                    HEIGHT="99"
                    WC="0.9999994039535522"></String>
          </TextLine>
        </TextBlock>
        <TextBlock HPOS="1527"
                   VPOS="571"
                   WIDTH="323"
                   HEIGHT="496"
                   ID="eSc_textblock_aad928e8"
                   TAGREFS="BT13">
          <Shape><Polygon POINTS="1527 571 1529 1067 1821 1063 1820 1001 1730 970 1728 828 1814 809 1850 589 1821 571"/></Shape>
          <TextLine ID="eSc_line_947266a5"
                    TAGREFS="LT8"
                    BASELINE="1541 625 1835 623" 
                    HPOS="1537"
                    VPOS="537"
                    WIDTH="297"
                    HEIGHT="122">
            <Shape><Polygon POINTS="1540 623 1540 659 1834 644 1834 620 1825 561 1691 567 1676 552 1661 540 1661 537 1659 537 1656 537 1653 537 1537 546 1540 623"/></Shape>
	    <String CONTENT="hier̃.24.c"
                    HPOS="1537"
                    VPOS="537"
                    WIDTH="297"
                    HEIGHT="122"
                    WC="0.9966022968292236"></String>
          </TextLine>
          <TextLine ID="eSc_line_e22fffba"
                    TAGREFS="LT8"
                    BASELINE="1577 710 1819 708" 
                    HPOS="1572"
                    VPOS="632"
                    WIDTH="244"
                    HEIGHT="104">
            <Shape><Polygon POINTS="1575 709 1575 736 1816 733 1816 706 1813 650 1745 632 1742 632 1739 632 1572 641 1575 709"/></Shape>
	    <String CONTENT="Nostre"
                    HPOS="1572"
                    VPOS="632"
                    WIDTH="244"
                    HEIGHT="104"
                    WC="0.9999993443489075"></String>
          </TextLine>
          <TextLine ID="eSc_line_b7d7a572"
                    TAGREFS="LT8"
                    BASELINE="1545 789 1800 787" 
                    HPOS="1543"
                    VPOS="721"
                    WIDTH="255"
                    HEIGHT="104">
            <Shape><Polygon POINTS="1543 786 1543 816 1795 825 1798 786 1795 721 1543 730 1543 786"/></Shape>
	    <String CONTENT="cõuersiõ"
                    HPOS="1543"
                    VPOS="721"
                    WIDTH="255"
                    HEIGHT="104"
                    WC="0.984927773475647"></String>
          </TextLine>
          <TextLine ID="eSc_line_50a2c18d"
                    TAGREFS="LT8"
                    BASELINE="1543 872 1722 870" 
                    HPOS="1540"
                    VPOS="795"
                    WIDTH="181"
                    HEIGHT="116">
            <Shape><Polygon POINTS="1540 869 1540 911 1721 899 1721 869 1721 813 1656 795 1653 795 1650 795 1540 813 1540 869"/></Shape>
	    <String CONTENT="est de"
                    HPOS="1540"
                    VPOS="795"
                    WIDTH="181"
                    HEIGHT="116"
                    WC="0.9994415044784546"></String>
          </TextLine>
          <TextLine ID="eSc_line_d6543ca4"
                    TAGREFS="LT8"
                    BASELINE="1536 957 1699 956" 
                    HPOS="1531"
                    VPOS="896"
                    WIDTH="166"
                    HEIGHT="86">
            <Shape><Polygon POINTS="1534 956 1534 982 1694 982 1697 953 1691 899 1531 896 1534 956"/></Shape>
	    <String CONTENT="dieu."
                    HPOS="1531"
                    VPOS="896"
                    WIDTH="166"
                    HEIGHT="86"
                    WC="0.9989382147789001"></String>
          </TextLine>
          <TextLine ID="eSc_line_2e9a3e5d"
                    TAGREFS="LT8"
                    BASELINE="1534 1041 1806 1039" 
                    HPOS="1528"
                    VPOS="970"
                    WIDTH="276"
                    HEIGHT="110">
            <Shape><Polygon POINTS="1531 1039 1531 1071 1798 1080 1804 1036 1795 970 1528 976 1531 1039"/></Shape>
	    <String CONTENT="1.cor.12.a"
                    HPOS="1528"
                    VPOS="970"
                    WIDTH="276"
                    HEIGHT="110"
                    WC="0.9934264540672302"></String>
          </TextLine>
        </TextBlock>
        <TextBlock HPOS="1556"
                   VPOS="2721"
                   WIDTH="278"
                   HEIGHT="346"
                   ID="eSc_textblock_fb455bc0"
                   TAGREFS="BT13">
          <Shape><Polygon POINTS="1556 2721 1556 3067 1834 3067 1834 2721"/></Shape>
          <TextLine ID="eSc_line_989897bf"
                    TAGREFS="LT8"
                    BASELINE="1566 2786 1827 2783" 
                    HPOS="1560"
                    VPOS="2698"
                    WIDTH="265"
                    HEIGHT="122">
            <Shape><Polygon POINTS="1563 2785 1563 2820 1822 2817 1825 2782 1819 2701 1560 2698 1563 2785"/></Shape>
	    <String CONTENT="Dieu dõ"
                    HPOS="1560"
                    VPOS="2698"
                    WIDTH="265"
                    HEIGHT="122"></String>
          </TextLine>
          <TextLine ID="eSc_line_e0138fa0"
                    TAGREFS="LT8"
                    BASELINE="1566 2868 1827 2866" 
                    HPOS="1563"
                    VPOS="2796"
                    WIDTH="262"
                    HEIGHT="107">
            <Shape><Polygon POINTS="1563 2865 1563 2903 1825 2897 1825 2865 1822 2796 1563 2796 1563 2865"/></Shape>
	    <String CONTENT="ne accro"
                    HPOS="1563"
                    VPOS="2796"
                    WIDTH="262"
                    HEIGHT="107"
                    WC="0.9997702240943909"></String>
          </TextLine>
          <TextLine ID="eSc_line_f6c9bc17"
                    TAGREFS="LT8"
                    BASELINE="1566 2953 1827 2949" 
                    HPOS="1560"
                    VPOS="2880"
                    WIDTH="265"
                    HEIGHT="104">
            <Shape><Polygon POINTS="1563 2951 1563 2984 1822 2984 1825 2948 1816 2880 1560 2888 1563 2951"/></Shape>
	    <String CONTENT="issement"
                    HPOS="1560"
                    VPOS="2880"
                    WIDTH="265"
                    HEIGHT="104"
                    WC="0.9995140954852104"></String>
          </TextLine>
          <TextLine ID="eSc_line_1bf0c27a"
                    TAGREFS="LT8"
                    BASELINE="1568 3044 1792 3042" 
                    HPOS="1563"
                    VPOS="2960"
                    WIDTH="226"
                    HEIGHT="124">
            <Shape><Polygon POINTS="1566 3043 1566 3084 1786 3070 1789 3040 1783 2981 1641 2960 1638 2960 1635 2960 1563 2981 1566 3043"/></Shape>
	    <String CONTENT="en bien."
                    HPOS="1563"
                    VPOS="2960"
                    WIDTH="226"
                    HEIGHT="124"
                    WC="0.9955453351140022"></String>
          </TextLine>
        </TextBlock>
        <TextBlock HPOS="1035"
                   VPOS="2985"
                   WIDTH="523"
                   HEIGHT="88"
                   ID="eSc_textblock_947fbc44"
                   TAGREFS="BT17">
          <Shape><Polygon POINTS="1035 2985 1035 3073 1556 3073 1558 2987"/></Shape>
          <TextLine ID="eSc_line_003e5d02"
                    TAGREFS="LT8"
                    BASELINE="1041 3050 1548 3045" 
                    HPOS="1037"
                    VPOS="2966"
                    WIDTH="509"
                    HEIGHT="139">
            <Shape><Polygon POINTS="1040 3049 1040 3090 1174 3105 1177 3105 1180 3105 1183 3105 1210 3087 1245 3067 1296 3067 1340 3067 1373 3084 1397 3099 1400 3099 1403 3099 1406 3099 1546 3079 1546 3043 1534 2966 1483 2989 1447 2989 1415 2966 1412 2966 1409 2966 1406 2966 1403 2966 1400 2966 1400 2969 1373 2992 1287 2992 1218 2972 1213 2969 1210 2969 1207 2969 1037 2972 1040 3049"/></Shape>
	    <String CONTENT="P .iiii. ment"
                    HPOS="1037"
                    VPOS="2966"
                    WIDTH="509"
                    HEIGHT="139"
                    WC="0.9999964787409856"></String>
          </TextLine>
        </TextBlock>
      </PrintSpace>
    </Page>
  </Layout>
</alto>
