<?xml version="1.0" encoding="UTF-8"?>
<alto xmlns:xsi="http://www.w3.org/2001/XMLSchema-instance"
      xmlns="http://www.loc.gov/standards/alto/ns-v4#"
      xsi:schemaLocation="http://www.loc.gov/standards/alto/ns-v4# http://www.loc.gov/standards/alto/v4/alto-4-2.xsd">
  <Description>
    <MeasurementUnit>pixel</MeasurementUnit>
    <sourceImageInformation>
      <fileName>233_a93b5_default.jpg</fileName>
      <fileIdentifier>https://www.e-rara.ch/i3f/v20/4105968/full/full/0/default.jpg</fileIdentifier>
    </sourceImageInformation>
  </Description>
  <Tags>
    <OtherTag ID="BT8" LABEL="DamageZone" DESCRIPTION="block type DamageZone"/><OtherTag ID="BT10" LABEL="DropCapitalZone" DESCRIPTION="block type DropCapitalZone"/><OtherTag ID="BT11" LABEL="GraphicZone" DESCRIPTION="block type GraphicZone"/><OtherTag ID="BT12" LABEL="MainZone" DESCRIPTION="block type MainZone"/><OtherTag ID="BT13" LABEL="MarginTextZone" DESCRIPTION="block type MarginTextZone"/><OtherTag ID="BT15" LABEL="NumberingZone" DESCRIPTION="block type NumberingZone"/><OtherTag ID="BT17" LABEL="QuireMarksZone" DESCRIPTION="block type QuireMarksZone"/><OtherTag ID="BT18" LABEL="RunningTitleZone" DESCRIPTION="block type RunningTitleZone"/><OtherTag ID="BT20" LABEL="StampZone" DESCRIPTION="block type StampZone"/><OtherTag ID="BT21" LABEL="TableZone" DESCRIPTION="block type TableZone"/><OtherTag ID="BT22" LABEL="TitlePageZone" DESCRIPTION="block type TitlePageZone"/><OtherTag ID="BT132" LABEL="MarginTextZone:handwrittenAddition" DESCRIPTION="block type MarginTextZone:handwrittenAddition"/>
    <OtherTag ID="LT7" LABEL="CustomLine" DESCRIPTION="line type CustomLine"/><OtherTag ID="LT8" LABEL="DefaultLine" DESCRIPTION="line type DefaultLine"/><OtherTag ID="LT9" LABEL="DropCapitalLine" DESCRIPTION="line type DropCapitalLine"/><OtherTag ID="LT10" LABEL="HeadingLine" DESCRIPTION="line type HeadingLine"/><OtherTag ID="LT11" LABEL="InterlinearLine" DESCRIPTION="line type InterlinearLine"/><OtherTag ID="LT125" LABEL="default" DESCRIPTION="line type default"/>
  </Tags>
  <Layout>
    <Page WIDTH="2211"
          HEIGHT="3563"
          PHYSICAL_IMG_NR="233"
          ID="eSc_dummypage_">
      <PrintSpace HPOS="0"
                  VPOS="0"
                  WIDTH="2211"
                  HEIGHT="3563">
        <TextBlock HPOS="1048"
                   VPOS="147"
                   WIDTH="505"
                   HEIGHT="126"
                   ID="eSc_textblock_1aa06b67"
                   TAGREFS="BT18">
          <Shape><Polygon POINTS="1048 147 1048 273 1553 273 1553 147"/></Shape>
          <TextLine ID="eSc_line_636503ec"
                    TAGREFS="LT10"
                    BASELINE="1052 249 1549 239" 
                    HPOS="1050"
                    VPOS="154"
                    WIDTH="499"
                    HEIGHT="121">
            <Shape><Polygon POINTS="1531 170 1438 162 1436 162 1325 174 1301 156 1285 156 1265 156 1246 156 1238 154 1198 176 1139 156 1137 156 1067 156 1065 156 1063 156 1061 156 1061 158 1059 158 1052 166 1050 170 1052 249 1052 275 1127 275 1129 275 1131 275 1153 261 1313 259 1331 265 1345 271 1347 271 1349 271 1547 255 1549 239 1545 184"/></Shape>
	    <String CONTENT="De la grace"
                    HPOS="1050"
                    VPOS="154"
                    WIDTH="499"
                    HEIGHT="121"
                    WC="0.9899410334500399"></String>
          </TextLine>
        </TextBlock>
        <TextBlock HPOS="625"
                   VPOS="300"
                   WIDTH="1450"
                   HEIGHT="2679"
                   ID="eSc_textblock_1181ad63"
                   TAGREFS="BT12">
          <Shape><Polygon POINTS="676 300 673 490 628 759 666 963 663 1203 625 1402 647 1783 635 2321 649 2537 644 2975 2075 2979 2075 300"/></Shape>
          <TextLine ID="eSc_line_8366258d"
                    TAGREFS="LT8"
                    BASELINE="677 360 2066 360" 
                    HPOS="677"
                    VPOS="290"
                    WIDTH="1389"
                    HEIGHT="103">
            <Shape><Polygon POINTS="2064 304 2050 294 1975 304 1959 294 1955 290 1953 290 1951 290 1945 290 1787 290 1785 290 1753 296 1713 304 1699 296 1687 290 1685 290 1616 290 1614 290 1612 290 1610 290 1602 298 1590 306 1372 306 1361 300 1345 290 1343 290 1341 290 1339 290 1317 300 1307 304 1299 300 1287 294 1285 294 1283 294 1228 300 1192 304 1162 300 1081 290 1079 290 1077 290 1055 302 1052 304 1042 302 1010 294 1008 294 1006 294 1004 294 976 302 970 304 966 302 941 290 939 290 937 290 935 290 933 290 913 302 911 304 901 304 840 294 838 294 685 304 677 314 677 360 677 382 832 382 843 391 845 391 847 391 849 393 1176 393 1176 391 1178 391 1206 382 1341 391 1343 391 1884 382 1901 391 1903 391 1905 391 1907 393 2020 393 2020 391 2022 391 2066 380 2066 360 2064 304 2064 304"/></Shape>
	    <String CONTENT="ment qui est edifie ou laboure. Cõme le tesmoi"
                    HPOS="677"
                    VPOS="290"
                    WIDTH="1389"
                    HEIGHT="103"
                    WC="0.9936465938040551"></String>
          </TextLine>
          <TextLine ID="eSc_line_3a58d62e"
                    TAGREFS="LT8"
                    BASELINE="696 440 2064 443" 
                    HPOS="692"
                    VPOS="371"
                    WIDTH="1370"
                    HEIGHT="104">
            <Shape><Polygon POINTS="695 439 692 475 2059 475 2062 442 2056 371 695 374 695 439"/></Shape>
	    <String CONTENT="gne sainct Paul disant. * Quelle chose dõcq̃s"
                    HPOS="692"
                    VPOS="371"
                    WIDTH="1370"
                    HEIGHT="104"></String>
          </TextLine>
          <TextLine ID="eSc_line_9534aa88"
                    TAGREFS="LT8"
                    BASELINE="679 528 2064 524" 
                    HPOS="677"
                    VPOS="459"
                    WIDTH="1387"
                    HEIGHT="103">
            <Shape><Polygon POINTS="679 528 679 548 719 562 721 562 723 562 725 562 760 548 764 548 776 548 869 562 871 562 1022 550 1050 548 1055 550 1087 562 1089 562 1091 562 1180 552 1260 560 1262 560 1263 560 1265 560 1277 550 1279 548 1285 550 1315 562 1317 562 1319 562 1424 560 1426 560 1444 550 1454 546 1466 550 1489 560 1491 560 1493 560 1533 552 1557 546 1580 552 1600 556 1602 556 1604 556 1652 552 1689 548 1697 552 1713 560 1715 560 1717 560 1763 552 1785 548 1798 552 1810 556 1812 556 1814 556 1848 552 1897 546 1909 552 1923 560 1925 560 1927 560 1929 560 1949 552 1961 548 1969 552 1981 558 1983 558 1985 558 1987 558 2006 552 2032 546 2058 552 2064 524 2060 473 1878 459 1876 459 1874 459 1834 473 1832 473 1828 473 1753 459 1751 459 1689 473 1652 459 1650 459 1648 459 1580 473 1535 459 1533 459 1531 459 1529 459 1527 459 1507 473 1426 463 1424 463 1370 475 1368 475 1343 461 1341 461 1339 461 1337 461 1293 475 1291 475 1242 461 1240 461 1238 461 1236 461 1204 475 1204 477 1182 477 1036 477 1020 463 1020 461 1018 461 1016 461 1014 461 923 473 840 461 838 461 836 461 834 461 812 475 740 461 738 461 737 461 677 477 679 528"/></Shape>
	    <String CONTENT="est ce Apollo ⁊ quelle chose est ce de Paul? Les"
                    HPOS="677"
                    VPOS="459"
                    WIDTH="1387"
                    HEIGHT="103"
                    WC="0.99584257726868"></String>
          </TextLine>
          <TextLine ID="eSc_line_e8c0dc82"
                    TAGREFS="LT8"
                    BASELINE="663 615 2072 611" 
                    HPOS="661"
                    VPOS="548"
                    WIDTH="1411"
                    HEIGHT="87">
            <Shape><Polygon POINTS="663 615 663 635 2072 631 2072 611 2070 562 2026 548 2024 548 2022 548 2020 548 1971 562 1743 562 1725 550 1723 550 1721 550 1719 550 1717 550 1695 562 1515 562 1499 548 1497 548 1495 548 1420 548 1418 548 1416 548 1363 562 1111 550 1109 550 1022 562 962 550 960 550 883 562 855 550 853 550 746 550 744 550 661 564 663 615"/></Shape>
	    <String CONTENT="ministres de celuy auquel uous auez creu: et a"
                    HPOS="661"
                    VPOS="548"
                    WIDTH="1411"
                    HEIGHT="87"
                    WC="0.9997362922067228"></String>
          </TextLine>
          <TextLine ID="eSc_line_b94aa366"
                    TAGREFS="LT8"
                    BASELINE="657 700 2066 696" 
                    HPOS="655"
                    VPOS="627"
                    WIDTH="1411"
                    HEIGHT="109">
            <Shape><Polygon POINTS="657 700 657 718 707 730 709 730 711 730 713 730 725 720 738 732 740 732 742 732 744 732 818 722 847 736 849 736 851 736 853 736 885 718 887 718 895 718 952 728 954 728 1026 718 1038 718 1044 718 1083 730 1085 730 1087 730 1139 718 1145 718 1147 718 1166 732 1168 732 1170 732 1172 732 1174 732 1220 718 1224 718 1246 736 1248 736 1250 736 1252 736 1254 736 1301 724 1329 736 1331 736 1333 736 1481 734 1483 734 1485 734 1503 718 1509 716 1529 718 1624 734 1626 734 1628 734 1662 718 1670 716 1680 718 1717 730 1719 730 1721 730 1723 730 1767 718 1779 716 1781 718 1798 734 1800 734 1802 734 1804 734 2066 718 2066 696 2064 637 2046 627 2044 627 2042 627 2040 627 1882 639 1880 639 1777 627 1775 627 1711 639 1654 627 1652 627 1515 639 1491 627 1489 627 1487 627 1485 627 1460 639 1208 629 1206 629 1204 629 1180 641 1155 629 1153 629 1151 629 1095 641 1081 629 1079 629 1077 629 1075 629 1073 629 1071 629 1055 643 992 643 945 629 943 629 941 629 887 641 849 629 847 629 845 629 843 629 816 643 727 643 699 629 697 629 695 629 693 629 655 641 657 700"/></Shape>
	    <String CONTENT="ung chascun ainsi q̃ le seigñr a dõne. Iay plã"
                    HPOS="655"
                    VPOS="627"
                    WIDTH="1411"
                    HEIGHT="109"></String>
          </TextLine>
          <TextLine ID="eSc_line_730a4e6a"
                    TAGREFS="LT8"
                    BASELINE="643 781 2060 777" 
                    HPOS="641"
                    VPOS="714"
                    WIDTH="1419"
                    HEIGHT="95">
            <Shape><Polygon POINTS="643 781 643 799 1349 809 1351 809 1380 805 1422 797 1464 805 1479 807 1481 807 1509 805 1586 797 1646 805 1660 807 1662 807 1664 807 1668 805 1697 797 1785 807 1796 807 1798 807 1800 807 1802 807 1824 797 1856 807 1858 807 1860 807 1862 807 1864 807 1866 807 1903 797 2056 807 2060 777 2054 714 1951 730 1771 730 1751 718 1747 714 1745 714 1743 714 1662 714 1660 714 1658 714 1656 714 1656 716 1652 720 1640 730 1533 730 1511 722 1489 714 1487 714 1485 714 1412 722 1347 732 1254 732 1244 726 1232 716 1230 716 1228 716 1226 716 1157 726 1143 728 1131 726 1081 718 1079 718 1077 718 1075 718 1059 728 1055 730 1050 728 1024 718 1022 718 1020 718 1018 718 990 728 988 730 986 728 960 716 958 716 836 716 834 716 832 716 830 716 816 726 758 716 756 716 754 716 709 730 673 716 671 716 669 716 667 716 665 716 641 728 643 781"/></Shape>
	    <String CONTENT="te/ Apollo a arrouse/ mais dieu a dõne accrois"
                    HPOS="641"
                    VPOS="714"
                    WIDTH="1419"
                    HEIGHT="95"></String>
          </TextLine>
          <TextLine ID="eSc_line_b76dad25"
                    TAGREFS="LT8"
                    BASELINE="655 863 2054 861" 
                    HPOS="653"
                    VPOS="793"
                    WIDTH="1401"
                    HEIGHT="105">
            <Shape><Polygon POINTS="655 863 655 892 685 896 687 896 689 896 697 894 727 880 1052 880 1077 894 1083 896 1085 896 1087 896 1103 894 1166 880 1226 894 1238 896 1240 898 1600 898 1600 896 1614 894 1664 886 1691 894 1693 894 1695 894 1697 894 1733 880 1769 894 1771 894 1773 894 1775 894 1777 894 1796 882 1848 894 1856 896 1858 896 1868 894 1907 886 2050 894 2054 861 2048 809 1991 809 1987 807 1965 793 1963 793 1961 793 1959 793 1957 793 1929 807 1925 811 1767 811 1755 807 1711 797 1709 797 1662 807 1650 809 1638 807 1602 797 1600 797 1598 797 1596 797 1594 797 1584 807 1580 811 1477 811 1456 807 1398 797 1396 797 1394 797 1365 807 1355 809 1351 807 1335 793 1333 793 1331 793 1329 793 1327 793 1287 805 1275 811 1224 811 1216 805 1196 793 1194 793 1192 793 1190 793 1188 793 1149 805 1137 809 1131 805 1115 793 1113 793 1111 793 1109 793 653 803 655 863"/></Shape>
	    <String CONTENT="semẽt. Et ainsi celuy qͥ plãte nest riẽs/ ne celuy"
                    HPOS="653"
                    VPOS="793"
                    WIDTH="1401"
                    HEIGHT="105"
                    WC="0.987862969344517"></String>
          </TextLine>
          <TextLine ID="eSc_line_41b2095c"
                    TAGREFS="LT8"
                    BASELINE="663 944 2062 948" 
                    HPOS="661"
                    VPOS="880"
                    WIDTH="1401"
                    HEIGHT="99">
            <Shape><Polygon POINTS="663 944 661 965 669 973 669 975 671 975 673 975 675 975 740 963 925 975 927 977 927 975 1107 963 1111 963 1151 975 1153 975 1155 975 1157 975 1158 975 1176 963 1222 975 1224 975 1226 975 1228 975 1230 975 1248 963 1250 963 1301 973 1303 975 1303 973 1355 963 1357 963 1361 963 1420 977 1422 979 1711 979 1711 977 1713 977 1749 965 1923 977 1925 977 2060 963 2062 948 2062 896 2016 882 2014 882 1832 882 1830 882 1781 894 1775 894 1725 892 1489 884 1487 884 1485 884 1472 890 1466 894 1460 890 1438 882 1436 882 1434 882 1432 882 1406 890 1392 894 1305 894 1289 890 1238 880 1236 880 1234 880 1202 888 1188 892 1155 888 1091 882 1089 882 1044 888 1012 892 1002 888 986 880 984 880 982 880 935 888 913 890 907 886 897 880 895 880 893 880 891 880 889 880 887 880 877 886 865 892 663 886 663 944"/></Shape>
	    <String CONTENT="qͥ arrouse: mais cest dieu/ qͥ dõne accroissemẽt."
                    HPOS="661"
                    VPOS="880"
                    WIDTH="1401"
                    HEIGHT="99"
                    WC="0.9984583761177811"></String>
          </TextLine>
          <TextLine ID="eSc_line_65da1ded"
                    TAGREFS="LT8"
                    BASELINE="687 1030 2062 1033" 
                    HPOS="683"
                    VPOS="953"
                    WIDTH="1376"
                    HEIGHT="104">
            <Shape><Polygon POINTS="686 1027 683 1057 2056 1051 2059 1030 2056 970 1937 953 1934 953 1931 953 1875 967 1872 967 1774 953 1771 953 1679 967 1670 967 686 964 686 1027"/></Shape>
	    <String CONTENT="Et celuy qͥ plante ⁊ celuy qͥ arrouse sont une"
                    HPOS="683"
                    VPOS="953"
                    WIDTH="1376"
                    HEIGHT="104"></String>
          </TextLine>
          <TextLine ID="eSc_line_4b587a4b"
                    TAGREFS="LT8"
                    BASELINE="675 1108 2058 1114" 
                    HPOS="675"
                    VPOS="1041"
                    WIDTH="1383"
                    HEIGHT="107">
            <Shape><Polygon POINTS="675 1108 675 1140 935 1130 952 1140 958 1142 960 1142 962 1142 964 1142 970 1140 990 1130 1016 1138 1028 1142 1030 1142 1032 1142 1063 1138 1129 1130 1210 1138 1285 1144 1287 1144 1323 1136 1347 1132 1386 1136 1456 1144 1458 1144 1501 1136 1523 1132 1541 1136 1598 1146 1600 1146 1670 1134 1676 1134 1691 1146 1693 1146 1695 1146 1697 1146 1699 1146 1723 1134 1745 1146 1747 1146 1749 1148 1925 1148 1925 1146 1983 1134 2030 1146 2032 1146 2034 1146 2036 1146 2038 1146 2056 1132 2058 1114 2056 1062 1850 1062 1848 1060 1804 1047 1802 1047 1800 1047 1798 1047 1796 1047 1781 1060 1779 1060 1773 1060 1670 1049 1668 1049 1606 1060 1598 1060 1588 1060 1513 1045 1511 1045 1509 1045 1487 1055 1474 1043 1472 1043 1470 1043 1468 1043 1466 1043 1422 1055 1361 1043 1359 1043 1267 1059 1262 1059 1240 1043 1238 1043 1236 1043 1135 1041 1133 1041 1065 1053 1040 1041 1038 1041 1036 1041 1034 1041 992 1055 960 1041 958 1041 956 1041 954 1041 952 1041 933 1055 911 1047 909 1047 907 1047 851 1057 849 1057 847 1057 830 1041 828 1041 826 1041 742 1041 740 1041 675 1055 675 1108"/></Shape>
	    <String CONTENT="mesme chose. Et ung chascun prẽdra son pro¬"
                    HPOS="675"
                    VPOS="1041"
                    WIDTH="1383"
                    HEIGHT="107"
                    WC="0.9906777143478394"></String>
          </TextLine>
          <TextLine ID="eSc_line_78b20292"
                    TAGREFS="LT8"
                    BASELINE="667 1199 2052 1199" 
                    HPOS="665"
                    VPOS="1134"
                    WIDTH="1385"
                    HEIGHT="98">
            <Shape><Polygon POINTS="665 1196 665 1232 2050 1229 2050 1196 2050 1134 665 1134 665 1196"/></Shape>
	    <String CONTENT="pre loyer selon sa labeur. * Car noꝰ sõmes les"
                    HPOS="665"
                    VPOS="1134"
                    WIDTH="1385"
                    HEIGHT="98"></String>
          </TextLine>
          <TextLine ID="eSc_line_41e4e812"
                    TAGREFS="LT8"
                    BASELINE="648 1279 2048 1282" 
                    HPOS="644"
                    VPOS="1211"
                    WIDTH="1403"
                    HEIGHT="98">
            <Shape><Polygon POINTS="647 1276 644 1309 2044 1300 2047 1279 2041 1211 647 1214 647 1276"/></Shape>
	    <String CONTENT="aides de dieu/ ⁊ uoꝰ estes le labourage de dieu/"
                    HPOS="644"
                    VPOS="1211"
                    WIDTH="1403"
                    HEIGHT="98"
                    WC="0.9956390025715033"></String>
          </TextLine>
          <TextLine ID="eSc_line_443906f2"
                    TAGREFS="LT8"
                    BASELINE="635 1360 2058 1367" 
                    HPOS="630"
                    VPOS="1294"
                    WIDTH="1426"
                    HEIGHT="107">
            <Shape><Polygon POINTS="632 1359 630 1395 2050 1401 2056 1365 2053 1294 632 1294 632 1359"/></Shape>
	    <String CONTENT="⁊ si estes ledificatiõ de dieu. Parquoy ung cha"
                    HPOS="630"
                    VPOS="1294"
                    WIDTH="1426"
                    HEIGHT="107"
                    WC="0.9841577609380087"></String>
          </TextLine>
          <TextLine ID="eSc_line_b2f8f648"
                    TAGREFS="LT8"
                    BASELINE="643 1447 2054 1450" 
                    HPOS="638"
                    VPOS="1374"
                    WIDTH="1415"
                    HEIGHT="95">
            <Shape><Polygon POINTS="641 1445 638 1466 2047 1469 2053 1448 2053 1392 2005 1374 2002 1374 2000 1374 1919 1389 1842 1374 1839 1374 1836 1374 1833 1374 1812 1389 1809 1389 641 1383 641 1445"/></Shape>
	    <String CONTENT="scun dautãt est adiuteur/ ⁊ ouurier/ ⁊ ministre"
                    HPOS="638"
                    VPOS="1374"
                    WIDTH="1415"
                    HEIGHT="95"
                    WC="0.992301049331824"></String>
          </TextLine>
          <TextLine ID="eSc_line_ea99a84f"
                    TAGREFS="LT8"
                    BASELINE="657 1524 2050 1532" 
                    HPOS="655"
                    VPOS="1458"
                    WIDTH="1395"
                    HEIGHT="105">
            <Shape><Polygon POINTS="655 1540 740 1541 770 1557 772 1557 774 1557 776 1557 806 1543 828 1553 830 1553 832 1553 968 1545 1002 1543 1016 1545 1081 1559 1083 1561 1206 1561 1206 1559 1208 1559 1210 1559 1226 1549 1232 1545 1349 1545 1361 1551 1386 1561 1388 1561 1390 1561 1462 1551 1499 1547 1521 1553 1551 1561 1553 1561 1555 1561 1596 1553 1632 1547 1751 1549 1761 1555 1773 1563 1775 1563 1777 1563 1779 1563 2048 1559 2050 1532 2044 1466 2006 1478 1929 1464 1919 1464 1917 1464 1915 1464 1911 1464 1878 1478 1852 1464 1850 1464 1848 1464 1846 1464 1844 1464 1842 1464 1826 1478 1790 1464 1789 1464 1787 1464 1785 1464 1783 1464 1781 1464 1769 1472 1703 1464 1682 1462 1680 1462 1678 1462 1670 1464 1626 1476 1608 1464 1606 1462 1604 1462 1602 1462 1460 1462 1458 1462 1456 1462 1454 1462 1454 1464 1438 1472 1414 1462 1410 1462 1408 1462 1406 1462 1404 1462 1400 1462 1353 1476 1291 1462 1277 1460 1275 1460 1273 1460 1265 1462 1228 1476 1145 1476 1121 1462 1117 1460 1115 1460 1113 1460 1099 1462 1028 1474 976 1474 958 1462 954 1458 952 1458 950 1458 948 1458 931 1462 881 1472 863 1460 859 1458 857 1458 855 1458 853 1458 836 1460 774 1474 685 1474 659 1460 657 1524 655 1540"/></Shape>
	    <String CONTENT="de ce labouraige ou de ceste edificatiõ q̃ le seigͬ"
                    HPOS="655"
                    VPOS="1458"
                    WIDTH="1395"
                    HEIGHT="105"
                    WC="0.9938317583157465"></String>
          </TextLine>
          <TextLine ID="eSc_line_875cdee3"
                    TAGREFS="LT8"
                    BASELINE="667 1605 2052 1613" 
                    HPOS="665"
                    VPOS="1540"
                    WIDTH="1387"
                    HEIGHT="106">
            <Shape><Polygon POINTS="667 1605 665 1623 713 1638 715 1638 717 1638 778 1627 812 1637 814 1637 816 1637 976 1627 996 1638 998 1638 1000 1638 1002 1638 1075 1629 1155 1640 1157 1640 1158 1640 1184 1629 1214 1640 1216 1640 1218 1640 1220 1640 1267 1629 1301 1640 1303 1640 1305 1640 1359 1629 1398 1642 1400 1642 1402 1642 1404 1642 1426 1633 1531 1642 1533 1642 1632 1631 1711 1644 1713 1644 1715 1644 1717 1644 1731 1633 1755 1644 1757 1644 1759 1646 1909 1646 1909 1644 1911 1644 1913 1644 1925 1635 1979 1644 1981 1644 2050 1631 2052 1613 2050 1563 1983 1563 1983 1561 1951 1545 1949 1545 1947 1545 1882 1561 1878 1561 1846 1561 1771 1559 1755 1545 1753 1545 1751 1545 1749 1545 1747 1545 1745 1545 1725 1561 1723 1561 1719 1561 1670 1545 1668 1545 1666 1545 1549 1559 1543 1559 1541 1559 1505 1543 1503 1543 1501 1543 1416 1559 1408 1559 1388 1543 1386 1543 1384 1543 1382 1543 1380 1543 1343 1557 1325 1541 1323 1541 1321 1541 1151 1541 1149 1541 1147 1541 1145 1541 1121 1557 1081 1541 1079 1541 1077 1541 931 1555 929 1555 887 1540 885 1540 883 1540 784 1555 776 1555 667 1555 667 1605"/></Shape>
	    <String CONTENT="en a dõne a ung chascun. Et ceulx qͥ sont la¬"
                    HPOS="665"
                    VPOS="1540"
                    WIDTH="1387"
                    HEIGHT="106"></String>
          </TextLine>
          <TextLine ID="eSc_line_0841885b"
                    TAGREFS="LT8"
                    BASELINE="673 1688 2054 1702" 
                    HPOS="671"
                    VPOS="1621"
                    WIDTH="1383"
                    HEIGHT="107">
            <Shape><Polygon POINTS="673 1688 671 1708 1046 1718 1048 1718 1050 1718 1052 1718 1057 1712 1061 1708 1069 1712 1089 1720 1091 1720 1093 1720 1095 1720 1111 1712 1117 1710 1436 1710 1444 1714 1462 1724 1464 1724 1466 1724 1713 1716 1757 1716 1773 1716 1860 1728 1862 1728 2052 1718 2054 1702 2054 1637 1905 1633 1903 1633 1901 1633 1892 1635 1856 1644 1810 1635 1787 1631 1785 1631 1747 1635 1682 1642 1642 1635 1614 1629 1612 1629 1610 1629 1594 1635 1575 1642 1464 1642 1420 1635 1374 1627 1372 1627 1313 1633 1269 1638 1226 1633 1162 1625 1160 1625 1158 1625 1131 1633 1115 1637 1097 1633 1053 1623 1052 1623 1050 1623 1048 1623 1036 1633 1032 1637 887 1637 883 1633 871 1623 871 1621 869 1621 867 1621 865 1621 673 1631 673 1688"/></Shape>
	    <String CONTENT="bourez par la labeur des ministres ilz ꝓffitẽt"
                    HPOS="671"
                    VPOS="1621"
                    WIDTH="1383"
                    HEIGHT="107"
                    WC="0.9910990786045155"></String>
          </TextLine>
          <TextLine ID="eSc_line_a1eff1e3"
                    TAGREFS="LT8"
                    BASELINE="669 1773 2060 1783" 
                    HPOS="667"
                    VPOS="1706"
                    WIDTH="1393"
                    HEIGHT="103">
            <Shape><Polygon POINTS="669 1773 667 1787 727 1801 729 1801 877 1791 887 1791 891 1791 947 1803 948 1803 950 1803 984 1793 986 1793 1172 1793 1176 1795 1184 1803 1186 1803 1188 1803 1277 1805 1279 1805 1384 1799 1440 1795 1466 1799 1505 1807 1507 1807 1509 1807 1529 1801 1541 1797 1561 1801 1592 1807 1594 1809 2058 1809 2060 1783 2058 1720 1890 1728 1850 1720 1826 1714 1824 1714 1781 1720 1725 1726 1674 1720 1624 1712 1622 1712 1620 1712 1618 1712 1618 1714 1610 1720 1602 1728 1547 1728 1539 1720 1531 1714 1531 1712 1529 1712 1527 1712 1525 1712 1523 1712 1521 1712 1511 1720 1499 1726 1420 1726 1406 1720 1384 1710 1382 1710 1380 1710 1378 1710 1345 1720 1325 1724 1311 1720 1289 1710 1287 1710 1176 1708 1174 1708 1127 1720 1113 1722 1105 1720 1077 1708 1075 1708 1073 1708 982 1720 952 1722 927 1720 836 1706 834 1706 669 1718 669 1773"/></Shape>
	    <String CONTENT="en telle maniere q̃ laucteur de laccroissement"
                    HPOS="667"
                    VPOS="1706"
                    WIDTH="1393"
                    HEIGHT="103"
                    WC="0.9998876011889913"></String>
          </TextLine>
          <TextLine ID="eSc_line_72a887ad"
                    TAGREFS="LT8"
                    BASELINE="663 1856 2060 1864" 
                    HPOS="661"
                    VPOS="1789"
                    WIDTH="1399"
                    HEIGHT="107">
            <Shape><Polygon POINTS="663 1856 661 1870 945 1888 947 1888 1083 1876 1101 1890 1103 1890 1105 1890 1107 1890 1109 1890 1145 1876 1210 1890 1212 1890 1214 1890 1269 1876 1339 1876 1361 1890 1363 1890 1365 1890 1367 1890 1600 1878 1622 1892 1624 1892 1626 1892 1628 1892 1630 1892 1668 1882 1711 1894 1713 1894 1715 1894 1717 1894 1759 1880 1832 1894 1834 1896 2018 1896 2018 1894 2020 1894 2058 1878 2060 1864 2058 1795 1973 1809 1955 1795 1953 1795 1951 1795 1890 1795 1888 1795 1886 1795 1884 1795 1862 1809 1719 1795 1689 1793 1687 1793 1668 1795 1590 1809 1456 1809 1440 1795 1438 1793 1436 1793 1434 1793 1432 1793 1392 1797 1291 1805 1273 1797 1263 1791 1262 1791 1260 1791 1232 1797 1192 1805 1113 1797 1089 1795 1087 1795 1085 1795 1077 1797 1055 1803 1044 1797 1036 1793 1034 1793 1032 1793 1030 1793 1020 1797 1010 1801 1002 1797 986 1789 984 1789 982 1789 980 1789 950 1797 929 1805 774 1805 756 1797 729 1789 727 1789 725 1789 663 1797 663 1856"/></Shape>
	    <String CONTENT="les aura faict croistre. Car au chãp du seigͬ/"
                    HPOS="661"
                    VPOS="1789"
                    WIDTH="1399"
                    HEIGHT="107"
                    WC="0.9973705601184926"></String>
          </TextLine>
          <TextLine ID="eSc_line_4eb3f624"
                    TAGREFS="LT8"
                    BASELINE="655 1939 2062 1951" 
                    HPOS="653"
                    VPOS="1872"
                    WIDTH="1409"
                    HEIGHT="107">
            <Shape><Polygon POINTS="655 1939 653 1955 691 1969 693 1969 695 1969 877 1959 1359 1975 1361 1975 1543 1965 1559 1975 1561 1975 1563 1975 1565 1975 1761 1967 1828 1979 1830 1979 1878 1969 2036 1979 2038 1979 2040 1979 2060 1967 2062 1951 2062 1896 1892 1896 1886 1894 1830 1880 1828 1880 1826 1880 1779 1892 1779 1894 1656 1894 1654 1892 1636 1880 1634 1880 1632 1880 1630 1880 1580 1888 1567 1878 1565 1878 1563 1878 1561 1878 1468 1890 1466 1890 1452 1878 1450 1878 1448 1878 1446 1878 1382 1886 1368 1876 1367 1876 1365 1876 1363 1876 1275 1888 1273 1888 1192 1876 1190 1876 1137 1888 1131 1888 1123 1888 1028 1876 1026 1876 1024 1876 1002 1884 972 1874 970 1874 968 1874 905 1886 903 1886 901 1886 885 1872 883 1872 881 1872 879 1872 723 1884 719 1884 717 1884 679 1872 677 1872 675 1872 673 1872 655 1880 655 1939"/></Shape>
	    <String CONTENT="la plãtation nest pas sẽblable lune a lautre."
                    HPOS="653"
                    VPOS="1872"
                    WIDTH="1409"
                    HEIGHT="107"
                    WC="0.9994953185953992"></String>
          </TextLine>
          <TextLine ID="eSc_line_fb760072"
                    TAGREFS="LT8"
                    BASELINE="666 2024 2060 2032" 
                    HPOS="662"
                    VPOS="1950"
                    WIDTH="1397"
                    HEIGHT="113">
            <Shape><Polygon POINTS="665 2022 662 2054 2053 2063 2059 2030 2056 1971 665 1950 665 2022"/></Shape>
	    <String CONTENT="* Mais dieu maintenant a mis les mẽbres/ ⁊"
                    HPOS="662"
                    VPOS="1950"
                    WIDTH="1397"
                    HEIGHT="113"></String>
          </TextLine>
          <TextLine ID="eSc_line_c9ff9f88"
                    TAGREFS="LT8"
                    BASELINE="657 2106 2056 2116" 
                    HPOS="657"
                    VPOS="2038"
                    WIDTH="1399"
                    HEIGHT="105">
            <Shape><Polygon POINTS="2054 2062 1983 2050 1981 2050 1979 2050 1943 2060 1939 2060 1935 2060 1901 2046 1899 2046 1897 2046 1895 2046 1860 2058 1852 2060 1844 2058 1816 2046 1814 2046 1812 2046 1737 2056 1715 2058 1707 2056 1684 2044 1682 2044 1523 2044 1521 2044 1519 2044 1517 2044 1507 2052 1497 2058 1448 2050 1386 2042 1384 2042 1382 2042 1380 2042 1370 2050 1357 2058 1317 2058 1307 2048 1301 2044 1301 2042 1299 2042 1297 2042 1295 2042 1293 2042 1273 2048 1246 2056 1190 2046 1160 2042 1158 2042 1115 2046 1010 2054 992 2042 988 2040 986 2040 984 2040 982 2040 966 2042 925 2052 907 2042 903 2038 901 2038 899 2038 897 2038 895 2038 883 2042 840 2054 717 2054 659 2038 657 2106 657 2133 845 2125 861 2133 861 2135 863 2135 865 2135 867 2135 899 2133 1004 2127 1048 2133 1073 2137 1075 2137 1077 2137 1079 2137 1083 2133 1093 2127 1186 2127 1250 2133 1309 2139 1311 2139 1313 2139 1315 2139 1323 2133 1331 2129 1495 2129 1513 2133 1547 2141 1549 2141 1551 2141 1719 2133 1761 2131 1765 2133 1779 2143 1781 2143 1783 2143 1785 2143 1787 2143 1789 2143 1800 2133 1911 2143 1913 2143 1915 2143 1917 2143 1933 2133 1935 2133 2054 2133 2056 2116 2054 2062"/></Shape>
	    <String CONTENT="ung chascun diceulx cõme il a uoulu. Puis"
                    HPOS="657"
                    VPOS="2038"
                    WIDTH="1399"
                    HEIGHT="105"
                    WC="0.9851719566753933"></String>
          </TextLine>
          <TextLine ID="eSc_line_3a415364"
                    TAGREFS="LT8"
                    BASELINE="651 2191 2058 2199" 
                    HPOS="649"
                    VPOS="2121"
                    WIDTH="1409"
                    HEIGHT="105">
            <Shape><Polygon POINTS="651 2191 649 2207 756 2220 758 2220 1000 2211 1081 2222 1083 2222 1275 2213 1299 2222 1301 2222 1303 2222 1448 2214 1495 2224 1497 2224 1628 2214 1644 2224 1646 2224 1648 2224 1650 2224 1652 2224 1672 2214 1741 2226 1743 2226 2056 2214 2058 2199 2056 2145 1989 2133 1987 2133 1985 2133 1955 2143 1953 2143 1951 2143 1931 2129 1929 2129 1927 2129 1925 2129 1923 2129 1890 2141 1884 2145 1739 2145 1729 2139 1707 2127 1705 2127 1703 2127 1701 2127 1662 2137 1646 2141 1626 2137 1604 2131 1602 2131 1600 2131 1549 2135 1491 2141 1481 2135 1474 2127 1472 2127 1470 2127 1468 2127 1416 2133 1355 2141 1293 2131 1275 2129 1273 2129 1271 2129 1267 2131 1252 2139 1228 2129 1214 2125 1212 2125 1210 2125 1151 2129 1006 2139 956 2125 947 2123 945 2123 873 2123 871 2123 869 2123 865 2123 832 2137 806 2125 804 2125 802 2125 800 2125 764 2133 651 2121 651 2191"/></Shape>
	    <String CONTENT="dõcq̃s q̃ le maistre des gẽtilz a publie par si cle"
                    HPOS="649"
                    VPOS="2121"
                    WIDTH="1409"
                    HEIGHT="105"
                    WC="0.9906820981007702"></String>
          </TextLine>
          <TextLine ID="eSc_line_f98b3542"
                    TAGREFS="LT8"
                    BASELINE="641 2274 2052 2282" 
                    HPOS="639"
                    VPOS="2209"
                    WIDTH="1413"
                    HEIGHT="99">
            <Shape><Polygon POINTS="641 2274 639 2290 746 2302 748 2302 750 2302 752 2302 766 2292 842 2302 843 2302 921 2292 929 2292 935 2292 994 2304 996 2304 1503 2296 1582 2306 1584 2306 1654 2296 1656 2296 1711 2308 1713 2308 1761 2298 1806 2308 1808 2308 2050 2296 2052 2282 2052 2230 1884 2230 1882 2228 1846 2214 1844 2214 1790 2214 1789 2214 1787 2214 1785 2214 1767 2228 1765 2228 1624 2228 1622 2226 1602 2213 1600 2213 1598 2213 1596 2213 1386 2226 1363 2226 1361 2226 1349 2214 1349 2213 1347 2213 1345 2213 1305 2211 1303 2211 1030 2224 996 2224 986 2222 935 2214 933 2214 931 2214 903 2222 901 2222 859 2209 857 2209 855 2209 780 2222 776 2222 772 2222 733 2209 731 2209 729 2209 727 2209 703 2222 699 2222 641 2222 641 2274"/></Shape>
	    <String CONTENT="re lumiere ⁊ par si grãde euidẽce: par q̃lle rai¬"
                    HPOS="639"
                    VPOS="2209"
                    WIDTH="1413"
                    HEIGHT="99"></String>
          </TextLine>
          <TextLine ID="eSc_line_7c9d926f"
                    TAGREFS="LT8"
                    BASELINE="649 2363 1232 2357 2062 2367" 
                    HPOS="649"
                    VPOS="2292"
                    WIDTH="1413"
                    HEIGHT="99">
            <Shape><Polygon POINTS="649 2363 649 2387 713 2375 731 2387 733 2387 735 2387 737 2387 853 2377 891 2389 895 2389 897 2389 899 2389 901 2389 903 2389 929 2377 996 2389 1006 2389 1008 2389 1024 2389 1143 2377 1226 2389 1234 2389 1236 2389 1242 2389 1291 2379 1311 2389 1317 2391 1319 2391 1321 2391 1323 2391 1333 2389 1372 2379 1392 2389 1396 2391 1398 2391 1400 2391 1402 2391 1408 2389 1434 2379 2058 2389 2062 2367 2062 2311 1981 2296 1979 2296 1977 2296 1949 2310 1947 2310 1931 2310 1789 2296 1787 2296 1785 2296 1783 2296 1767 2306 1761 2311 1670 2311 1660 2306 1634 2294 1632 2294 1515 2294 1513 2294 1475 2302 1454 2308 1444 2302 1432 2294 1430 2294 1428 2294 1293 2294 1291 2294 1289 2294 1269 2300 1242 2308 1200 2298 1166 2292 1164 2292 1135 2298 1097 2306 893 2296 891 2296 798 2306 649 2292 649 2363"/></Shape>
	    <String CONTENT="son/ ou par quelle cause fault il doubter/ asca"
                    HPOS="649"
                    VPOS="2292"
                    WIDTH="1413"
                    HEIGHT="99"
                    WC="0.9996141981571278"></String>
          </TextLine>
          <TextLine ID="eSc_line_15dd67d0"
                    TAGREFS="LT8"
                    BASELINE="649 2438 2064 2446" 
                    HPOS="647"
                    VPOS="2371"
                    WIDTH="1417"
                    HEIGHT="103">
            <Shape><Polygon POINTS="649 2438 647 2458 836 2468 838 2468 885 2460 901 2458 923 2460 1006 2470 1008 2470 1230 2462 1287 2460 1317 2462 1430 2472 1432 2472 1584 2462 1612 2462 1644 2464 1804 2474 1806 2474 2062 2464 2064 2446 2062 2395 1975 2395 1975 2393 1937 2377 1935 2377 1933 2377 1622 2391 1614 2391 1575 2375 1573 2375 1475 2375 1474 2375 1472 2375 1438 2391 1436 2391 1432 2391 1368 2377 1367 2377 1281 2389 1262 2377 1260 2377 1258 2377 1256 2377 1254 2377 1222 2389 1220 2389 1218 2389 1170 2379 1168 2379 1166 2379 1139 2389 1135 2391 1053 2391 1052 2389 1040 2379 1038 2379 1036 2379 1034 2379 937 2387 935 2387 897 2371 895 2371 822 2371 820 2371 818 2371 816 2371 798 2387 796 2387 649 2387 649 2438"/></Shape>
	    <String CONTENT="uoir se le germe de toutes uertus noꝰ est dõnee"
                    HPOS="647"
                    VPOS="2371"
                    WIDTH="1417"
                    HEIGHT="103"
                    WC="0.9921297145386537"></String>
          </TextLine>
          <TextLine ID="eSc_line_280407fa"
                    TAGREFS="LT8"
                    BASELINE="657 2521 2054 2533" 
                    HPOS="655"
                    VPOS="2454"
                    WIDTH="1399"
                    HEIGHT="111">
            <Shape><Polygon POINTS="657 2521 655 2535 770 2547 772 2547 950 2541 1004 2541 1008 2543 1020 2553 1020 2555 1022 2555 1024 2555 1026 2555 1093 2545 1123 2541 1188 2541 1198 2547 1218 2557 1220 2557 1222 2557 1285 2549 1289 2549 1295 2549 1398 2559 1400 2559 1402 2559 1428 2551 1454 2545 1493 2553 1517 2557 1519 2557 1521 2557 1523 2557 1527 2553 1539 2545 1567 2555 1586 2561 1588 2561 1590 2561 1632 2555 1695 2547 1733 2557 1739 2559 1741 2559 1743 2559 1751 2557 1785 2551 1806 2559 1818 2563 1820 2563 1822 2565 2052 2565 2054 2533 2050 2464 1866 2476 1826 2462 1822 2462 1820 2462 1818 2462 1816 2462 1814 2462 1781 2474 1747 2462 1745 2462 1743 2462 1741 2462 1739 2462 1737 2462 1713 2476 1644 2476 1598 2462 1588 2460 1586 2460 1584 2460 1582 2460 1573 2462 1539 2472 1428 2462 1396 2460 1394 2460 1392 2460 1386 2462 1365 2472 1349 2462 1343 2458 1341 2458 1339 2458 1337 2458 1287 2462 1194 2470 1135 2462 1091 2456 1026 2456 1024 2456 1022 2456 1020 2456 1014 2462 1004 2470 948 2470 937 2462 929 2456 927 2456 925 2456 923 2456 921 2456 903 2462 885 2468 788 2468 778 2462 766 2454 764 2454 762 2454 760 2454 758 2454 740 2462 729 2466 657 2462 657 2521"/></Shape>
	    <String CONTENT="de dieu: ou qͥ sera cestuy sil nest tres insipient qͥ"
                    HPOS="655"
                    VPOS="2454"
                    WIDTH="1399"
                    HEIGHT="111"
                    WC="0.9835842206793012"></String>
          </TextLine>
          <TextLine ID="eSc_line_54d4da48"
                    TAGREFS="LT8"
                    BASELINE="667 2610 2056 2606" 
                    HPOS="665"
                    VPOS="2541"
                    WIDTH="1391"
                    HEIGHT="99">
            <Shape><Polygon POINTS="667 2610 669 2640 725 2626 800 2626 822 2638 824 2638 826 2638 828 2638 830 2638 832 2638 853 2626 941 2626 956 2636 956 2638 958 2638 960 2638 962 2638 964 2638 968 2636 988 2626 1216 2634 1359 2638 1361 2638 1468 2630 1533 2626 1541 2630 1553 2636 1555 2636 1557 2636 1658 2628 1687 2626 1693 2628 1719 2636 1721 2636 1723 2636 1725 2636 1751 2626 1761 2624 1769 2626 1798 2636 1800 2636 1802 2638 2004 2638 2004 2636 2006 2636 2056 2622 2056 2606 2050 2557 1771 2557 1761 2553 1741 2545 1739 2545 1737 2545 1735 2545 1733 2545 1721 2553 1711 2559 1604 2559 1594 2553 1580 2543 1579 2543 1577 2543 1575 2543 1573 2543 1571 2543 1559 2551 1551 2559 1440 2559 1406 2551 1361 2541 1359 2541 1275 2543 1273 2543 1262 2549 1250 2555 1228 2549 1208 2543 1206 2543 1204 2543 1202 2543 1200 2543 1192 2549 1180 2557 1131 2549 1121 2547 1119 2547 1117 2547 1115 2547 1099 2561 1053 2561 1036 2547 1030 2543 1028 2543 1026 2543 768 2543 766 2543 764 2543 762 2543 760 2545 740 2559 723 2545 721 2543 719 2543 717 2543 715 2543 665 2543 667 2610"/></Shape>
	    <String CONTENT="se cõplaindra de la difference des dõs diuins/"
                    HPOS="665"
                    VPOS="2541"
                    WIDTH="1391"
                    HEIGHT="99"
                    WC="0.9993198278049628"></String>
          </TextLine>
          <TextLine ID="eSc_line_bc28fea3"
                    TAGREFS="LT8"
                    BASELINE="663 2688 2058 2696" 
                    HPOS="661"
                    VPOS="2622"
                    WIDTH="1397"
                    HEIGHT="103">
            <Shape><Polygon POINTS="663 2688 661 2705 788 2719 790 2719 950 2709 954 2709 956 2709 1012 2721 1014 2721 1063 2711 1113 2721 1115 2721 1117 2721 1151 2711 1155 2711 1491 2723 1493 2723 1495 2723 1519 2713 1521 2713 1525 2713 1567 2723 1569 2723 1626 2715 1640 2713 1666 2715 1781 2725 1783 2725 1785 2725 1808 2715 1812 2715 1818 2715 1864 2725 1866 2725 2056 2717 2058 2696 2058 2644 1995 2628 1993 2628 1991 2628 1890 2630 1888 2630 1842 2644 1840 2644 1790 2628 1789 2628 1787 2628 1785 2628 1739 2644 1737 2644 1735 2644 1723 2634 1721 2634 1719 2634 1717 2634 1472 2642 1438 2642 1432 2642 1361 2624 1281 2624 1279 2624 1277 2624 1275 2624 1254 2640 1222 2624 1220 2624 1127 2624 1125 2624 1123 2624 1121 2624 1103 2640 1101 2640 1097 2640 1034 2630 1032 2630 935 2638 917 2624 917 2622 915 2622 913 2622 911 2622 847 2636 826 2622 824 2622 822 2622 760 2622 758 2622 756 2622 727 2638 663 2638 663 2688"/></Shape>
	    <String CONTENT="ou qͥ estimera estre attribue aux merites diffe¬"
                    HPOS="661"
                    VPOS="2622"
                    WIDTH="1397"
                    HEIGHT="103"></String>
          </TextLine>
          <TextLine ID="eSc_line_84fdc37c"
                    TAGREFS="LT8"
                    BASELINE="665 2773 2060 2783" 
                    HPOS="663"
                    VPOS="2705"
                    WIDTH="1397"
                    HEIGHT="103">
            <Shape><Polygon POINTS="665 2773 663 2789 687 2800 689 2800 691 2800 1481 2796 1521 2806 1523 2806 1525 2806 1735 2798 1787 2808 1789 2808 2058 2798 2060 2783 2058 2731 1858 2713 1856 2713 1854 2713 1852 2713 1852 2715 1836 2729 1834 2731 1800 2731 1796 2729 1761 2711 1759 2711 1711 2711 1709 2711 1707 2711 1705 2711 1684 2727 1682 2729 1594 2729 1592 2727 1573 2711 1571 2711 1569 2711 1567 2711 1565 2711 1523 2727 1519 2727 1368 2727 1368 2725 1353 2713 1353 2711 1351 2711 1349 2711 1347 2711 1260 2717 1226 2707 1224 2707 1222 2707 1135 2721 945 2705 943 2705 941 2705 905 2721 905 2723 788 2723 786 2721 774 2711 772 2711 770 2711 768 2711 665 2719 665 2773"/></Shape>
	    <String CONTENT="rẽs que la liberalite supernelle nest pas dõnee"
                    HPOS="663"
                    VPOS="2705"
                    WIDTH="1397"
                    HEIGHT="103"
                    WC="0.9957635743277413"></String>
          </TextLine>
          <TextLine ID="eSc_line_8e405c61"
                    TAGREFS="LT8"
                    BASELINE="669 2858 2054 2862" 
                    HPOS="667"
                    VPOS="2791"
                    WIDTH="1387"
                    HEIGHT="104">
            <Shape><Polygon POINTS="669 2858 667 2876 709 2891 711 2891 713 2891 786 2880 948 2880 976 2891 978 2891 980 2891 982 2891 1022 2880 1057 2891 1059 2891 1061 2891 1127 2880 1155 2891 1157 2891 1158 2891 1160 2891 1198 2880 1258 2880 1273 2891 1275 2891 1277 2891 1279 2891 1359 2880 1372 2891 1372 2893 1374 2893 1376 2893 1378 2893 1464 2884 1475 2893 1477 2893 1479 2893 1481 2893 1483 2893 1505 2884 1680 2893 1682 2895 1947 2895 1947 2893 1949 2893 1951 2893 1967 2884 2014 2893 2016 2893 2018 2893 2052 2880 2054 2862 2054 2808 2006 2792 2004 2792 2002 2792 2000 2792 1999 2792 1999 2794 1985 2806 1951 2792 1949 2792 1947 2792 1876 2806 1876 2808 1769 2808 1767 2806 1745 2792 1743 2792 1741 2792 1739 2792 1737 2792 1707 2806 1705 2806 1630 2794 1628 2794 1519 2804 1507 2794 1505 2794 1503 2794 1501 2794 1499 2794 1475 2806 1460 2792 1458 2792 1456 2792 1454 2792 1325 2804 1295 2791 1293 2791 1291 2791 1289 2791 1252 2804 1196 2791 1194 2791 1192 2791 1190 2791 1155 2804 1079 2791 941 2791 939 2791 937 2791 935 2791 915 2804 911 2804 838 2791 836 2791 669 2802 669 2858"/></Shape>
	    <String CONTENT="egallemẽt? Car si ceste distribution uenoit selõ"
                    HPOS="667"
                    VPOS="2791"
                    WIDTH="1387"
                    HEIGHT="104"
                    WC="0.9880525422096252"></String>
          </TextLine>
          <TextLine ID="eSc_line_92776bed"
                    TAGREFS="LT8"
                    BASELINE="663 2939 2054 2949" 
                    HPOS="661"
                    VPOS="2876"
                    WIDTH="1393"
                    HEIGHT="109">
            <Shape><Polygon POINTS="663 2939 661 2963 786 2975 788 2975 964 2967 1034 2965 1046 2969 1071 2977 1073 2977 1075 2977 1077 2977 1093 2969 1103 2965 1176 2965 1222 2971 1291 2979 1293 2979 1295 2979 1297 2979 1307 2971 1317 2967 1390 2967 1398 2973 1404 2979 1406 2979 1408 2979 1410 2979 1452 2973 1489 2967 1499 2973 1507 2981 1509 2981 1511 2981 1513 2983 1699 2983 1699 2981 1701 2981 1703 2981 1709 2975 1719 2969 1775 2977 1822 2983 1824 2985 1981 2985 1981 2983 1983 2983 1993 2979 2012 2971 2050 2979 2054 2949 2054 2899 2008 2884 2006 2884 2004 2884 1880 2897 1866 2897 1858 2895 1800 2884 1798 2884 1796 2884 1794 2884 1779 2895 1777 2897 1761 2895 1693 2884 1691 2884 1644 2893 1634 2895 1630 2893 1618 2884 1618 2882 1616 2882 1614 2882 1612 2882 1531 2891 1499 2895 1085 2893 1067 2886 1042 2878 1040 2878 1038 2878 937 2884 909 2886 905 2884 895 2876 893 2876 891 2876 889 2876 887 2876 867 2884 851 2889 663 2882 663 2939"/></Shape>
	    <String CONTENT="les merites des oeuures precedentes/ lapostre"
                    HPOS="661"
                    VPOS="2876"
                    WIDTH="1393"
                    HEIGHT="109"
                    WC="0.9960137261284723"></String>
          </TextLine>
        </TextBlock>
        <TextBlock HPOS="393"
                   VPOS="372"
                   WIDTH="290"
                   HEIGHT="93"
                   ID="eSc_textblock_1d09eb2f"
                   TAGREFS="BT13">
          <Shape><Polygon POINTS="393 372 393 465 683 465 683 372"/></Shape>
          <TextLine ID="eSc_line_3a6c5b6d"
                    TAGREFS="LT8"
                    BASELINE="398 439 678 440" 
                    HPOS="392"
                    VPOS="344"
                    WIDTH="285"
                    HEIGHT="137">
            <Shape><Polygon POINTS="395 436 392 472 671 481 677 439 671 344 395 347 395 436"/></Shape>
	    <String CONTENT="1.corĩ.3.b"
                    HPOS="392"
                    VPOS="344"
                    WIDTH="285"
                    HEIGHT="137"
                    WC="0.9834797057238492"></String>
          </TextLine>
        </TextBlock>
        <TextBlock HPOS="355"
                   VPOS="974"
                   WIDTH="310"
                   HEIGHT="79"
                   ID="eSc_textblock_34556e93"
                   TAGREFS="BT13">
          <Shape><Polygon POINTS="355 974 355 1053 665 1053 665 974"/></Shape>
          <TextLine ID="eSc_line_c170fb6e"
                    TAGREFS="LT8"
                    BASELINE="362 1029 661 1030" 
                    HPOS="359"
                    VPOS="947"
                    WIDTH="300"
                    HEIGHT="121">
            <Shape><Polygon POINTS="359 1027 359 1059 615 1068 618 1068 621 1068 659 1051 659 1027 656 947 359 959 359 1027"/></Shape>
	    <String CONTENT="1.corĩ.3.b"
                    HPOS="359"
                    VPOS="947"
                    WIDTH="300"
                    HEIGHT="121"
                    WC="0.9929956739599054"></String>
          </TextLine>
        </TextBlock>
        <TextBlock HPOS="340"
                   VPOS="1131"
                   WIDTH="341"
                   HEIGHT="340"
                   ID="eSc_textblock_f8e0d311"
                   TAGREFS="BT13">
          <Shape><Polygon POINTS="362 1131 340 1291 340 1297 345 1471 558 1471 625 1331 627 1327 681 1133"/></Shape>
          <TextLine ID="eSc_line_d58dac1a"
                    TAGREFS="LT8"
                    BASELINE="362 1199 652 1199" 
                    HPOS="359"
                    VPOS="1095"
                    WIDTH="291"
                    HEIGHT="137">
            <Shape><Polygon POINTS="359 1196 359 1232 650 1232 650 1196 641 1095 609 1122 514 1104 454 1095 451 1095 359 1113 359 1196"/></Shape>
	    <String CONTENT="Lhõe est"
                    HPOS="359"
                    VPOS="1095"
                    WIDTH="291"
                    HEIGHT="137"
                    WC="0.976464033126831"></String>
          </TextLine>
          <TextLine ID="eSc_line_7aa99606"
                    TAGREFS="LT8"
                    BASELINE="354 1278 628 1279" 
                    HPOS="353"
                    VPOS="1199"
                    WIDTH="274"
                    HEIGHT="104">
            <Shape><Polygon POINTS="523 1199 353 1211 353 1276 353 1303 627 1303 627 1276 627 1220 526 1199 523 1199"/></Shape>
	    <String CONTENT="ledifica¬"
                    HPOS="353"
                    VPOS="1199"
                    WIDTH="274"
                    HEIGHT="104"
                    WC="0.9998020794656541"></String>
          </TextLine>
          <TextLine ID="eSc_line_e9104048"
                    TAGREFS="LT8"
                    BASELINE="350 1359 593 1360" 
                    HPOS="344"
                    VPOS="1288"
                    WIDTH="247"
                    HEIGHT="110">
            <Shape><Polygon POINTS="347 1356 344 1383 585 1398 591 1359 585 1288 347 1297 347 1356"/></Shape>
	    <String CONTENT="tion de"
                    HPOS="344"
                    VPOS="1288"
                    WIDTH="247"
                    HEIGHT="110"
                    WC="0.9995219366891044"></String>
          </TextLine>
          <TextLine ID="eSc_line_19d41943"
                    TAGREFS="LT8"
                    BASELINE="360 1446 523 1446" 
                    HPOS="359"
                    VPOS="1368"
                    WIDTH="161"
                    HEIGHT="104">
            <Shape><Polygon POINTS="359 1445 359 1472 520 1472 520 1445 520 1383 359 1368 359 1445"/></Shape>
	    <String CONTENT="dieu."
                    HPOS="359"
                    VPOS="1368"
                    WIDTH="161"
                    HEIGHT="104"
                    WC="0.9998707413673401"></String>
          </TextLine>
        </TextBlock>
        <TextBlock HPOS="358"
                   VPOS="1962"
                   WIDTH="279"
                   HEIGHT="90"
                   ID="eSc_textblock_d927c233"
                   TAGREFS="BT13">
          <Shape><Polygon POINTS="358 1962 358 2052 637 2052 637 1962"/></Shape>
          <TextLine ID="eSc_line_dde686a1"
                    TAGREFS="LT8"
                    BASELINE="364 2022 632 2024" 
                    HPOS="359"
                    VPOS="1950"
                    WIDTH="271"
                    HEIGHT="125">
            <Shape><Polygon POINTS="362 2019 359 2060 505 2075 508 2075 627 2057 630 2022 627 1950 362 1962 362 2019"/></Shape>
	    <String CONTENT="1.cor.12.b"
                    HPOS="359"
                    VPOS="1950"
                    WIDTH="271"
                    HEIGHT="125"
                    WC="0.9672977566719055"></String>
          </TextLine>
        </TextBlock>
        <TextBlock HPOS="1592"
                   VPOS="2974"
                   WIDTH="466"
                   HEIGHT="87"
                   ID="eSc_textblock_5f055a3b"
                   TAGREFS="BT17">
          <Shape><Polygon POINTS="1592 2974 1592 3061 2058 3061 2058 2974"/></Shape>
          <TextLine ID="eSc_line_74c8bbf6"
                    TAGREFS="LT8"
                    BASELINE="1600 3030 2056 3034" 
                    HPOS="1598"
                    VPOS="2967"
                    WIDTH="458"
                    HEIGHT="101">
            <Shape><Polygon POINTS="2044 2981 2006 2969 2004 2969 2002 2969 1939 2981 1860 2969 1858 2969 1856 2969 1830 2983 1802 2983 1749 2983 1747 2981 1729 2967 1727 2967 1725 2967 1723 2967 1600 2979 1600 3030 1598 3050 1828 3068 1830 3068 2054 3052 2056 3034 2054 3016 2044 2981"/></Shape>
	    <String CONTENT="ne termineroit"
                    HPOS="1598"
                    VPOS="2967"
                    WIDTH="458"
                    HEIGHT="101"
                    WC="0.9999566546508244"></String>
          </TextLine>
        </TextBlock>
      </PrintSpace>
    </Page>
  </Layout>
</alto>
