<?xml version="1.0" encoding="UTF-8"?>
<alto xmlns:xsi="http://www.w3.org/2001/XMLSchema-instance"
      xmlns="http://www.loc.gov/standards/alto/ns-v4#"
      xsi:schemaLocation="http://www.loc.gov/standards/alto/ns-v4# http://www.loc.gov/standards/alto/v4/alto-4-2.xsd">
  <Description>
    <MeasurementUnit>pixel</MeasurementUnit>
    <sourceImageInformation>
      <fileName>234_b719a_default.jpg</fileName>
      <fileIdentifier>https://www.e-rara.ch/i3f/v20/4105969/full/full/0/default.jpg</fileIdentifier>
    </sourceImageInformation>
  </Description>
  <Tags>
    <OtherTag ID="BT8" LABEL="DamageZone" DESCRIPTION="block type DamageZone"/><OtherTag ID="BT10" LABEL="DropCapitalZone" DESCRIPTION="block type DropCapitalZone"/><OtherTag ID="BT11" LABEL="GraphicZone" DESCRIPTION="block type GraphicZone"/><OtherTag ID="BT12" LABEL="MainZone" DESCRIPTION="block type MainZone"/><OtherTag ID="BT13" LABEL="MarginTextZone" DESCRIPTION="block type MarginTextZone"/><OtherTag ID="BT15" LABEL="NumberingZone" DESCRIPTION="block type NumberingZone"/><OtherTag ID="BT17" LABEL="QuireMarksZone" DESCRIPTION="block type QuireMarksZone"/><OtherTag ID="BT18" LABEL="RunningTitleZone" DESCRIPTION="block type RunningTitleZone"/><OtherTag ID="BT20" LABEL="StampZone" DESCRIPTION="block type StampZone"/><OtherTag ID="BT21" LABEL="TableZone" DESCRIPTION="block type TableZone"/><OtherTag ID="BT22" LABEL="TitlePageZone" DESCRIPTION="block type TitlePageZone"/><OtherTag ID="BT132" LABEL="MarginTextZone:handwrittenAddition" DESCRIPTION="block type MarginTextZone:handwrittenAddition"/>
    <OtherTag ID="LT7" LABEL="CustomLine" DESCRIPTION="line type CustomLine"/><OtherTag ID="LT8" LABEL="DefaultLine" DESCRIPTION="line type DefaultLine"/><OtherTag ID="LT9" LABEL="DropCapitalLine" DESCRIPTION="line type DropCapitalLine"/><OtherTag ID="LT10" LABEL="HeadingLine" DESCRIPTION="line type HeadingLine"/><OtherTag ID="LT11" LABEL="InterlinearLine" DESCRIPTION="line type InterlinearLine"/><OtherTag ID="LT125" LABEL="default" DESCRIPTION="line type default"/>
  </Tags>
  <Layout>
    <Page WIDTH="2212"
          HEIGHT="3563"
          PHYSICAL_IMG_NR="234"
          ID="eSc_dummypage_">
      <PrintSpace HPOS="0"
                  VPOS="0"
                  WIDTH="2212"
                  HEIGHT="3563">
        <TextBlock HPOS="316"
                   VPOS="136"
                   WIDTH="1108"
                   HEIGHT="148"
                   ID="eSc_textblock_a6ed5484"
                   TAGREFS="BT18">
          <Shape><Polygon POINTS="324 148 316 284 1424 268 1424 136"/></Shape>
          <TextLine ID="eSc_line_3a940785"
                    TAGREFS="LT10"
                    BASELINE="324 243 1419 229" 
                    HPOS="318"
                    VPOS="118"
                    WIDTH="1100"
                    HEIGHT="161">
            <Shape><Polygon POINTS="321 279 440 261 547 276 576 276 576 273 594 261 606 273 621 273 642 258 787 273 796 273 796 270 811 258 1108 270 1207 252 1230 267 1245 267 1266 252 1296 267 1302 267 1415 252 1418 228 1415 160 1257 118 1013 124 969 163 787 163 710 124 701 124 585 154 547 139 535 139 517 160 434 127 318 151 321 240"/></Shape>
	    <String CONTENT="⁊ du merite. Chap̃.ix."
                    HPOS="318"
                    VPOS="118"
                    WIDTH="1100"
                    HEIGHT="161"
                    WC="0.9919469139792703"></String>
          </TextLine>
        </TextBlock>
        <TextBlock HPOS="100"
                   VPOS="264"
                   WIDTH="1499"
                   HEIGHT="2716"
                   ID="eSc_textblock_ac996214"
                   TAGREFS="BT12">
          <Shape><Polygon POINTS="100 308 144 2980 1181 2952 1572 2952 1567 2746 1595 2588 1599 2565 1559 2387 1551 2043 1573 1685 1563 1637 1539 1522 1513 544 1560 264"/></Shape>
          <TextLine ID="eSc_line_7e4699c2"
                    TAGREFS="LT8"
                    BASELINE="112 364 1538 334" 
                    HPOS="110"
                    VPOS="271"
                    WIDTH="1428"
                    HEIGHT="118">
            <Shape><Polygon POINTS="110 314 112 364 112 380 172 389 174 389 176 389 203 380 209 378 241 378 394 385 396 385 675 372 790 366 819 370 863 374 865 374 912 368 938 364 946 366 962 374 964 374 966 374 1091 364 1180 358 1538 358 1538 334 1532 271 1396 281 1338 275 1289 271 1287 271 1285 271 1283 271 1275 277 1271 281 1265 277 1257 271 1255 271 1253 271 1251 271 1249 271 1229 279 1209 287 1061 288 1029 285 988 277 986 277 916 279 914 279 912 279 903 287 899 290 889 288 861 281 859 281 857 281 855 281 853 281 845 288 839 292 802 290 701 283 699 283 697 283 695 283 681 292 677 296 667 294 637 285 635 285 633 285 631 285 609 294 607 296 590 296 512 290 510 290 508 290 493 298 489 300 473 298 398 290 396 290 394 290 392 290 376 302 374 304 293 304 289 304 243 292 241 292 239 292 237 292 203 306 203 308 124 308 110 314"/></Shape>
	    <String CONTENT="ne termineroit pas le catalogue ou le recueil"
                    HPOS="110"
                    VPOS="271"
                    WIDTH="1428"
                    HEIGHT="118"></String>
          </TextLine>
          <TextLine ID="eSc_line_eb3bca6f"
                    TAGREFS="LT8"
                    BASELINE="120 445 1516 415" 
                    HPOS="118"
                    VPOS="350"
                    WIDTH="1398"
                    HEIGHT="119">
            <Shape><Polygon POINTS="120 445 120 465 388 469 390 469 453 459 465 457 469 457 487 467 489 467 491 467 548 457 556 455 560 455 580 465 582 465 584 465 586 465 611 455 617 453 627 455 671 463 673 463 675 463 701 453 706 451 734 451 861 459 863 459 920 447 926 447 928 447 954 457 956 457 958 457 1110 443 1142 441 1150 443 1186 451 1188 451 1190 451 1390 439 1417 447 1419 447 1421 447 1516 433 1516 415 1512 364 1459 352 1457 352 1455 352 1406 364 1390 350 1388 350 1386 350 1328 350 1326 350 1241 366 1227 368 1215 366 1146 354 1144 354 1142 354 1140 354 1120 368 1116 370 1103 368 1069 362 1067 362 1065 362 1053 368 1045 372 1035 368 1005 358 1004 358 1002 358 1000 358 958 370 942 374 926 370 893 360 891 360 889 360 815 372 768 378 758 372 746 364 744 364 742 364 677 364 675 364 625 374 580 382 524 374 487 370 485 370 483 370 469 376 447 384 419 376 413 374 411 374 409 374 374 376 209 389 118 380 120 445"/></Shape>
	    <String CONTENT="de ces dõs icy par telle cõclusiõ/ de dire. Mais"
                    HPOS="118"
                    VPOS="350"
                    WIDTH="1398"
                    HEIGHT="119"
                    WC="0.9925444137816336"></String>
          </TextLine>
          <TextLine ID="eSc_line_ba783d1b"
                    TAGREFS="LT8"
                    BASELINE="142 530 1501 500" 
                    HPOS="140"
                    VPOS="433"
                    WIDTH="1361"
                    HEIGHT="125">
            <Shape><Polygon POINTS="142 530 142 544 190 554 192 554 194 554 196 554 196 552 203 544 227 558 229 558 231 558 322 556 324 556 362 540 388 540 411 540 429 552 431 552 433 552 435 552 528 536 530 536 532 536 592 550 594 550 681 532 685 532 712 546 714 546 716 546 825 534 883 542 885 542 887 542 889 542 901 532 944 542 946 542 948 542 950 542 972 528 990 536 992 536 994 536 1047 524 1049 524 1122 538 1124 538 1126 538 1154 524 1196 536 1198 536 1200 536 1320 518 1406 532 1407 532 1501 512 1501 500 1497 447 1407 433 1406 433 1301 449 774 447 772 447 679 463 522 453 520 453 518 453 489 469 437 469 415 455 413 455 411 455 409 455 407 455 374 469 330 457 328 457 326 457 324 457 322 457 302 471 154 461 152 461 150 461 148 461 148 463 140 469 142 530"/></Shape>
	    <String CONTENT="ung seul ⁊ mesme esprit faict toutes ces cho¬"
                    HPOS="140"
                    VPOS="433"
                    WIDTH="1361"
                    HEIGHT="125"></String>
          </TextLine>
          <TextLine ID="eSc_line_b75220e6"
                    TAGREFS="LT8"
                    BASELINE="148 613 1499 585" 
                    HPOS="146"
                    VPOS="514"
                    WIDTH="1353"
                    HEIGHT="129">
            <Shape><Polygon POINTS="148 613 148 643 215 629 302 639 326 641 328 641 330 641 338 637 366 625 415 635 435 639 437 639 439 639 457 635 499 621 639 619 677 627 703 633 704 633 790 623 819 621 837 623 901 629 903 629 904 629 928 619 944 613 960 619 986 627 988 627 990 627 1061 625 1063 625 1065 625 1077 615 1081 613 1099 615 1200 623 1202 623 1204 623 1206 623 1221 611 1225 607 1233 609 1263 621 1265 621 1267 621 1269 621 1299 607 1307 605 1312 607 1332 615 1334 615 1336 615 1400 605 1413 603 1417 605 1453 617 1455 617 1457 617 1459 617 1499 601 1499 585 1495 526 1411 514 1409 514 1407 514 1358 528 1352 530 1346 528 1307 516 1305 516 1303 516 1172 534 1158 534 1154 534 1118 520 1116 520 1114 520 1031 522 1029 522 1027 522 1027 524 1011 536 1009 538 1000 538 903 526 901 526 899 526 845 540 825 526 823 526 821 526 819 526 817 526 786 542 740 532 738 532 736 532 734 532 720 544 718 544 716 544 627 530 625 530 558 544 461 534 459 534 457 534 425 550 348 540 346 540 344 540 342 540 320 554 241 554 174 540 172 540 170 540 168 540 146 552 148 613"/></Shape>
	    <String CONTENT="ses/ en diuisãt a ung chascun selõ ce qͥl ueult."
                    HPOS="146"
                    VPOS="514"
                    WIDTH="1353"
                    HEIGHT="129"
                    WC="0.9739806032180787"></String>
          </TextLine>
          <TextLine ID="eSc_line_1cb8d401"
                    TAGREFS="LT8"
                    BASELINE="150 694 1503 667" 
                    HPOS="148"
                    VPOS="609"
                    WIDTH="1355"
                    HEIGHT="111">
            <Shape><Polygon POINTS="150 694 150 720 245 708 291 716 301 718 302 718 304 718 310 716 344 706 469 712 534 714 536 714 538 714 548 710 564 702 594 708 617 712 619 712 621 712 623 712 631 706 643 700 722 704 802 708 804 708 805 708 819 702 831 696 865 700 918 706 920 706 922 706 950 698 960 694 968 696 984 704 986 704 988 704 1081 694 1114 690 1120 692 1136 700 1138 700 1140 700 1326 688 1390 696 1392 696 1503 680 1503 667 1497 609 148 633 150 694"/></Shape>
	    <String CONTENT="La ou ueritablemẽt sil eut uoulu entẽdre des"
                    HPOS="148"
                    VPOS="609"
                    WIDTH="1355"
                    HEIGHT="111"
                    WC="0.9943160634973774"></String>
          </TextLine>
          <TextLine ID="eSc_line_13bba1b2"
                    TAGREFS="LT8"
                    BASELINE="136 775 1510 754" 
                    HPOS="134"
                    VPOS="684"
                    WIDTH="1376"
                    HEIGHT="119">
            <Shape><Polygon POINTS="136 775 136 803 261 803 261 801 263 801 267 799 293 789 356 797 372 799 374 799 376 799 378 799 380 797 396 787 471 795 495 797 497 797 499 797 508 795 540 785 594 793 602 793 603 793 617 793 701 783 726 789 736 793 738 793 740 793 742 793 744 793 748 789 764 781 839 787 881 791 883 791 906 787 940 779 1027 783 1089 787 1091 787 1093 787 1112 783 1144 775 1176 781 1202 785 1204 785 1510 773 1510 754 1503 690 1469 698 1425 690 1382 684 1380 684 1340 692 1316 698 1295 694 1257 686 1255 686 1196 696 1162 702 1154 696 1146 690 1144 690 1142 690 1140 690 1105 698 1079 704 1069 698 1053 690 1051 690 1049 690 912 692 910 692 883 702 869 708 835 704 764 694 762 694 760 694 758 694 740 706 732 710 683 708 582 700 580 700 524 710 502 714 469 712 352 702 350 702 134 718 136 775"/></Shape>
	    <String CONTENT="causes des merites/ il diroit. En diuisãt a ung"
                    HPOS="134"
                    VPOS="684"
                    WIDTH="1376"
                    HEIGHT="119"
                    WC="0.9911747984588146"></String>
          </TextLine>
          <TextLine ID="eSc_line_ba5229b4"
                    TAGREFS="LT8"
                    BASELINE="126 861 1512 835" 
                    HPOS="124"
                    VPOS="766"
                    WIDTH="1388"
                    HEIGHT="124">
            <Shape><Polygon POINTS="126 861 126 878 205 890 207 890 209 890 233 880 316 888 318 888 320 888 322 888 340 876 342 874 358 876 433 886 435 886 437 886 461 874 465 872 481 874 546 884 548 884 603 872 613 870 621 872 653 882 655 882 657 882 734 870 766 866 792 870 855 878 857 878 859 878 861 878 861 876 871 868 875 865 924 868 1017 874 1019 874 1067 866 1099 861 1124 865 1166 872 1168 872 1170 872 1202 865 1221 859 1237 863 1253 868 1255 868 1257 868 1259 868 1281 863 1303 857 1318 863 1334 868 1336 868 1338 868 1340 868 1362 863 1380 857 1508 859 1512 835 1503 766 1477 783 1344 783 1312 771 1307 770 1305 770 1303 770 1301 770 1299 770 1297 771 1285 781 1269 773 1267 773 1265 773 1263 773 1182 787 1122 777 1120 777 1118 777 1116 777 1114 777 1101 789 1004 789 972 781 962 779 960 779 958 779 956 779 946 781 918 791 891 783 867 777 865 777 863 777 861 777 843 785 823 793 807 785 790 779 788 779 786 779 784 779 756 787 732 795 722 789 712 781 710 781 708 781 661 781 659 781 657 781 655 781 643 791 639 795 621 791 580 783 578 783 576 783 544 793 528 799 502 795 439 785 437 785 267 789 265 789 239 803 235 803 170 791 168 791 166 791 124 803 126 861"/></Shape>
	    <String CONTENT="chascun selon ce qͥlz deseruent: cõme il ꝓmet"
                    HPOS="124"
                    VPOS="766"
                    WIDTH="1388"
                    HEIGHT="124"
                    WC="0.9882242731426073"></String>
          </TextLine>
          <TextLine ID="eSc_line_7efef6d9"
                    TAGREFS="LT8"
                    BASELINE="124 942 1503 914" 
                    HPOS="122"
                    VPOS="857"
                    WIDTH="1381"
                    HEIGHT="116">
            <Shape><Polygon POINTS="124 942 124 962 314 973 316 973 318 973 360 960 415 971 417 971 419 971 421 971 445 956 447 956 451 956 489 963 491 963 536 954 542 954 546 954 588 967 590 967 592 967 594 967 647 952 649 952 651 952 685 965 687 965 689 965 691 965 693 965 714 950 716 950 724 950 788 962 790 962 792 962 825 948 829 948 835 948 908 962 910 962 912 962 948 946 950 946 966 946 1204 956 1206 956 1285 954 1287 954 1289 954 1307 938 1310 938 1340 948 1342 948 1344 948 1503 934 1503 914 1497 857 1352 866 1318 861 1297 857 1295 857 1263 863 1221 868 1160 865 1101 861 1099 861 1051 866 1000 874 960 870 916 865 914 865 912 865 910 865 904 870 897 878 802 878 732 876 661 872 659 872 627 878 603 882 586 878 558 874 556 874 524 880 504 884 455 882 312 876 310 876 308 876 306 876 295 886 291 888 271 888 166 880 164 880 162 880 122 890 124 942"/></Shape>
	    <String CONTENT="aux plãteurs ⁊ aux arrouseurs le loyer de de¬"
                    HPOS="122"
                    VPOS="857"
                    WIDTH="1381"
                    HEIGHT="116"
                    WC="0.9848986008892888"></String>
          </TextLine>
          <TextLine ID="eSc_line_9dbfffbe"
                    TAGREFS="LT8"
                    BASELINE="130 1027 1502 999" 
                    HPOS="124"
                    VPOS="926"
                    WIDTH="1377"
                    HEIGHT="136">
            <Shape><Polygon POINTS="127 1024 127 1062 600 1042 639 1054 642 1054 645 1054 787 1039 1013 1048 1040 1048 1043 1048 1046 1048 1049 1048 1049 1045 1052 1045 1061 1033 1498 1036 1501 997 1495 944 1358 926 1355 926 1352 926 1349 926 1349 929 1331 944 1326 944 930 935 927 935 924 935 885 953 883 953 865 953 740 938 737 938 597 941 594 941 591 941 570 956 564 959 544 956 437 944 434 944 124 962 127 1024"/></Shape>
	    <String CONTENT="uotion/ disant. * Et ung chascun receura son"
                    HPOS="124"
                    VPOS="926"
                    WIDTH="1377"
                    HEIGHT="136"></String>
          </TextLine>
          <TextLine ID="eSc_line_27e83685"
                    TAGREFS="LT8"
                    BASELINE="136 1112 1507 1082" 
                    HPOS="134"
                    VPOS="1019"
                    WIDTH="1373"
                    HEIGHT="125">
            <Shape><Polygon POINTS="136 1112 136 1144 225 1130 245 1142 247 1142 249 1142 251 1142 261 1140 334 1128 398 1136 415 1138 417 1138 419 1138 421 1138 423 1136 437 1126 457 1134 461 1136 463 1136 465 1136 467 1136 475 1134 504 1126 526 1132 540 1136 542 1136 544 1136 566 1132 603 1122 633 1128 653 1134 655 1134 657 1134 714 1126 750 1122 772 1124 817 1130 819 1130 867 1122 899 1116 912 1120 938 1128 940 1128 942 1128 944 1128 946 1128 956 1118 964 1114 988 1118 1045 1126 1047 1126 1049 1126 1091 1114 1101 1112 1106 1114 1134 1124 1136 1124 1138 1124 1140 1124 1170 1112 1176 1110 1182 1112 1215 1122 1217 1122 1219 1122 1221 1122 1223 1122 1223 1120 1235 1110 1237 1108 1259 1108 1388 1118 1390 1118 1392 1118 1394 1118 1415 1104 1417 1102 1507 1100 1507 1082 1503 1019 1394 1019 1392 1019 1390 1019 1388 1019 1384 1021 1366 1033 1330 1023 1326 1023 1324 1023 1322 1023 1320 1023 1318 1023 1303 1035 1263 1025 1247 1023 1245 1023 1213 1027 1138 1039 1091 1031 1051 1025 1049 1025 1047 1025 1045 1025 1035 1033 1027 1041 1002 1035 996 1033 994 1033 992 1033 974 1035 924 1043 910 1037 901 1033 899 1033 897 1033 895 1033 893 1033 893 1035 889 1037 883 1043 857 1039 827 1035 825 1035 796 1041 766 1047 744 1043 701 1033 699 1033 697 1033 695 1033 681 1045 673 1049 635 1047 524 1037 522 1037 520 1037 489 1051 483 1053 463 1051 346 1041 344 1041 342 1041 289 1057 287 1057 285 1057 176 1045 174 1045 172 1045 134 1059 136 1112"/></Shape>
	    <String CONTENT="propre loyer selon son labeur. Parquoy est dõ"
                    HPOS="134"
                    VPOS="1019"
                    WIDTH="1373"
                    HEIGHT="125"
                    WC="0.997745244399361"></String>
          </TextLine>
          <TextLine ID="eSc_line_8c8d954a"
                    TAGREFS="LT8"
                    BASELINE="132 1193 1516 1167" 
                    HPOS="130"
                    VPOS="1102"
                    WIDTH="1386"
                    HEIGHT="119">
            <Shape><Polygon POINTS="132 1193 132 1209 279 1209 324 1221 326 1221 328 1221 330 1221 332 1221 348 1207 362 1219 364 1219 366 1219 368 1221 433 1221 433 1219 514 1207 580 1215 582 1215 584 1215 586 1215 600 1203 603 1203 768 1213 770 1213 853 1199 855 1199 857 1199 893 1209 895 1209 897 1209 899 1209 901 1209 912 1197 914 1197 918 1197 980 1209 982 1209 1051 1195 1055 1195 1071 1205 1073 1205 1075 1205 1077 1205 1172 1193 1196 1191 1217 1193 1301 1203 1303 1203 1305 1203 1342 1191 1350 1189 1356 1191 1396 1201 1398 1201 1400 1201 1402 1201 1435 1189 1445 1187 1514 1187 1516 1167 1510 1102 1368 1122 1279 1122 1235 1110 1223 1106 1221 1106 1219 1106 1217 1106 1215 1106 1209 1110 1188 1124 1067 1114 1027 1112 1025 1112 1023 1112 1007 1116 968 1128 940 1120 938 1120 936 1120 780 1130 758 1124 732 1116 730 1116 728 1116 726 1116 724 1116 714 1126 706 1132 683 1126 657 1120 655 1120 653 1120 651 1120 629 1128 615 1132 603 1128 566 1118 564 1118 562 1118 560 1118 532 1130 471 1120 469 1120 467 1120 465 1120 449 1134 441 1138 417 1134 344 1122 342 1122 340 1122 285 1136 253 1128 251 1128 249 1128 247 1128 245 1128 245 1130 233 1140 229 1144 130 1144 132 1193"/></Shape>
	    <String CONTENT="ne a ung chascun sans merite/ ce dequoy il"
                    HPOS="130"
                    VPOS="1102"
                    WIDTH="1386"
                    HEIGHT="119"
                    WC="0.989625849894115"></String>
          </TextLine>
          <TextLine ID="eSc_line_4e8b535e"
                    TAGREFS="LT8"
                    BASELINE="132 1278 1518 1251" 
                    HPOS="130"
                    VPOS="1187"
                    WIDTH="1388"
                    HEIGHT="119">
            <Shape><Polygon POINTS="132 1278 132 1306 724 1284 734 1290 738 1294 740 1294 742 1294 744 1294 865 1292 867 1292 869 1292 875 1286 881 1282 897 1286 918 1292 920 1292 922 1292 924 1292 940 1284 950 1280 1029 1282 1140 1286 1142 1286 1144 1286 1146 1286 1154 1278 1158 1276 1166 1278 1192 1286 1194 1286 1196 1286 1287 1276 1320 1272 1340 1274 1415 1282 1417 1282 1516 1268 1518 1251 1514 1199 1352 1187 1350 1187 1348 1187 1312 1201 1253 1189 1251 1189 1249 1189 1217 1203 1138 1191 1136 1191 1134 1191 1132 1191 1112 1207 1053 1207 1023 1193 1021 1193 1019 1193 926 1195 924 1195 897 1209 766 1201 764 1201 762 1201 720 1213 639 1205 637 1205 635 1205 633 1205 619 1217 512 1217 431 1205 429 1205 328 1221 312 1209 310 1209 308 1209 306 1209 304 1209 302 1209 289 1223 130 1225 132 1278"/></Shape>
	    <String CONTENT="pourra tẽdre au merite: ⁊ est dõne deuãt q̃lque"
                    HPOS="130"
                    VPOS="1187"
                    WIDTH="1388"
                    HEIGHT="119"
                    WC="0.9884560298919678"></String>
          </TextLine>
          <TextLine ID="eSc_line_67cec486"
                    TAGREFS="LT8"
                    BASELINE="132 1361 1510 1332" 
                    HPOS="130"
                    VPOS="1268"
                    WIDTH="1380"
                    HEIGHT="123">
            <Shape><Polygon POINTS="132 1361 132 1379 186 1391 188 1391 190 1391 221 1379 229 1379 382 1383 384 1383 386 1383 402 1375 409 1373 443 1375 552 1385 554 1385 556 1385 596 1373 611 1369 625 1373 661 1383 663 1383 665 1383 667 1383 669 1383 669 1381 681 1371 687 1367 712 1371 772 1381 774 1381 1103 1373 1105 1373 1122 1365 1144 1357 1176 1365 1206 1371 1207 1371 1209 1371 1225 1363 1247 1355 1310 1363 1320 1363 1322 1363 1328 1363 1372 1353 1396 1361 1409 1367 1411 1367 1413 1367 1415 1367 1435 1361 1461 1353 1507 1359 1510 1332 1507 1278 1407 1272 1406 1272 1404 1272 1402 1272 1392 1280 1390 1282 1388 1280 1366 1268 1364 1268 1362 1268 1360 1268 1328 1282 1320 1286 1071 1288 1007 1288 984 1276 982 1276 980 1276 871 1278 794 1294 704 1282 703 1282 701 1282 669 1294 562 1288 560 1288 497 1302 449 1288 447 1288 445 1288 443 1288 402 1304 223 1292 221 1292 154 1294 152 1294 150 1294 130 1306 132 1361"/></Shape>
	    <String CONTENT="labeur/ ce dequoy ung chascun receura loyer"
                    HPOS="130"
                    VPOS="1268"
                    WIDTH="1380"
                    HEIGHT="123"
                    WC="0.9892775693605113"></String>
          </TextLine>
          <TextLine ID="eSc_line_d908f5ca"
                    TAGREFS="LT8"
                    BASELINE="136 1444 1516 1413" 
                    HPOS="130"
                    VPOS="1342"
                    WIDTH="1383"
                    HEIGHT="133">
            <Shape><Polygon POINTS="133 1443 133 1475 1489 1451 1492 1451 1495 1451 1513 1437 1513 1410 1504 1342 130 1368 133 1443"/></Shape>
	    <String CONTENT="selon sa labeur. * Car cõbien q̃ tous biẽs soiẽt"
                    HPOS="130"
                    VPOS="1342"
                    WIDTH="1383"
                    HEIGHT="133"></String>
          </TextLine>
          <TextLine ID="eSc_line_bf7a44b1"
                    TAGREFS="LT8"
                    BASELINE="138 1526 1516 1498" 
                    HPOS="133"
                    VPOS="1443"
                    WIDTH="1380"
                    HEIGHT="103">
            <Shape><Polygon POINTS="136 1523 136 1546 1513 1520 1513 1496 1504 1443 133 1460 136 1523"/></Shape>
	    <String CONTENT="dons de dieu: neantmoins pourtãt sõt aucuns"
                    HPOS="133"
                    VPOS="1443"
                    WIDTH="1380"
                    HEIGHT="103"
                    WC="0.9773199942376879"></String>
          </TextLine>
          <TextLine ID="eSc_line_262ba0ef"
                    TAGREFS="LT8"
                    BASELINE="138 1607 1524 1580" 
                    HPOS="133"
                    VPOS="1511"
                    WIDTH="1389"
                    HEIGHT="130">
            <Shape><Polygon POINTS="136 1606 136 1641 1150 1618 1156 1618 1210 1630 1213 1630 1216 1630 1218 1630 1236 1615 1239 1615 1248 1615 1361 1627 1364 1627 1522 1606 1522 1579 1516 1526 1394 1511 1391 1511 1388 1511 1385 1511 1361 1526 1251 1514 1248 1514 1245 1514 1207 1529 1198 1529 906 1520 903 1520 900 1520 897 1520 877 1535 874 1535 865 1535 597 1526 594 1526 133 1546 136 1606"/></Shape>
	    <String CONTENT="dõnez uoire aussi sans ce qͥlz soiẽt demandez/"
                    HPOS="133"
                    VPOS="1511"
                    WIDTH="1389"
                    HEIGHT="130"
                    WC="0.9995020739734173"></String>
          </TextLine>
          <TextLine ID="eSc_line_1c0f2759"
                    TAGREFS="LT8"
                    BASELINE="150 1694 1552 1662" 
                    HPOS="145"
                    VPOS="1594"
                    WIDTH="1406"
                    HEIGHT="122">
            <Shape><Polygon POINTS="148 1692 148 1716 1551 1692 1551 1659 1543 1594 145 1627 148 1692"/></Shape>
	    <String CONTENT="affinq̃ par ceulx qui sont receuz ceulx qui ne"
                    HPOS="145"
                    VPOS="1594"
                    WIDTH="1406"
                    HEIGHT="122"
                    WC="0.9520432625127875"></String>
          </TextLine>
          <TextLine ID="eSc_line_a582d11a"
                    TAGREFS="LT8"
                    BASELINE="168 1775 1558 1749" 
                    HPOS="163"
                    VPOS="1686"
                    WIDTH="1394"
                    HEIGHT="116">
            <Shape><Polygon POINTS="166 1772 166 1802 1557 1772 1557 1748 1548 1686 163 1701 166 1772"/></Shape>
	    <String CONTENT="sont pas encore dõnez soiẽt demandez. Certes"
                    HPOS="163"
                    VPOS="1686"
                    WIDTH="1394"
                    HEIGHT="116"
                    WC="0.9872684310311857"></String>
          </TextLine>
          <TextLine ID="eSc_line_f2fa47ff"
                    TAGREFS="LT8"
                    BASELINE="158 1858 1545 1832" 
                    HPOS="154"
                    VPOS="1757"
                    WIDTH="1389"
                    HEIGHT="131">
            <Shape><Polygon POINTS="157 1855 157 1876 499 1888 502 1888 1543 1852 1543 1831 1537 1772 1373 1757 1370 1757 1367 1757 1364 1757 1364 1760 1361 1760 1352 1772 1221 1760 1218 1760 1216 1760 1213 1760 1186 1775 505 1772 502 1772 499 1772 496 1772 496 1775 493 1775 484 1787 327 1775 324 1775 154 1793 157 1855"/></Shape>
	    <String CONTENT="la semẽce qͥ est iectee en la terre/ icelle nest pas"
                    HPOS="154"
                    VPOS="1757"
                    WIDTH="1389"
                    HEIGHT="131"></String>
          </TextLine>
          <TextLine ID="eSc_line_e014f6c2"
                    TAGREFS="LT8"
                    BASELINE="156 1943 1526 1916" 
                    HPOS="151"
                    VPOS="1837"
                    WIDTH="1374"
                    HEIGHT="137">
            <Shape><Polygon POINTS="154 1941 154 1974 1525 1935 1525 1915 1513 1837 1462 1855 1180 1846 1100 1846 1097 1846 1094 1846 1091 1846 1091 1849 1088 1849 1076 1861 847 1858 627 1855 624 1855 621 1855 618 1855 606 1867 597 1876 523 1876 502 1870 457 1858 454 1858 451 1858 151 1879 154 1941"/></Shape>
	    <String CONTENT="semee affin quelle demeure seullement: mais"
                    HPOS="151"
                    VPOS="1837"
                    WIDTH="1374"
                    HEIGHT="137"
                    WC="0.992970064628956"></String>
          </TextLine>
          <TextLine ID="eSc_line_e1535a96"
                    TAGREFS="LT8"
                    BASELINE="148 2026 1530 2001" 
                    HPOS="146"
                    VPOS="1933"
                    WIDTH="1384"
                    HEIGHT="121">
            <Shape><Polygon POINTS="148 2026 148 2054 572 2036 629 2042 677 2046 679 2046 716 2040 744 2034 760 2038 774 2042 776 2042 778 2042 780 2042 782 2042 782 2040 784 2040 786 2038 790 2032 829 2036 889 2042 891 2042 964 2032 1000 2028 1027 2030 1103 2038 1105 2038 1293 2024 1316 2022 1324 2022 1386 2032 1388 2032 1473 2021 1493 2030 1495 2030 1497 2030 1499 2030 1530 2017 1530 2001 1524 1945 1459 1945 1445 1933 1443 1933 1441 1933 1439 1933 1437 1933 1435 1933 1415 1947 1411 1949 1265 1949 1261 1949 1204 1935 1202 1935 1200 1935 1172 1951 1170 1951 1150 1951 895 1941 893 1941 891 1941 889 1941 889 1943 877 1955 851 1943 849 1943 804 1943 802 1943 800 1943 798 1943 778 1959 776 1959 766 1959 677 1945 675 1945 558 1963 548 1963 544 1963 506 1949 504 1949 502 1949 431 1961 354 1951 352 1951 350 1951 318 1963 247 1953 245 1953 146 1969 148 2026"/></Shape>
	    <String CONTENT="affin q̃ en fructifiãt elle soit en grãd nombre."
                    HPOS="146"
                    VPOS="1933"
                    WIDTH="1384"
                    HEIGHT="121"
                    WC="0.9959636294841766"></String>
          </TextLine>
          <TextLine ID="eSc_line_d81783b3"
                    TAGREFS="LT8"
                    BASELINE="146 2112 1536 2082" 
                    HPOS="144"
                    VPOS="2017"
                    WIDTH="1392"
                    HEIGHT="120">
            <Shape><Polygon POINTS="146 2112 146 2129 279 2137 281 2137 354 2127 370 2125 394 2125 510 2133 512 2133 514 2133 534 2123 540 2121 578 2123 695 2129 697 2129 766 2119 800 2116 825 2119 877 2125 879 2125 946 2118 988 2112 1061 2116 1162 2119 1164 2119 1346 2116 1348 2116 1350 2116 1358 2110 1368 2104 1534 2106 1536 2082 1530 2028 1364 2030 1362 2030 1340 2017 1338 2017 1336 2017 1334 2017 1245 2034 1237 2034 1221 2034 1095 2026 1093 2026 986 2038 950 2026 948 2026 946 2026 855 2042 851 2042 829 2028 827 2028 825 2028 778 2028 776 2028 712 2030 710 2030 708 2030 685 2046 683 2046 669 2046 502 2034 501 2034 499 2034 453 2050 451 2050 362 2040 360 2040 358 2040 312 2054 310 2054 308 2054 277 2040 275 2040 273 2040 182 2042 180 2042 144 2054 146 2112"/></Shape>
	    <String CONTENT="Et le prouffit dicelle uient de celuy qui donne"
                    HPOS="144"
                    VPOS="2017"
                    WIDTH="1392"
                    HEIGHT="120"
                    WC="0.9983660680182437"></String>
          </TextLine>
          <TextLine ID="eSc_line_5a2c094f"
                    TAGREFS="LT8"
                    BASELINE="148 2191 1538 2167" 
                    HPOS="146"
                    VPOS="2102"
                    WIDTH="1392"
                    HEIGHT="114">
            <Shape><Polygon POINTS="148 2191 148 2209 378 2216 380 2216 382 2216 415 2207 590 2213 592 2213 594 2213 596 2213 613 2201 615 2201 629 2201 718 2211 720 2211 823 2199 825 2199 831 2199 1136 2203 1138 2203 1198 2191 1207 2191 1217 2191 1301 2201 1303 2201 1536 2185 1538 2167 1534 2106 1449 2102 1447 2102 1445 2102 1425 2108 1396 2116 1386 2108 1380 2104 1378 2104 1376 2104 1374 2104 1243 2106 1241 2106 1223 2112 1209 2118 1204 2114 1198 2108 1196 2108 1194 2108 1192 2108 1132 2114 1069 2121 1027 2118 962 2110 960 2110 958 2110 930 2119 916 2123 881 2121 823 2116 821 2116 819 2116 802 2121 794 2125 784 2123 754 2114 752 2114 750 2114 748 2114 722 2123 714 2127 693 2125 617 2116 615 2116 613 2116 586 2127 580 2129 570 2127 510 2118 508 2118 506 2118 475 2129 471 2131 461 2131 378 2119 376 2119 314 2133 314 2135 146 2137 148 2191"/></Shape>
	    <String CONTENT="accroissemẽt: mais la terre uiue ⁊ desia fertile"
                    HPOS="146"
                    VPOS="2102"
                    WIDTH="1392"
                    HEIGHT="114"
                    WC="0.9995824220229168"></String>
          </TextLine>
          <TextLine ID="eSc_line_0b8127c9"
                    TAGREFS="LT8"
                    BASELINE="156 2272 1540 2250" 
                    HPOS="154"
                    VPOS="2187"
                    WIDTH="1386"
                    HEIGHT="119">
            <Shape><Polygon POINTS="156 2272 156 2292 251 2306 253 2306 255 2306 293 2292 326 2304 328 2304 330 2304 332 2304 378 2292 402 2304 403 2304 405 2304 483 2302 485 2302 487 2302 504 2290 536 2300 538 2300 540 2300 542 2300 544 2300 558 2288 621 2300 623 2300 625 2300 627 2300 643 2290 780 2298 782 2298 784 2298 815 2286 908 2296 910 2296 912 2296 914 2296 932 2282 1033 2294 1035 2294 1037 2294 1081 2278 1192 2278 1215 2290 1217 2290 1219 2290 1285 2276 1299 2288 1301 2288 1303 2288 1305 2290 1356 2290 1356 2288 1358 2288 1360 2288 1374 2276 1445 2286 1447 2286 1449 2286 1451 2286 1469 2272 1540 2270 1540 2250 1536 2187 1443 2187 1441 2187 1439 2187 1437 2187 1415 2199 1336 2189 1326 2189 1324 2189 1322 2189 1320 2189 1305 2201 1211 2191 1198 2191 1196 2191 1194 2191 1188 2193 1138 2205 1061 2195 1045 2193 1043 2193 1041 2193 1037 2195 1015 2207 968 2195 960 2195 958 2195 956 2195 950 2197 904 2209 772 2199 756 2199 754 2199 752 2199 748 2199 706 2211 669 2201 659 2199 657 2199 655 2199 653 2199 647 2201 625 2213 154 2211 156 2272"/></Shape>
	    <String CONTENT="de la pluye/ par la grace: a/ que dicelle est attẽ"
                    HPOS="154"
                    VPOS="2187"
                    WIDTH="1386"
                    HEIGHT="119"
                    WC="0.9791039660865185"></String>
          </TextLine>
          <TextLine ID="eSc_line_8ddfa2b1"
                    TAGREFS="LT8"
                    BASELINE="170 2355 998 2345" 
                    HPOS="168"
                    VPOS="2284"
                    WIDTH="830"
                    HEIGHT="99">
            <Shape><Polygon POINTS="170 2355 170 2377 203 2383 205 2383 207 2383 209 2383 215 2377 221 2373 227 2377 233 2383 235 2383 237 2383 239 2383 241 2383 271 2375 291 2371 304 2375 322 2381 324 2381 326 2381 328 2381 330 2381 336 2375 340 2371 344 2375 350 2379 350 2381 352 2381 354 2381 356 2383 425 2383 425 2381 487 2371 522 2367 564 2371 663 2379 665 2379 667 2379 703 2367 712 2365 802 2365 805 2365 827 2377 829 2377 831 2377 833 2377 879 2365 887 2363 996 2363 998 2345 994 2300 899 2284 897 2284 817 2300 809 2300 800 2300 673 2286 671 2286 669 2286 667 2286 667 2288 655 2300 653 2304 435 2304 429 2300 415 2290 413 2290 411 2290 409 2290 407 2290 405 2290 388 2300 386 2302 380 2300 342 2290 340 2290 338 2290 336 2290 334 2290 322 2300 316 2306 304 2300 283 2292 281 2292 279 2292 277 2292 275 2292 263 2300 263 2302 261 2300 249 2292 247 2292 245 2292 243 2292 241 2292 239 2292 229 2302 227 2302 225 2302 217 2294 217 2292 215 2292 213 2292 211 2292 168 2300 170 2355"/></Shape>
	    <String CONTENT="du de faire ce quelle a receu."
                    HPOS="168"
                    VPOS="2284"
                    WIDTH="830"
                    HEIGHT="99"
                    WC="0.9875769635041555"></String>
          </TextLine>
          <TextLine ID="eSc_line_3be9bd14"
                    TAGREFS="LT10"
                    BASELINE="409 2440 1344 2424" 
                    HPOS="407"
                    VPOS="2351"
                    WIDTH="937"
                    HEIGHT="117">
            <Shape><Polygon POINTS="409 2454 497 2468 499 2468 501 2468 534 2454 554 2466 556 2466 558 2466 560 2468 625 2468 625 2466 627 2466 653 2454 726 2464 728 2464 786 2450 794 2450 805 2450 871 2458 873 2458 875 2458 904 2450 910 2448 916 2450 946 2460 948 2460 950 2460 1004 2448 1017 2446 1021 2448 1033 2458 1035 2458 1037 2458 1039 2460 1108 2460 1108 2458 1110 2458 1112 2458 1128 2448 1134 2444 1144 2448 1170 2456 1172 2456 1174 2456 1223 2446 1247 2442 1342 2444 1344 2424 1342 2367 1328 2357 1326 2357 1324 2357 1322 2357 1320 2357 1273 2369 1233 2351 1231 2351 1229 2351 1227 2351 1225 2351 1200 2371 1200 2373 1180 2373 1140 2373 1114 2353 1112 2353 1110 2353 1108 2353 1039 2355 1037 2355 1035 2355 1013 2373 966 2361 964 2361 962 2361 960 2361 958 2361 938 2375 901 2363 899 2363 897 2363 895 2363 869 2377 867 2379 772 2379 760 2379 722 2361 720 2361 718 2361 716 2361 714 2361 697 2375 683 2365 681 2365 679 2365 677 2365 675 2365 641 2379 637 2383 572 2383 570 2381 530 2367 528 2367 433 2365 431 2365 429 2365 427 2365 407 2377 409 2440"/></Shape>
	    <String CONTENT="¶ Du mesme/ au .u. Chapitre."
                    HPOS="407"
                    VPOS="2351"
                    WIDTH="937"
                    HEIGHT="117"
                    WC="0.9841640570334026"></String>
          </TextLine>
          <TextLine ID="eSc_line_1634ff46"
                    TAGREFS="LT8"
                    BASELINE="164 2531 576 2513 1563 2498" 
                    HPOS="160"
                    VPOS="2416"
                    WIDTH="1400"
                    HEIGHT="134">
            <Shape><Polygon POINTS="814 2431 808 2431 743 2449 734 2455 573 2455 570 2455 544 2437 520 2437 496 2455 425 2440 422 2440 419 2440 347 2458 324 2440 324 2437 321 2437 318 2437 315 2437 172 2440 169 2440 166 2440 166 2443 163 2443 160 2443 163 2529 163 2550 1560 2517 1560 2497 1554 2434 1400 2416 1397 2416 1394 2416 1391 2416 1391 2419 1370 2437 1364 2440 1355 2437 1320 2428 1317 2428 1314 2428 948 2446 868 2449 862 2449 835 2431 814 2431"/></Shape>
	    <String CONTENT="¶ Nous estions (dit sainct Paul) autresfoys"
                    HPOS="160"
                    VPOS="2416"
                    WIDTH="1400"
                    HEIGHT="134"></String>
          </TextLine>
          <TextLine ID="eSc_line_b768833f"
                    TAGREFS="LT8"
                    BASELINE="164 2608 1576 2575" 
                    HPOS="162"
                    VPOS="2521"
                    WIDTH="1414"
                    HEIGHT="113">
            <Shape><Polygon POINTS="164 2608 164 2632 326 2634 328 2634 366 2628 425 2620 463 2628 483 2630 485 2630 538 2626 661 2614 736 2622 748 2622 750 2622 760 2622 827 2610 877 2618 889 2620 891 2620 893 2620 901 2618 942 2608 958 2618 960 2618 962 2618 964 2618 982 2616 1077 2606 1134 2614 1142 2614 1144 2614 1146 2614 1148 2614 1166 2602 1310 2610 1322 2610 1324 2610 1332 2610 1435 2597 1572 2604 1576 2575 1572 2523 1101 2521 1099 2521 1097 2521 1071 2535 908 2537 906 2537 827 2527 825 2527 720 2539 673 2531 671 2531 669 2531 667 2531 647 2543 514 2535 512 2535 510 2535 508 2535 489 2547 489 2549 477 2549 360 2549 332 2539 330 2539 328 2539 198 2553 178 2543 176 2543 174 2543 172 2543 170 2543 162 2549 164 2608"/></Shape>
	    <String CONTENT="insipiens/ incredules/ errans/ seruant a diuers"
                    HPOS="162"
                    VPOS="2521"
                    WIDTH="1414"
                    HEIGHT="113"
                    WC="0.9974585771560669"></String>
          </TextLine>
          <TextLine ID="eSc_line_274282eb"
                    TAGREFS="LT8"
                    BASELINE="176 2690 1574 2660" 
                    HPOS="174"
                    VPOS="2593"
                    WIDTH="1400"
                    HEIGHT="130">
            <Shape><Polygon POINTS="176 2690 176 2709 194 2721 196 2721 198 2721 200 2723 267 2723 267 2721 269 2721 316 2707 388 2717 390 2717 471 2703 637 2713 639 2713 641 2713 673 2699 699 2711 701 2711 703 2711 704 2711 752 2697 796 2709 798 2709 800 2709 802 2709 827 2696 885 2707 887 2707 889 2707 922 2694 982 2701 984 2701 986 2701 1023 2692 1059 2703 1061 2703 1063 2703 1140 2690 1176 2701 1178 2701 1180 2701 1182 2701 1221 2688 1291 2699 1293 2699 1404 2684 1409 2684 1413 2684 1475 2692 1477 2692 1479 2692 1503 2682 1526 2694 1528 2694 1530 2694 1532 2694 1574 2680 1574 2660 1566 2593 1518 2606 1491 2595 1489 2595 1487 2595 1485 2595 1451 2604 1417 2595 1411 2595 1409 2595 1407 2595 1406 2595 1404 2595 1404 2597 1380 2612 1241 2612 1207 2600 1202 2599 1200 2599 1198 2599 1178 2600 1122 2610 934 2608 932 2608 930 2608 928 2608 914 2620 849 2620 835 2610 831 2606 829 2606 827 2606 825 2606 823 2606 815 2610 790 2622 748 2612 736 2608 734 2608 732 2608 730 2608 728 2608 724 2612 706 2624 637 2614 619 2612 617 2612 602 2614 542 2628 485 2618 461 2614 459 2614 457 2614 443 2618 409 2632 314 2632 287 2622 275 2618 273 2618 271 2618 269 2618 259 2622 243 2630 174 2626 176 2690"/></Shape>
	    <String CONTENT="desirs ⁊ diuerses uoluptez: uiuãt en malice et"
                    HPOS="174"
                    VPOS="2593"
                    WIDTH="1400"
                    HEIGHT="130"></String>
          </TextLine>
          <TextLine ID="eSc_line_c9c44185"
                    TAGREFS="LT8"
                    BASELINE="172 2773 1560 2745" 
                    HPOS="170"
                    VPOS="2678"
                    WIDTH="1390"
                    HEIGHT="128">
            <Shape><Polygon POINTS="172 2773 172 2794 265 2806 267 2806 269 2806 308 2792 314 2789 398 2789 402 2791 409 2798 411 2798 413 2798 564 2800 566 2800 655 2785 667 2783 675 2785 722 2796 724 2796 726 2796 792 2794 794 2794 796 2794 811 2781 813 2781 817 2781 912 2792 914 2792 984 2777 988 2777 998 2777 1156 2789 1158 2789 1160 2789 1194 2773 1241 2785 1243 2785 1245 2785 1247 2785 1277 2771 1277 2769 1362 2769 1394 2783 1396 2783 1398 2785 1459 2785 1459 2783 1560 2763 1560 2745 1556 2696 1493 2696 1461 2678 1459 2678 1457 2678 1386 2680 1384 2680 1382 2680 1354 2697 1330 2682 1328 2682 1326 2682 1324 2682 1281 2684 1279 2684 1277 2684 1255 2699 1180 2684 1178 2684 1097 2701 1073 2686 1071 2686 1069 2686 1067 2686 924 2690 922 2690 920 2690 920 2692 904 2705 875 2707 861 2707 859 2707 807 2692 805 2692 804 2692 802 2692 762 2709 760 2711 530 2713 528 2713 510 2697 508 2697 506 2697 467 2697 465 2697 463 2697 411 2715 390 2701 388 2701 386 2701 384 2701 382 2701 380 2701 362 2715 170 2719 172 2773"/></Shape>
	    <String CONTENT="en enuie/ hayneux/ hayãt lung lautre. Mais"
                    HPOS="170"
                    VPOS="2678"
                    WIDTH="1390"
                    HEIGHT="128"
                    WC="0.9837784891904786"></String>
          </TextLine>
          <TextLine ID="eSc_line_9962cc37"
                    TAGREFS="LT8"
                    BASELINE="168 2860 1554 2832" 
                    HPOS="166"
                    VPOS="2765"
                    WIDTH="1388"
                    HEIGHT="121">
            <Shape><Polygon POINTS="168 2860 168 2878 340 2886 342 2886 465 2872 493 2870 504 2872 560 2882 562 2882 675 2868 697 2866 706 2868 760 2878 762 2878 1099 2858 1160 2856 1168 2858 1215 2868 1217 2868 1219 2868 1263 2856 1271 2854 1279 2854 1346 2866 1348 2866 1350 2866 1352 2866 1368 2854 1437 2864 1439 2864 1552 2848 1554 2832 1548 2781 1483 2781 1453 2765 1451 2765 1449 2765 1447 2765 1398 2783 1396 2783 1354 2767 1352 2767 1350 2767 1348 2767 1308 2783 1297 2775 1295 2775 1293 2775 1291 2775 1202 2787 1198 2787 1162 2771 1160 2771 1158 2771 1061 2789 1051 2792 893 2792 859 2777 857 2777 855 2777 764 2796 754 2798 693 2798 691 2796 669 2783 667 2783 665 2783 663 2783 661 2783 631 2798 629 2798 621 2798 538 2791 536 2791 534 2791 532 2791 522 2800 520 2800 463 2785 461 2785 459 2785 279 2789 277 2789 237 2806 235 2806 207 2796 205 2796 203 2796 201 2796 166 2806 168 2860"/></Shape>
	    <String CONTENT="quãt la benignite ⁊ lhumanite de nostre sau¬"
                    HPOS="166"
                    VPOS="2765"
                    WIDTH="1388"
                    HEIGHT="121"
                    WC="0.9856894267929925"></String>
          </TextLine>
          <TextLine ID="eSc_line_07d9ff5e"
                    TAGREFS="LT8"
                    BASELINE="166 2943 1552 2917" 
                    HPOS="164"
                    VPOS="2852"
                    WIDTH="1388"
                    HEIGHT="131">
            <Shape><Polygon POINTS="166 2943 166 2983 352 2983 366 2981 447 2963 473 2977 477 2981 479 2981 481 2981 483 2981 485 2981 487 2981 491 2977 501 2971 542 2977 572 2979 574 2979 576 2979 578 2979 582 2975 603 2957 639 2969 641 2969 643 2969 897 2953 916 2967 922 2971 924 2971 926 2971 928 2973 998 2973 998 2971 1000 2971 1002 2971 1002 2969 1007 2963 1021 2951 1057 2949 1204 2957 1206 2957 1207 2957 1249 2945 1273 2957 1275 2957 1277 2959 1277 2957 1279 2957 1281 2957 1301 2945 1312 2957 1314 2957 1314 2959 1316 2959 1318 2959 1320 2959 1378 2955 1417 2951 1421 2953 1429 2961 1431 2961 1433 2961 1435 2961 1437 2961 1459 2953 1469 2949 1477 2951 1497 2959 1499 2959 1501 2959 1503 2959 1505 2959 1516 2951 1526 2945 1550 2949 1552 2917 1548 2864 1435 2852 1433 2852 1332 2868 1320 2868 1310 2868 1223 2856 1221 2856 1219 2856 1186 2870 1184 2870 1172 2870 1009 2860 1007 2860 1005 2860 974 2874 972 2874 926 2874 370 2872 368 2872 366 2872 364 2872 352 2882 320 2874 318 2874 316 2874 314 2874 312 2874 299 2886 299 2888 164 2888 166 2943"/></Shape>
	    <String CONTENT="ueur est apparue: il noꝰ a sauue nõ point par"
                    HPOS="164"
                    VPOS="2852"
                    WIDTH="1388"
                    HEIGHT="131"
                    WC="0.9982686496299246"></String>
          </TextLine>
        </TextBlock>
        <TextBlock HPOS="1604"
                   VPOS="145"
                   WIDTH="110"
                   HEIGHT="98"
                   ID="eSc_textblock_f339e0b6"
                   TAGREFS="BT15">
          <Shape><Polygon POINTS="1604 145 1604 243 1714 243 1714 145"/></Shape>
          <TextLine ID="eSc_line_4d1628cd"
                    TAGREFS="LT8"
                    BASELINE="1611 223 1712 219" 
                    HPOS="1608"
                    VPOS="146"
                    WIDTH="104"
                    HEIGHT="97">
            <Shape><Polygon POINTS="1707 158 1699 150 1629 146 1627 148 1608 152 1611 223 1611 243 1710 241 1712 219 1709 160 1707 158"/></Shape>
	    <String CONTENT="117"
                    HPOS="1608"
                    VPOS="146"
                    WIDTH="104"
                    HEIGHT="97"></String>
          </TextLine>
        </TextBlock>
        <TextBlock HPOS="1517"
                   VPOS="934"
                   WIDTH="276"
                   HEIGHT="91"
                   ID="eSc_textblock_77356831"
                   TAGREFS="BT13">
          <Shape><Polygon POINTS="1517 934 1517 1025 1793 1025 1793 934"/></Shape>
          <TextLine ID="eSc_line_16602269"
                    TAGREFS="LT8"
                    BASELINE="1524 998 1786 993" 
                    HPOS="1519"
                    VPOS="911"
                    WIDTH="264"
                    HEIGHT="125">
            <Shape><Polygon POINTS="1522 997 1522 1036 1783 1024 1783 991 1771 911 1721 929 1691 914 1688 914 1685 914 1682 914 1605 932 1519 920 1522 997"/></Shape>
	    <String CONTENT="1.corĩ.3.b"
                    HPOS="1519"
                    VPOS="911"
                    WIDTH="264"
                    HEIGHT="125"
                    WC="0.9691187360069968"></String>
          </TextLine>
        </TextBlock>
        <TextBlock HPOS="1529"
                   VPOS="1342"
                   WIDTH="296"
                   HEIGHT="618"
                   ID="eSc_textblock_6929db7d"
                   TAGREFS="BT13">
          <Shape><Polygon POINTS="1541 1342 1529 1580 1534 1591 1563 1656 1561 1765 1546 1960 1825 1954 1817 1353"/></Shape>
          <TextLine ID="eSc_line_1f01fae7"
                    TAGREFS="LT8"
                    BASELINE="1574 1412 1774 1407" 
                    HPOS="1566"
                    VPOS="1324"
                    WIDTH="205"
                    HEIGHT="121">
            <Shape><Polygon POINTS="1572 1410 1572 1445 1771 1437 1771 1404 1766 1324 1566 1324 1572 1410"/></Shape>
	    <String CONTENT="Tous"
                    HPOS="1566"
                    VPOS="1324"
                    WIDTH="205"
                    HEIGHT="121"
                    WC="0.997807502746582"></String>
          </TextLine>
          <TextLine ID="eSc_line_22f09e6a"
                    TAGREFS="LT8"
                    BASELINE="1540 1497 1800 1492" 
                    HPOS="1534"
                    VPOS="1422"
                    WIDTH="264"
                    HEIGHT="95">
            <Shape><Polygon POINTS="1537 1496 1537 1517 1798 1514 1798 1490 1789 1422 1534 1428 1537 1496"/></Shape>
	    <String CONTENT="biẽs sõt"
                    HPOS="1534"
                    VPOS="1422"
                    WIDTH="264"
                    HEIGHT="95"
                    WC="0.9913004577159882"></String>
          </TextLine>
          <TextLine ID="eSc_line_956a830a"
                    TAGREFS="LT8"
                    BASELINE="1544 1580 1809 1575" 
                    HPOS="1540"
                    VPOS="1505"
                    WIDTH="267"
                    HEIGHT="98">
            <Shape><Polygon POINTS="1543 1579 1543 1603 1807 1603 1807 1573 1798 1505 1540 1508 1543 1579"/></Shape>
	    <String CONTENT="dons de"
                    HPOS="1540"
                    VPOS="1505"
                    WIDTH="267"
                    HEIGHT="98"
                    WC="0.9999980415616717"></String>
          </TextLine>
          <TextLine ID="eSc_line_e7e3bc7a"
                    TAGREFS="LT8"
                    BASELINE="1580 1662 1738 1658" 
                    HPOS="1575"
                    VPOS="1582"
                    WIDTH="161"
                    HEIGHT="107">
            <Shape><Polygon POINTS="1578 1659 1578 1689 1736 1680 1736 1656 1733 1603 1656 1582 1653 1582 1650 1582 1575 1591 1578 1659"/></Shape>
	    <String CONTENT="dieu."
                    HPOS="1575"
                    VPOS="1582"
                    WIDTH="161"
                    HEIGHT="107"
                    WC="0.9987097144126892"></String>
          </TextLine>
          <TextLine ID="eSc_line_4ce4eaa2"
                    TAGREFS="LT8"
                    BASELINE="1584 1749 1784 1745" 
                    HPOS="1578"
                    VPOS="1662"
                    WIDTH="205"
                    HEIGHT="122">
            <Shape><Polygon POINTS="1581 1748 1581 1784 1783 1778 1783 1742 1774 1662 1661 1677 1656 1674 1638 1662 1635 1662 1632 1662 1629 1662 1626 1662 1578 1680 1581 1748"/></Shape>
	    <String CONTENT="Notez"
                    HPOS="1578"
                    VPOS="1662"
                    WIDTH="205"
                    HEIGHT="122"
                    WC="0.9987933397293091"></String>
          </TextLine>
          <TextLine ID="eSc_line_632e96c8"
                    TAGREFS="LT8"
                    BASELINE="1563 1832 1722 1829" 
                    HPOS="1557"
                    VPOS="1754"
                    WIDTH="164"
                    HEIGHT="95">
            <Shape><Polygon POINTS="1560 1831 1560 1849 1721 1846 1721 1826 1715 1769 1644 1754 1641 1754 1557 1772 1560 1831"/></Shape>
	    <String CONTENT="bien."
                    HPOS="1557"
                    VPOS="1754"
                    WIDTH="164"
                    HEIGHT="95"></String>
          </TextLine>
          <TextLine ID="eSc_line_a1269b31"
                    TAGREFS="LT8"
                    BASELINE="1555 1915 1811 1910" 
                    HPOS="1551"
                    VPOS="1831"
                    WIDTH="259"
                    HEIGHT="137">
            <Shape><Polygon POINTS="1554 1912 1554 1968 1679 1965 1682 1965 1685 1965 1691 1959 1712 1944 1804 1947 1810 1909 1801 1834 1688 1852 1551 1831 1554 1912"/></Shape>
	    <String CONTENT="Ioã.12.d"
                    HPOS="1551"
                    VPOS="1831"
                    WIDTH="259"
                    HEIGHT="137"
                    WC="0.9966245028707716"></String>
          </TextLine>
        </TextBlock>
        <TextBlock HPOS="1584"
                   VPOS="2429"
                   WIDTH="234"
                   HEIGHT="97"
                   ID="eSc_textblock_fb9c7e1b"
                   TAGREFS="BT13">
          <Shape><Polygon POINTS="1584 2429 1584 2526 1818 2526 1818 2429"/></Shape>
          <TextLine ID="eSc_line_5e7a81bb"
                    TAGREFS="LT8"
                    BASELINE="1594 2497 1813 2494" 
                    HPOS="1590"
                    VPOS="2381"
                    WIDTH="220"
                    HEIGHT="151">
            <Shape><Polygon POINTS="1593 2494 1593 2532 1810 2532 1810 2491 1804 2399 1590 2381 1593 2494"/></Shape>
	    <String CONTENT="Tit.3.a"
                    HPOS="1590"
                    VPOS="2381"
                    WIDTH="220"
                    HEIGHT="151"
                    WC="0.9899458970342364"></String>
          </TextLine>
        </TextBlock>
        <TextBlock HPOS="1190"
                   VPOS="2949"
                   WIDTH="374"
                   HEIGHT="84"
                   ID="eSc_textblock_15e0d1cd"
                   TAGREFS="BT17">
          <Shape><Polygon POINTS="1190 2949 1190 3033 1564 3033 1564 2949"/></Shape>
          <TextLine ID="eSc_line_680c496a"
                    TAGREFS="LT8"
                    BASELINE="1202 3008 1556 3002" 
                    HPOS="1200"
                    VPOS="2941"
                    WIDTH="356"
                    HEIGHT="105">
            <Shape><Polygon POINTS="1202 3008 1202 3034 1267 3046 1269 3046 1271 3046 1273 3046 1273 3044 1285 3034 1291 3028 1382 3028 1388 3032 1400 3042 1400 3044 1402 3044 1404 3044 1406 3044 1556 3030 1556 3002 1552 2953 1419 2941 1417 2941 1364 2953 1340 2941 1338 2941 1336 2941 1334 2941 1308 2955 1223 2943 1221 2943 1219 2943 1217 2943 1200 2953 1202 3008"/></Shape>
	    <String CONTENT="les oeuures"
                    HPOS="1200"
                    VPOS="2941"
                    WIDTH="356"
                    HEIGHT="105"
                    WC="0.9989559108560736"></String>
          </TextLine>
        </TextBlock>
      </PrintSpace>
    </Page>
  </Layout>
</alto>
