2211 3563
711 285 1387 134 les oeuures de iustice q̃ nous auõs faict: mais

709 376 1387 124 selon la miser icorde/ par le lauemẽt de la rege

693 463 1403 118 neratiõ du sainct esprit/ leq̃l a respandu abon

681 554 1411 113 dãment en nous par Iesuchrist nr̃e sauueur:

669 629 1419 121 affin q̃ nous estant iustifiez par sa grace nous

673 710 1417 123 soyons heritiers selon lesperãce de la uie eter¬

659 786 1418 137 nelle.? Pouoit il plus plainemẽt/ plus clere¬

677 866 1400 137 mẽt/ plus ueritablemẽt estre explicque/ quelz

692 944 1385 145 merites des hõmes Chris̃t atrouue/ et quelles

683 1027 1385 139 meurs il a rẽdu subiectes soubz luy/ q̃lz cueͬs

662 1113 1400 137 il a cõnerty a soyꝰ quant il est uenu dõner la

644 1211 1403 131 medecine/ nõ point aux sains/ mais a ceulx qͥ

624 1276 1438 137 estoiẽt malades: ⁊ quil est uenu appelle les pe

621 1365 1447 134 cheurs ⁊ non point les iustes.4 Car le peuple

647 1456 1417 131 des gẽtilz qͥ estoit assis en tenebres a ueu grã-

651 1541 1401 125 de lumiere: ⁊ la luniere est leuee sur ceulx qui

663 1615 1391 136 estoiẽt assis en lombre de mort. Les gẽtilz fre¬

665 1706 1389 124 missoiẽt/ les peuples se courroucoiẽt/ les roys

663 1783 1391 133 foursenoiẽt/ ⁊ les puissances cõtredisoiẽt/ les

655 1866 1399 127 superstitiõs ⁊ les erreurs de tout le monde re¬

650 1947 1397 137 sistoiẽt. Mais Christ augmẽtoit son peuple

650 2027 1394 137 de ceulx qͥ resistoiẽt/ qͥ foursenoiẽt/ ⁊ qui ꝑsecu

650 2119 1385 137 toiẽt: ⁊ la foy des saĩctz estoit cõfermee par les

647 2191 1391 145 liẽs/ ⁊ ꝑ les tourmẽtz ⁊ par les mortz: la uerite

644 2274 1397 142 uainqͥssoit ⁊ ꝑ tout le mõde multiplioit la fer

632 2363 1192 128 tilite de la semẽce du champ du seigñr.

875 2456 957 121 ¶ Du mesme au .ix. Chapitre.

641 2520 1394 152 ¶ Il est uerite q̃ la grace de dieu est par dessus

650 2606 1385 137 toutes les iustifications la principale: en ad¬

653 2701 1382 134 monestant par exhortatiõs et par exemples/

644 2773 1385 139 en espouẽtant par perilz/ en incitant par mi-

618 2871 1414 142 racles/ en dõnant entendemẽt/ en inspirãt cõ¬

406 680 212 107 Ro.3.d

404 763 214 106 Christ

362 855 282 109 na trou

362 932 291 104 ue nulz

359 1030 279 89 merites

362 1107 279 95 des hõ¬

348 1199 188 87 mes.

338 1264 262 107 mat.9.b

338 1353 274 116 Esa.9.a

1107 154 507 134 De la grace

404 1918 214 121 Christ

368 2022 276 106 augmẽte

368 2093 264 116 son trop

359 2191 262 92 peau de

350 2262 256 110 ceulx qͥ

344 2336 253 122 resistẽt.

329 2491 301 121 La gra¬

320 2606 318 101 ce ð dieu

320 2681 307 110 oeuure ꝑ

320 2761 301 107 la uolũ¬

323 2850 274 116 te de lhõ

1822 2981 204 116 seil/ ⁊
