2212 3563
80 285 1391 166 seit/ ⁊ en enaminãt le cueur/ ⁊ en le rẽplissã¬

89 397 1370 122 des affechõs de foy. Mais aussi la uolũte de

95 469 1367 136 lhõmeest subioincte/ ⁊ cõioincte a elle laquelle

101 555 1364 145 esteyacee a ce par les aides predictes: tellemẽt

104 647 1371 130 q̃ en soy elle oeuure auec loeuure diuine: ⁊ se cõ

100 732 1379 121 mence a exer cer au merite/ q̃lle a cõceu par la

95 813 1374 131 semẽce supernelle pour y mettre son estude: en

87 894 1384 135 retenãt de sa mutabilite selle deffault/ et selle

93 975 1386 135 prouffite ce est par laide de la grace. Laquelle

97 1062 1376 133 aide est dõnee a tous par ĩnumerables sortes/

102 1146 1387 130 soient secretes ou manifestes/ ⁊ ce q̃lle est refu¬

100 1231 1385 128 see de plusieurs/ cest de leur malice: ⁊ ce quelle

97 1316 1388 128 est receue de plusieurs ce est de la grace diuine

97 1397 1386 133 ⁊ de lhumaine uolunte. Soit dõcques q̃ nous

108 1484 1381 121 ymaginõs les cõmencemẽs ou les poursuites

106 1561 1406 131 des fideles/ ou le genre de ceulx qͥ perseuerent

116 1642 1408 137 iusques en lafe:  iey oguedque espece de uer

120 1724 1410 132 tu de quel quil soit/ quon ait sans le don de la

120 1813 1392 124 diuine grace/ ⁊ sons le com/ entememde nostre

118 1879 1380 151 uolunte.7 Et ceste grace faict par ceste totalle

112 1980 1383 122 maniere de aider ⁊ de saner/ tellement que en

112 2057 1386 125 celuy quelle appelle/ premierement dispose la

121 2143 1383 134 uolunte pour estre capable a receuoir ses dõs/

124 2229 1380 125 ⁊ a estre sa seruante. Car la uertu des uueillãs

118 2310 1389 121 nest nude/ ⁊ ne peult on affermer que en eulx

132 2403 1404 120 soit ne foy/ ne elperõce/ ne charite: desquelz le

134 2480 1398 122 consente/ rẽt est cõtraire a telz uiens. Dequoy

140 2557 1412 131 ainsi cõme le cortraige ne prent nulle uertu/ se

140 2642 1400 131 premier il na receu les rais de la uraye lumie¬

136 2727 1396 129 re: aussi la grace ne donne riens a celuy quelle

136 2808 1392 139 a esleu/ se premieremẽt elle ne luy a ouuert les

144 2915 642 125 yeulx de la uolunte.

291 160 1106 178 ⁊ du merite. Chaõ.ix.

1492 302 303 107 me cõme

1480 380 312 121 par ung

1474 478 247 100 instru¬

1477 558 184 110 ment.

1554 182 131 97 118

1519 1867 264 119 La gra¬

1519 1962 270 92 ce p̃mie¬

1519 2042 273 101 remẽt re

1519 2125 244 104 pare la

1540 2194 261 116 uolunte

1531 2286 252 116 de lhõe.

1099 2975 425 126 ¶ Du mesme
