2211 3563
430 362 265 127 Eph.2.c

893 300 1094 117 ¶ Du mesme au dernier Chapitre.

734 374 1372 139 ¶ Uous estes (dit il) sauluez par grace moyẽ¬

715 475 1392 118 nant la foy ⁊c. Car nous sõmes sa chose for¬

697 556 1410 124 mee ⁊c. Dieu dõcques dõne a ceulx qͥl a esleu

689 643 1411 119 sans merites/ ce dequoy ilz sont aussi aornez

679 726 1415 119 de merites. Et est dit uainement q̃ aux esleuz

675 801 1421 125 nest nulle raison de ouurer. Car les dõs de uer

693 888 1407 117 tus ne peuuẽt estre oyseux: ⁊ comme la uerite

713 959 1385 127 dit.4 On dõnera a toꝰ ceulx qͥ ont: mais a ce¬

722 1045 1373 136 luy qͥ na riẽs/ aussi luy sera oste ce qͥl a.7 Dõc

698 1128 1385 139 ques la cõtinense nest̃ pas dõnee pour non re¬

677 1217 1406 131 sister aux cõcupiscences: et st nest pas dõnee a

668 1309 1424 110 quelcun la sapiẽce ⁊ lentẽdemẽta ce quil soit

683 1380 1406 137 sans mediter ⁊ioͬ ⁊ nuyct en la loy du seigñr.

704 1466 1376 119 Quelle chose faict le don de dilectiõ: se la so-

699 1545 1385 123 licitude de beniuolence ne ueille? Quel fruict

710 1630 1370 118 a patiẽce/ se la force na riẽs pour souffrir? Ou

695 1712 1389 128 cõment sera cestuy monstre uiure fidelemẽt en

693 1793 1393 134 Christ/ sil nest agite de q̃lque ꝑsecutiõ? Ou la

693 1884 1391 125 paix qui est de dieu ⁊ auec dieu peult elle bien

683 1967 1387 123 estre a repos/ selle ne discorde auec le monde?

671 2048 1411 125 Qu lam ou de dieu pou/ elle estre obtenue

662 2122 1409 143 sãs les inimitiez du diable?? La grace de dieu

659 2217 1406 119 ne faict nullemẽt ꝯsone estre priuee de tẽtatiõ:

671 2292 1403 139 et aussi uarmee des Chrestiẽs nest pas ordõnee

692 2378 1373 119 a dextre ⁊ a senestre par laide des armures ce¬

689 2449 1382 134 lestes/ poͬ estre sãs auoir la uataille cõtre per¬

687 2547 1381 125 sõne: car il est plus louable/ ⁊ est plꝰ grãde fe¬

675 2634 1391 129 licite destre demoure uictorieux en bataillãt/

685 2717 1238 127 q̃ destre a repos sans pouoir estre tẽpte ⁊c.

847 2798 1102 137 ¶ Ambroise ad Demetriadem/ en la

1133 2899 467 107 derniere epistre

392 938 297 121 mat.25.c

401 1039 294 113 La gra¬

392 1131 288 89 ce de di¬

383 1208 235 101 eu nest

380 1291 258 101 pas oy¬

395 1377 252 104 seuse en

392 1448 255 101 lhõme.

1063 172 512 134 De la grace

407 1612 285 130 2.tim̃.3.c

377 2099 235 115 La uie

374 2197 261 104 chrestiẽ¬

377 2277 273 113 ne est une

380 2372 276 98 bataille.

380 2452 282 140 2.cor.6.b

1723 2986 341 131 ¶ Qui est
