2212 3563
332 148 1050 157 ⁊ du merite. Cha.ix.

93 296 1382 129 ¶ Qui est cestuy qͥ peult rapporter le fruict de

86 385 1376 113 iustice sãs layde de la grace? Ou qͥ sera si har

99 488 1374 99 dy q̃ de soy dire non separe de Christ/ qͥ na pas

108 560 1377 113 la confidence q̃ Christ besongne en soy? Est il

110 647 1373 105 par aduẽture a craindre/ q̃ nous ne soyõs esti¬

104 726 1375 103 mez uouloir oster le franc arbitre/ quãt nous

99 809 1382 111 disõs q̃ toutes choses par lesq̃lles dieu est ꝓpi¬

93 898 1390 103 ce doibuẽt estre referees a luy? Ce qͥ est mõstre

100 977 1385 109 q̃ nullemẽt nest ainsi/ par la consequẽce de ue¬

98 1054 1385 124 rite. * Car quãt lesprit de dieu besongne/ larbi

95 1143 1385 115 tre est ayde/ ⁊ nest pas oste: ⁊ ce faict la grace/ q̃

98 1232 1388 101 la uoulunte corrõpue par peche/ yure de uani

98 1306 1388 119 tez/ enuirõnee de seductiõs/ empeschee de diffi

101 1401 1385 104 cultez ne demeure pas en ses lãgueurs: mais

104 1476 1391 113 q̃lle retourne a cõualescence/ guerie par layde

107 1549 1397 113 du medecin pitoyable/ * ⁊ q̃lle sesiouysse estre

115 1636 1416 109 enseignee la ou elle ne interrogoit pas/ ⁊ estre

126 1724 1398 106 cherchee la ou elle ne q̃roit pas. Car ce est toꝰ

128 1811 1377 111 les iours acõply/ que le ꝓphete Esaye a pre¬

121 1897 1383 107 dict. * Ceulx le uerrõt/ ausq̃lz na pas este an¬

122 1979 1385 111 nõce de luy: ⁊ ceulx qͥ ne lont pas ouy/ lenten¬

128 2062 1384 109 drõt. Parquoy doncq̃s tout fidele mouuemẽt

130 2149 1386 101 des pensees enluminees/ ne peult estre uerita¬

138 2230 1378 105 blemẽt aliene de la ꝓpre uoulunte de lhõme.

148 2310 1362 97 * Car aussi ne fera il riens iustement sil ne le

139 2387 1386 110 faict uoulũtairemẽt: mais q̃ lintẽtion du cou

148 2476 1395 101 raige tẽde a ce qui est iuste ⁊ utile/ ce est conceu

154 2559 1397 107 par linspiratiõ de ceste eternelle ⁊ incõmuable

154 2642 1383 104 uoulũte. * Et cõe par lart du medecin est faict

142 2719 1383 110 es yeulx qui se obscurcissent/ tellemẽt qͥlz peu

148 2799 1380 113 uẽt ueoir ce quilz ne uoyẽt pas: ⁊ toutesfois la

154 2894 1374 125 ueue q̃ la medecine a dõne ne uiẽt pas daultre

1544 193 127 101 119

1486 371 274 136 1.cor.1.b

1531 1027 235 122 Quel¬

1510 1134 259 92 les cho¬

1507 1208 267 119 ses faict

1507 1303 264 98 la grace

1504 1386 256 101 en lhõe.

1531 1538 211 109 Notes

1551 1638 149 122 bien.

1522 1855 232 152 esa.52.d

1534 2283 252 119 Lhõme

1551 2378 259 101 fait tout

1563 2461 247 98 bien uou

1566 2544 238 104 luntaire

1551 2624 182 104 ment.

1548 2704 256 110 Cõpara

1554 2802 241 95 tion des

1551 2891 200 119 yeulx.

1390 2983 148 100 lieu
