2212 3563
267 166 1063 136 et du merite. Chap̃.ix.

71 308 1396 111 sont aduenus/ leur sont aduenus a cause de

69 405 1388 87 leur prudẽce: ⁊ q̃ les merites de toutes aultres

77 484 1370 103 uertus leur sont dõnees ꝑ droict. Et pour ce¬

83 564 1372 105 fte cause est dit au .ix. du Deuteronome cõtre

83 651 1380 101 ceulx qͥ auoiẽt receu la grace diuine: de ce que

81 732 1378 101 nullemẽt nestimoiẽt estre indignes dauoir telz

68 810 1382 113 diuins benefices. * Quãt le seigͬ tõ dieu aura

63 900 1388 101 cõmẽce de cõsumer ces gẽtz icy en ta p̃sence/ ne

59 979 1384 103 dis point en tõ cueur. Le seigñr ma amene poͬ

61 1066 1317 109 possesser ceste terre/ a cause de ma iustice ⁊c.

176 1165 1182 117 ¶ Ambroise in exameron: cest adire/ au

237 1258 1044 105 traicte qui parle des six iournees/

324 1342 887 101 au premier liure/ au .u. Cha.

71 1422 1376 130 ¶ Pour ce que de luy/ ⁊ par luy/ ⁊ en luy sont

69 1532 1400 103 toutes choses. Lapostre dõcques a dit noble¬

75 1615 1416 103 ment aussi en ce passaige/ le filz de dieu estre

81 1696 1416 101 aucteur de toutes choses/ et cõtenãt tout en sa

80 1766 1394 116 maieste. * Toutes choses sõt faictes par luy.

85 1856 1378 109 De luy est le cõmenceme/ ⁊ la deriuatiõ de la

81 1941 1382 107 substãce uniuerselle: cest adire de sa uolunte ⁊

79 2028 1386 103 de sa puissance. Par luy est la cõtinuatiõ/ la

77 2105 1382 118 fin est en luy. * De luy doncq̃s est la matiere:

77 2191 1379 113 et par luy est loeuure qͥ a lie ⁊ estrainct toutes

83 2268 1379 107 choses en luy: pourtãt q̃ autant qͥl ueult tou¬

85 2361 1390 101 tes choses par sa uertu demeurent et sont en

89 2440 1408 97 estre/ ⁊ la fin dicelles est en la uoulũte de dieu

95 2525 1071 105 et sont desliees selon sont arbitre.

92 2606 1409 158 ¶ Ayes recordatiõ du p̃mier siecle:

89 2728 1391 155 poͬce q̃ ie suis dieu: et ny a pas dau¬

95 2854 1382 150 tre dieu ⁊ ny a nul sẽblable a moy:

1516 199 175 101 120

1468 777 259 131 deut̃.9.a

1477 1419 229 127 Ro.11.d

1498 1748 217 131 Ioã.1.a

1480 2078 256 122 Toꝰ bi¬

1486 2182 259 107 ens sont

1486 2271 241 113 de dieu.

1516 2609 196 128 Esai.

1501 2734 205 160 46.c.

1146 2977 343 101 annõceant
