2211 3563
703 330 1389 117 annõceant des le cõmencement ce

697 441 1399 127 qui sera le dernier: ⁊ a nnõceant du

677 558 1419 124 cõmencement les choses qui nont

667 673 1419 130 pas encore este faictes/ disant: Mõ

679 789 1409 119 conseil tiendra: ⁊ toute ma uolunte

705 906 1377 123 se fera: appellant loyseau de orient:

695 1017 1389 125 et lhõme de ma uolunte de la terre

679 1138 489 116 loinatate.

742 1241 1241 105 ¶ Bernard au premier ser mõ de lanno¬

909 1332 905 103 ciation de la uierge Marte.

680 1419 1406 89 ¶ Cefte est nr̃e guoire/ ascauoir le tesmoigna¬

689 1487 1397 101 ge de nostre cõscience.? Non pas urayemẽt tel

695 1577 1387 107 tesmoignage que cest orgueilleux pharisiẽ a-

695 1662 1387 101 uoit/ rendant tesmoignage de soymesme/ par

697 1743 1391 105 une cogitation seduicte ⁊ seduisante ⁊ son tes¬

681 1832 1405 97 moignage nestoit pas ueritable: mais quãt le

675 1916 1409 99 sainct esprit rend tesmoignage a nostre esprit.

651 1997 1425 103 Et croy que ce tesmoignage consiste en troys

653 2082 1427 99 choses. Car il est necessaire p̃mieremẽt deuãt

677 2158 1391 110 toutes choses de croire?/ q̃ tu ne peulx auoir

692 2244 1385 101 la remissiõ des pechez/ sinõ par lindulgẽce de

698 2318 1385 98 dieu. En apres q̃ tu ne peulx auoir nulle bõne

704 2399 1376 106 oeuure/ sinõ par le don diceluy. Dernieremẽt

698 2503 1382 89 que tu ne peulx meriter par nulles oeuures la

701 2574 1379 95 uie eternelle/ si pareillemẽt icelle ne test dõnee

695 2663 1382 104 poͬ neãt.? Car qͥ est celuy qͥ peult nettoyer ce-

701 2734 1370 101 luy qͥ est ꝯceu de semẽce orde: sinõ celuy qͥ seul

685 2826 1385 103 est net? Et ainsi ce qͥ est faict ne peult qͥl ne soit

677 2909 1395 115 faict: mais ꝑ ce q̃ dieu ne limputera pas/ il se-

1087 182 497 124 De la grace

377 1365 270 146 2.coũ.1.c

392 1496 276 110 Luc.18.b

374 2131 276 128 Dieu se

383 2232 279 98 ul baille

389 2315 285 104 idulgẽce

389 2407 288 104 poͬ la re

383 2482 270 118 mission

380 2577 279 104 des pe¬

371 2660 196 101 chez.

371 2734 306 140 Iob.14a

1787 2998 279 101 ra cõme
