2212 3563
356 130 1082 160 ⁊ du merite. Chap̃.ix.

112 273 1418 128 ra cõme sil nauoit iamais este faict. Ce que le

124 365 1383 136 prophete cõsidere/ ⁊ dit. * Bienheureux est ce¬

128 461 1373 116 luy auquel le seigñr ne imputera pas le pe¬

132 542 1376 113 che. Mais des bonnes oeuures/ il est tout cer¬

134 625 1384 113 tain que nul ne les a de soymesme. Car si lhu

124 712 1392 105 maine nature estãt encore entiere ne sa peu te¬

116 793 1391 109 nir en son estre: cõbien moins se pourra elle re¬

116 874 1387 111 leuer de soymesme/ quant icelle est desia corrõ

124 956 1384 118 pue? Mais aussi scauõs nous bien de ceste uie

118 1048 1398 101 eternelle/ * que les passions de ce temps icy ne

122 1124 1396 113 sont pas condignes a la gloire a uenir: uoire

116 1207 1396 113 quant ung hõme les souffriroit toutes ensem

116 1290 1396 109 ble. Car aussi les merites des hõmes ne sont

118 1377 1385 111 pas telz/ que pource/ la uie eternelle soit par

116 1460 1398 101 droict deue/ ou que dieu feist iniure a aucun sil

116 1540 1402 110 ne la donnoit. Car mesme sans ce que ie dise/

142 1612 1392 110 * que tous merites sont dõs de dieu/ tellemẽt q̃

127 1692 1404 116 lhõme est plus redeuable a dieu pour iceulx

118 1781 1398 119 merites/ q̃ dieu nest a lhõme: quelle chose sont

115 1861 1380 116 tous les merites au regard de si grande gloi¬

112 1947 1389 116 re? Parquoy se tu croys que tes pechez ne peu¬

112 2024 1392 125 uẽt estre effacez sinon de celuy auquel seul tu

118 2111 1380 112 as peche/ ⁊ sur lequel peche ne tombe pas: tu

130 2207 1382 112 fais bien. Mais adiouste encore que tu croye/

128 2290 1390 111 que les pechez te sont pardonnez par luy. Cest

120 2369 1404 113 le tesmoignage q̃ le sainct esprit dõne/ disant.

139 2455 1401 113 * Tes pechez te sont pardõnez. * Et ainsi esti¬

130 2526 1413 116 me lapostre q̃ lhõme est iustifie poͬ neãt par la

136 2612 1396 125 foy. Pareillemẽt aussi se tu croys des merites/

126 2697 1394 125 q̃ tu ne les peulx auoir sinõ ꝑ luy: il ne suffit

124 2785 1390 114 pas/ iusq̃s a ce q̃ lesprit de uerite te donne tes¬

126 2872 1390 134 moignage q̃ tu les as par luy. Et ainsi est ne¬

1574 186 127 87 121

1528 359 288 145 Ps̈.31.a

1531 1009 214 140 Ro.8.d

1560 1588 256 119 Toꝰ me¬

1551 1686 265 107 rites sõt

1531 1763 246 131 dons de

1528 1861 172 98 dieu.

1525 1938 267 110 Luce.5.e

1525 2027 249 107 mar.2.b

1528 2105 226 181 Ps̈.5.a

1566 2425 241 119 Luce.7.e

1560 2514 197 134 Ro.3.d

1019 2945 494 145 Q cessaire
