2211 3563
1046 132 509 117 De la grace

687 261 1391 128 cessaire qͥ tu aye tesmoignage de lesprit/ poͬ la

693 348 1383 121 uie eternelle/ q̃ tu uiẽdras a icelle par le don de

698 421 1379 125 dieu. * Certainemẽt cestuy pardõne les pechez:

686 513 1391 128 cestuy mesme dõne les merites: ⁊ neantmoins

668 590 1403 131 aussi cestuy mesme dõne de rechief les loyers.

662 685 1412 119 Tu as ces troys choses aux pseaulmes/ la ou

674 757 1397 136 le ꝓphete dit. * Bienheureux est celuy auq̃l le

689 840 1376 136 seigͬ ne imputera pas le peche. Et autre part.

695 920 1370 139 * Biẽheureux est lhõe duq̃l laide est de toy. Sẽ

692 1000 1370 143 blablemẽt autre part. * Biẽheureux est celuy q̃

677 1083 1382 158 tu as esleu/ ⁊ esleue: i l habitera en tes attres ⁊c.

912 1181 915 116 ¶Bernard/ du franc arbitre.

650 1252 1412 128 ¶ Quelle chose as tu q̃ tu ne laye receu? Es

650 1342 1415 124 tu cree/ es tu sane/ es tu sauue: leq̃l diceulx as

665 1431 1400 121 tu de toy/ hõme? Leq̃l diceulx nest pas ĩpossi

689 1502 1367 131 ble au franc arbitre? Tu ne te pouuois creer

695 1585 1364 131 quãt tu nestois poĩt/ ne iustifier quãt tu estois

695 1668 1370 125 pecheur/ ne te ressusciter quãt tu estois mort:

689 1751 1370 125 sans ce q̃ ne parle point des autres biẽs/ lesq̃lz

667 1850 1395 111 sont necessaires a ceulx qͥ doibuẽt estre gueris/

651 1933 1409 115 ou gardez pour ceulx qͥ doibuent estre sauuez.

641 2011 1419 118 Que disõs noꝰ: il est manifeste du p̃mier ⁊ du

641 2094 1415 117 dernier. Mais aussi nul ne doubte du second

653 2167 1409 122 * sinon celuy qͥ est ignorãt de la iustice de dieu

669 2256 1401 117 ⁊ uueillãt cõstituer la siẽne/ nest pas subiect a

673 2343 1393 115 la iustice de dieu. Car poͬquoy? Recõgnois tu

671 2428 1395 115 la puissãce du createur ⁊ la grace du sauueur/

680 2497 1382 133 ⁊ tu ignore la iustice du guerissant? * Gueris

669 2593 1393 122 moy (dit il) seigͬ ⁊ ie seray guery: sauue moy ⁊

667 2672 1399 120 ie seray sauue: car tu es ma louẽge. Cestuy cõ¬

675 2759 1379 119 gnoissoit la iustice de dieu: duquel esgallemẽt

665 2840 1387 158 esperoit tãt destre sauue du peche/ q̃ destre deli

475 356 202 163 Dieu

395 498 276 116 pardõne

398 596 232 86 les pe¬

392 665 240 115 chez/ et

386 763 261 98 dõne les

362 846 306 101 merites ⁊

359 917 321 119 les loy¬

362 1012 149 92 ers.

368 1074 279 110 Ps̈.31.a

368 1160 291 101 Ps̈.83.b

365 1261 262 101 Ps̈.64 a

371 1425 267 95 Creatiõ

380 1505 285 113 sanatiõ/

389 1591 291 104 ⁊ salua¬

386 1671 261 122 tion sõt

380 1754 252 134 de dieu.

362 2152 262 134 Ro.10.a.

365 2511 300 146 Hier̃.17.b

1763 2947 295 101 ure de la
