2211 3563
1034 190 495 118 De la grace

685 318 1385 113 qͥ iay creu/ ⁊ suis certain/ qͥl est puissãt de gar¬

701 409 1376 101 der ma chose qͥ mest gardee. * Il appelle la ꝓ-

687 488 1381 111 messe de dieu/ sa chose gardee: ⁊ poͬtãt quil a

683 578 1388 107 creu a celuy qͥ a ꝓmis/ cõfidẽtemẽt redemande

671 653 1400 113 la ꝓmesse. La promesse dis ie faicte par miseri

665 733 1403 107 corde/ mais laq̃lle maintenãt doibt estre ren¬

683 819 1382 98 due par iustice. La courõne dõcq̃s q̃ Paul at¬

692 899 1370 104 tẽd est la courõne de iustice: mais de la iustice

689 991 1383 97 de dieu/ nõ pas de la siẽne. Cest ueritablemẽt

681 1066 1387 109 chose iuste qͥl rende ce qͥl doibt. Mais il doibt

663 1152 1397 106 ce qͥl a ꝓmis. Et celle est la iustice de laq̃lle se

649 1237 1330 111 p̃sume lapostre: ascauoir la ꝓmesse de dieu.

909 1324 868 91 ¶ Bernard au mesme liure.

665 1401 1403 105 ¶ Finablemẽt sainct Paul hardimẽt pronon

689 1478 1370 101 ce de soy ⁊ des semblables a luy/ disãt. * Noꝰ

698 1561 1367 110 sommes les coadiuteurs de dieu. * Et ainsi

704 1641 1358 104 dieu benignemẽt ordõne les merites a lhõme/

704 1731 1361 103 la ou par luy/ ⁊ auec luy il a uoulu ordonner

698 1814 1373 104 q̃lque bien estre faict. De ce nous presumons

683 1897 1388 98 nous estre les cooperateurs du saĩct esprit/ les

680 1977 1391 107 coadiuteurs de dieu/ ⁊ ceulx qͥ ont deseruy le

683 2063 1391 98 royaulme: de ce q̃ par le cõsentement uolũtai¬

683 2143 1388 101 re nous sommes cõioinctz a la diuine uolũte.

683 2241 1382 98 Quoy dõcq̃s? * Est ce toute loeuure du frãc

683 2318 1385 92 arbitre/ est ce seullement son merite/ de ce qͥl cõ

695 2393 1382 112 sent? Ouy urayemẽt. Non pas aussi q̃ le ꝯsen

693 2482 1389 99 tement auq̃l tout merite cõsiste ne soit pas de

704 2559 1373 98 dieu/ * quãt noꝰ ne sõmes point suffisãs de pẽ

697 2646 1381 107 ser (qͥ est moins q̃ de ꝯsentir) q̃lq̃ chose de nous

689 2733 1391 97 mesmes/ cõme de noꝰ mesmes. Ce ne sõt point

695 2816 1379 101 mes parolles/ mais sont les parolles de lapo¬

701 2897 1373 119 stre/ * leq̃l attribue a dieu/ ⁊ nõ pas a son arbi¬

421 394 238 131 Notez.

395 543 273 128 Nous sõ

398 668 249 92 mes sau

395 739 243 107 uez/ par

380 828 267 92 la ꝓmes¬

374 899 297 122 se ð dieu

371 1457 294 131 1.corĩ.3.c

386 1576 255 89 Pour¬

398 1665 181 86 quoy

398 1722 282 112 noꝰ som¬

401 1814 282 89 mes ap¬

389 1888 282 107 pellez les

386 1980 264 92 coadiu¬

383 2078 267 80 teurs de

389 2149 166 95 dieu.

395 2223 261 110 Loeuure

404 2321 249 86 du franc

410 2393 222 110 arbitre.

401 2553 282 110 2.corĩ.3.b

419 2871 264 124 Toꝰ biẽs

421 2975 232 105 doibuẽt

1808 2986 272 101 tre tout
