2212 3563
362 160 1020 154 ⁊ du merite. Cha.ix.

98 305 1403 116 tre tout ce qͥ peult estre de bien/ cest adire de pẽ¬

115 409 1374 89 ser/ ⁊ de uouloir ⁊ de parfaire poͬ la bõne uo¬

110 481 1370 97 lunte/ Si doncq̃s dieu faict en noꝰ ces troys

115 561 1380 104 choses/ ascauoir de pẽser le bien/ le uouloir/ et

115 653 1377 95 le parfaire: certainemẽt le p̃mier est faict sans

107 727 1391 98 noꝰ/ le second est faict auec noꝰ/ ⁊ le troiziesme

101 810 1382 104 est faict par nous. Car aussi nous preuiẽt il en

98 893 1385 104 enuoiant la bõne pẽsee: ⁊ en muãt la mauuai¬

107 991 1376 98 se uolunte nous conioinct a luy par cõsente¬

104 1059 1379 101 mẽt: ⁊ en administrãt la faculte au consente¬

95 1152 1388 103 mẽt louurier par dedẽs se declaire par dehors

99 1233 1388 97 par nostre oeuure manifestee. Ueritablement

97 1316 1388 99 noꝰ ne noꝰ pouuõs nullemẽt p̃uenir. Mais ce¬

97 1397 1388 101 luy qͥ na trouue ꝑsonne bon/ il ne sauue aussi

95 1475 1382 110 personne/ qͥl ne le preuiẽgne. * Dõcques sans

95 1555 1397 110 doubte le cõmencemẽt de nostre salut est faict

98 1641 1415 101 de dieu/ ⁊ nõ pas aucunemẽt por noꝰ/ ne auec

98 1731 1403 92 nous. Mais le cõsentemẽt ⁊ loeuure/ combien

101 1814 1376 92 aussi q̃ ce ne soit pas de noꝰ/ toutesfoys ne sõt

100 1896 1381 101 pas sans nous. Il est uerite que aucunesfoys

95 1977 1386 101 la seulle bonne uolunte suffist: toutes autres

97 2072 1384 89 choses ne proffitent riens se celle y deffault.

97 2143 1392 103 Elles ne proffitẽt riẽs dis ie/ uoire a celuy qui

100 2226 1387 103 les faict/ non pas a celuy qui les uoit faire. Il

104 2308 1379 108 se fault dõcques garder quãt nous sentõs ces

100 2393 1393 101 choses icy estre inuisiblemẽt agitees en nous

108 2478 1402 95 ⁊ auec nouss/ q̃ nous ne attribuõs a nostre uo¬

104 2557 1410 105 lunte qui est plaine dinfirmite/ ou a la necessi

104 2638 1399 107 te de dieu qͥ nest pas/ mais a la seulle grace de

98 2716 1385 113 laq̃lle il est plain. Icelle esueille le franc arbi¬

98 2802 1376 113 tre quãt elle seme la pensee: elle le guerit quãt

102 2889 1381 121 elle chãge laffectiõ: elle le renforce poͬ le pro¬

1566 198 167 119 123

1525 335 297 86 estre at¬

1504 409 312 92 tribuez a

1507 489 160 98 dieu.

1548 564 185 107 Dieu

1522 644 217 110 faict en

1513 727 232 107 nous le

1510 813 244 104 bien pen

1507 896 250 110 ser/ uou

1510 982 241 107 loir et

1504 1062 220 104 ꝑfaire.

1507 1149 250 109 Ps̈.58.c

1510 1463 279 119 De dieu

1513 1570 285 83 est le cõ¬

1531 1638 270 110 mẽcemẽt

1528 1733 255 104 de nostre

1507 1799 178 133 salut.

1501 2722 202 116 Note.

1507 2799 250 140 Ps̈.36.d

964 2969 519 126 Q .iii. duire
