2211 3563
669 316 1371 125 duire iusques a loeuure: ⁊ si le garde quil ne

679 411 711 115 sentequelque deffaulte.

659 498 1381 163 Cãti.2. D. ¶ Ie suis a mon bien

639 637 1346 138 ayme: ⁊ mon bien ayme est a moy.

889 742 917 115 ¶ Bemard sur les canticques

1050 835 544 99 au. lxuui. sermon.

677 884 1370 131 ¶ Poͬquoy ainsiͬ Ascouoir affin s adonc elle

683 979 1370 131 se esprouue plꝰ fort estre plamne de grace/ quãt

683 1062 1367 119 elle attribue tout a la grace/ ascouoir les d̃mie

656 1143 1388 127 res ⁊ les dermeres parfies. Autremẽt/ cõmẽt se

638 1232 1400 127 roit elle pleine de grace selle auort q̃lque chose

635 1315 1412 113 qͥ ne seroit pas de la grace? Il ny a pas de lieu

650 1401 1403 104 ou la grace entre/ la ou desia merite a prins sõ

665 1482 1389 115 lieu. Maintenant doncques la pleine cõfes-

681 1571 1367 115 sion de grace signifie la plenitude de la mes-

675 1650 1375 113 me grace en lame du cõfessant. Car sil y a q̃lq̃

677 1732 1387 118 chose de ꝓpre: dautãt quil y est/ il est necessaire

679 1817 1381 112 q̃ grace luy dõne lieu. Tout ce q̃ tu ĩpute aux

689 1888 1373 128 merites/ nest pas a la grace. Ie ne ueulx point

686 1974 1373 131 de merite/ lequel mette hors la grace. Iay hor

674 2066 1388 119 reur de tout ce qͥ est de moy/ qui me faict estre a

674 2149 1385 122 moy: se ce nest q̃ par aduenture plus tost ce soit

674 2220 1391 122 a moy qui me foict estre a moymesme?? la gra

674 2304 1397 124 ce me rend iustifie pour neant/ ⁊ ainsi me rend

683 2387 1388 121 deliure de la seruitude de peche.4 Aussi tu ne

695 2470 1376 122 mas poĩt esleu/ mais ie tay esleu: ⁊ si nay pas

704 2553 1367 128 trouue tes merites pour te eslire/ mais te ay

701 2639 1376 131 preuenu.? Ainsi dõcques en foy te ay ie fiance

710 2731 1364 116 a moy/ ⁊ nõ point par les oeuures de la loy: ie

707 2814 1358 116 tay fiãce en iustice/ mois en la iustice qͥ est par

692 2888 1379 140 foy/ ⁊ non pas de la loy. Il reste que fi iuge

824 190 949 132 De la grace ⁊ du merite.

401 911 226 110 Tout

344 991 312 116 doibt es¬

344 1083 315 107 tre attri¬

353 1160 265 104 bue a la

353 1252 268 113 grace/ et

344 1345 265 98 riẽs aux

338 1413 289 122 merites.

374 1912 297 118 La gra¬

368 1998 300 98 ce me iu

380 2075 282 116 stifie poͬ

380 2170 235 95 neant.

392 2241 267 101 Noꝰ na¬

392 2327 261 107 uõs pas

392 2407 267 101 esleu di¬

386 2505 282 90 eu mais

374 2583 306 101 il nous a

374 2657 232 101 esbeu.

380 2734 309 110 Noꝰ sõ¬

380 2829 300 104 mes fian¬

398 2912 264 110 cez en la

429 3010 92 101 foy

1858 2986 214 90 droict
