2212 3563
172 178 1397 163 De la foy ⁊ des oeuures. Cha.x.

106 346 1397 111 droict iugemẽt entre toy ⁊ moy/ ascauoir le iu¬

118 435 1371 105 gemẽt auq̃l ie tay fiãce: la ou il est manifeste q̃

120 518 1379 101 tõ merite na pas este le moien/ mais seullemẽt

124 595 1381 109 mõ plaisir. Mais cestuy est le iugemẽt/ q̃ tu ne

124 686 1383 103 extolle pas tes merites/ q̃ tu ne p̃fere point les

116 766 1389 100 oeuures de la loy/ que tu ne mette au deuãt la

114 841 1375 115 charge ⁊ la chaleͬ du ioͬ: mais q̃ tu cõgnoisse

118 930 1367 109 plus tost estre fiãcee en foy ⁊ en iustice qͥ est de

124 1015 1293 105 la foy ⁊ aussi en misericorde ⁊ miserations.

201 1112 1210 115 ¶ Hilaire sur sainct Matthieu/ au .xx.

273 1201 1059 101 canon/ sur ce passaige Appelle les

374 1288 887 97 ouuriers ⁊ leur rend le loyer.

126 1357 1384 117 ¶ Ueritablement nul loyer nest de don: car il

124 1450 1361 101 est deu par loeuure: mais dieu a dõne a toꝰ la

132 1532 1329 116 grace poͬ neãt par la iustification de la foy.

303 1719 1046 175 ¶ De la foy/ ⁊ des

392 1886 839 127 oeuures. Chap̃.x.

530 2048 618 129 ¶ Roma.3.D.

134 2217 326 339 C

434 2161 1085 157 Ertes nous estimõs lhõme

437 2289 1067 157 estre iustifie par foy sãs les

454 2407 693 140 oeuures de la loy.

142 2544 1386 131 Rom̃.4.A ¶ Abraam creut a dieu

136 2651 1374 151 et il luy fut repute a iustice. Aussi le

142 2785 1384 132 loyer nest pas ĩpute selõ la grace/ a

140 2897 1380 141 celuy qͥ oeuure/ mais selon la debte.

1644 234 145 140 124

1508 1496 258 107 Ro.4.a

1551 2553 259 128 Geñ.5.b

1540 2666 267 104 Gał.3.a

1548 2753 254 113 Iaco.2.d

938 2998 580 139 Q .iiii. Mais
