2211 3563
948 162 654 140 De la foy ⁊ des

691 312 1385 131 Mais celuy qui ne oeuure pas/ ⁊ qͥ

695 421 1397 135 croit en celuy qui iustifie linfidele

687 536 1403 137 la foy est reputee a iustice/ selon le

667 659 1078 126 propos de la grace de dieu.

673 783 1411 135 Roma.4.C. ¶ Car si ceulx qui

687 906 1397 131 sont de la loy/ sõt heritiers: la foy est

683 1021 1401 125 aneãtie/ la ꝓmesse est abolie. Pour¬

665 1138 1411 134 tãt est ce par la foy/ affin que par gra

653 1251 1425 130 ce/ la promesse soit ferme a toute se¬

663 1369 1417 123 mence: non pas seullement a celuy

687 1478 1387 129 qui est de la loy/ mais aussi a celuy

693 1591 1099 129 qui est de la foy de Abraam.

689 1708 1403 128 Rom̃.5.A. ¶ Nous doncques qui

693 1825 1393 130 sõmes iustifiez par foy/ ayons paix

673 1933 1413 135 a dieu/ par nostre seigñr Iesuchrist:

655 2062 1421 121 par lequel nous auõs acces par foy

655 2173 1413 123 en ceste grace en laquelle nous noꝰ

665 2288 1419 124 tenons fermes/ ⁊ nous glorifions

681 2399 1401 134 en lesperance de la gloire des filz

689 2509 341 123 de dieu.

687 2622 1397 129 Rom̃.11.C. ¶ Elles sõt rompues

683 2747 1401 127 a cause de leur incredulite/ mais tu

679 2868 900 140 es permanent par foy.

1670 2963 406 128 Rom̃.14.D
