2211 3563
715 308 663 121 non apparantes.

705 409 1385 153 Hebre.11.B. ¶ Mais il est impos¬

691 524 1401 152 sible de plaire a dieu sans foy: car il

687 639 1399 152 fault q̃ celuy qui sapproche de dieu

675 760 1403 150 croye quil est/ ⁊ quil soit remunera¬

685 866 1064 155 teur a ceulx qui le quierent.

691 989 1385 170 Hebre.11.F. ¶ Le tẽps ne me suif¬

677 1114 1379 152 fita pas/ se ie uueil racõpter de Ge¬

651 1231 1399 158 deon/ Barach/ Sampson/ Ieptes

659 1344 1407 158 Dauid/ Samuel/ ⁊ des prophetes:

677 1456 1377 155 lesquelz par foy ont uaincu les roy¬

683 1583 1369 143 aumes/ ont faict iustice/ ont obtenu

681 1682 584 135 les promesses.

677 1797 1385 152 1.Pet̃.1.B. ¶ Auq̃l aussi mainte¬

659 1916 1397 146 nant uous croyes sans le ueoir: et

639 2030 1407 155 uous qui croyes/ uous uous esiouy¬

649 2147 1393 149 rez dune ioye inencerodle et glori¬

659 2244 1388 181 fiee/ en rapportant? la fin de uostre

679 2367 957 138 foy/ le salut de uoz ames.

661 2486 1383 152 Act̃.15.B. ¶ Et dieu qui congnoit

668 2586 1361 178 les cueurs a dõne tesmoignage/ en

665 2713 1369 155 leur donnant le sainct esprit cõme

662 2826 1361 190 aussi a nous: ⁊ na faict quelque def¬

1014 156 642 142 De la foy ⁊ des

368 2181 242 105 La fin d

371 2256 264 110 la soy est

372 2359 242 91 le salut

372 2436 261 107 des ames

353 2571 282 125 De ꝯse.

354 2682 289 103 di.4.c.ue

348 2771 291 95 rus bap¬

356 2844 253 116 tismus.

1783 2975 245 114 serence
