2212 3563
410 151 951 139 oeuures. Cha.x.

122 294 1386 113 que ne demourez ingratz en aucun de ses dõs.

275 382 1099 108 ¶ Augustin au liure des cinquantes

350 467 957 105 homelies/ en la .xuii. homelie.

148 543 1347 104 ¶ La paix soit aux freres/ ⁊ charite auec la

145 623 1362 119 foy de dieu nostre pere/ ⁊ de nostre seigñr lesu

140 710 1370 105 christ. Quelle chose dõcq̃s as tu q̃ tu ne laye

126 797 1379 99 receu? Et si tu las receu pourquoy ten glorifie

122 890 1371 89 tu/ cõme si tu ne lauois point receu? Abraam

142 958 1349 101 sest il ainsi glorifie? Il sest glorifie de la foy.

142 1039 1350 118 * Quelle est la pleine ⁊ parfaicte foy? Celle qͥ

124 1128 1371 98 croit q̃ tous noz biẽs sont de dieu/ ⁊ aussi mes¬

124 1199 1365 125 me la foy. Derechief lapostre dit. * Iay obte¬

124 1288 1374 107 nu misericorde. O uraye confession. Il ne dit

124 1374 1371 104 pas/ iay obtenu misericorde poͬ ce q̃ iestoye fi¬

130 1451 1365 122 dele: mais affin que ie fusse fidele ay ie obtenu

130 1545 1394 105 misericorde. Uenons aux p̃mieres oeuures de

144 1623 1398 109 Paul:: regardõs saul qͥ foursenoit/ regardõs

150 1704 1390 107 le en sa crudelite/ regardons le anhelant par

145 1778 1365 113 haynes ⁊ desirant le sang. Ceste estoit la uoye

142 1874 1366 103 de Paul/ ⁊ Christ nestoit pas encore sa uoye.

140 1951 1370 111 Quelle chose auoit il au cueur? Quelle cho¬

144 2040 1364 105 se/ sinon le mal? Donnez moy ses merites?

142 2119 1376 113 Que si nous querõs ses merites: ce serõt meri

150 2209 1222 99 tes de dãnation/ ⁊ non pas de liberation.

332 2290 1052 107 ¶ Augustin/ au premier liure de ses

415 2377 884 97 retractatiõs/ au .xxiii. Chap̃.

158 2450 1392 105 ¶ Pareillement moy disputãt q̃lle chose dieu

164 2533 1392 109 a esleu en celuy qͥ nest pas encore naiz: auq̃l a

160 2616 1388 113 dit que le plus grand le seruiroit: ⁊ q̃lle chose

154 2697 1382 111 il a reprouue au plus grand/ lequel mesme

154 2785 1376 104 aussi nestoit pas encore naiz: desquelz a ceste

154 2868 1378 136 cause est faict memoire lõg tẽps apres ꝑ le tes¬

1552 178 157 101 128

1510 519 279 137 ephe.6.a

1522 626 255 107 1.cor.4.b

1510 1024 276 128 Foy plei

1504 1122 279 95 ne ⁊ par¬

1516 1205 202 107 faicte.

1513 1282 267 110 1.tim̃.1.c

1522 1377 261 104 Gał.1.c

1525 1463 246 92 Act̃.9.a

1519 1769 282 134 1.tim̃.1.b

1194 2959 348 109 moignaige
