2211 3563
410 270 285 124 mala.1.a

413 371 228 110 Ro.9.c

404 537 261 113 Quelle

404 620 255 110 chose di¬

404 721 246 104 eu esleit

389 807 267 95 aux pre¬

377 875 294 125 destinez.

710 285 1370 115 moignage propheticque qui a dit.7Iay ayme

710 394 1367 98 Iacob/ mais iay hay Esau: quãt ie disputoye

699 479 1381 100 ceste chose/ ie suis uenu a ꝓduire la raison/ et

689 558 1385 104 dire.4 Dieu dõcq̃s na pas esleu en sa p̃sciẽce/

668 638 1403 104 les oeuures de quel quil soit/ lesquelles aussi

665 712 1403 107 luy mesme doibt dõner: mais a esleu la foy en

686 798 1382 104 (a presciẽce/ tellemẽt que celuy quil a presceu

695 887 1370 95 quil debuoit ceoire en luy/ cestuy mesme a il

687 967 1383 111 esleu poͬ luy dõner le sainct esprit: affin aussi

679 1053 1391 101 q̃ en faisant bonnes oeuures id obtenist la uie

663 1138 1401 107 elermeb. Ie nauoye pas encore enq̃sie diligẽ¬

651 1223 1413 101 ment: ⁊ si nauoye pas encore trouue q̃lle estoit

655 1306 1413 101 lelectiõ de la grace: de laq̃lle le mesme apostre

674 1377 1394 110 dit◊ Les reliez ont este souuez por lelectiõ: la¬

683 1466 1379 101 quelle nest nullemẽt grace/ se aucuns merites

685 1549 1377 97 la precedent: ⁊ ce qui est maintenãt dõne/ nest

685 1633 1385 106 pas dõne par grace/ mais plus tost seroit rẽdu

687 1714 1381 107 selon le deu des merites/ que dõne. Et ung pe¬

675 1801 1391 101 tit apres ay dit. Certes a nous appartient de

661 1884 1397 103 croire ⁊ de uouloir: ⁊ a dieu de dõner a ceulx qͥ

645 1969 1415 101 croyẽt et qui ueullent/ la faculte de bien faire

643 2048 1411 109 par le saĩct esprit: par leq̃l la charite est respã-

653 2137 1395 91 due en noz cueues: ce est aussi uicy: mois par

663 2213 1399 106 la mesme reigle/ aussi lũg ⁊ lautre est de dieu:

669 2300 1389 103 car cestuy prepare la uolunte: ⁊ lung ⁊ lautre

680 2387 1373 92 aussi est de nous/ car ce nest pas faict/ q̃ aussi

671 2458 1376 113 ne le uueillons estre faict. Et est ce aussi q̃ iay

674 2544 1379 98 dit apres. Que ne pouõs uouloir se nous ne

677 2621 1370 110 sommes appellez: et quant apres la uocation

683 2716 1370 98 nous aurõs uolunte/ nostre uolunte ne suffit

677 2793 1370 110 pas/ ne nr̃e course/ si ce nest aussi q̃ dieu dõne

668 2883 1379 169 forces a ceulx qui courrent/ et qͥl les mains la

1014 168 646 136 De la foy ⁊ des

374 1377 253 101 Ro.11.a

374 2375 294 101 dieu ap¬

374 2455 273 104 pelle et

374 2538 279 104 donne le

371 2621 288 101 uouloir:

362 2713 300 98 ⁊ maine

368 2791 276 92 la ou ib

374 2874 253 112 appelle.

1767 2983 283 98 ou il les
