2212 3563
99 290 1406 115 ou il les appelle. Et puis apres ay adiouste.

101 365 1385 136 Il est dõcques manifeste/ 7q̃ ce nest point par

102 463 1387 113 celuy qui ueult ne par celuy qui court: mais

112 540 1393 119 cest par dieu qui faict misericorde/ q̃ nous fai¬

122 619 1383 125 sons bien: ⁊ est totallement ueritable. Mais

112 704 1391 123 iay peu discute de ceste uocation/ laquelle est

104 791 1391 115 faicte selõ le propos de dieu. Car elle nest pas

100 872 1399 119 telle a tous ceulx qͥ sont appellez/ mais seulle¬

100 960 1399 114 mẽt aux esleuz. Et ainsi ce que iay dit ung pe

104 1039 1401 116 tit apres. Car ainsi que en ceulx q̃ dieu a esleu

99 1128 1400 103 les oeuures ne cõmencent pas le merite/ mais

99 1203 1394 119 la foy/ affin q̃ par le don de dieu ilz faicẽt biẽ:

100 1286 1395 119 pareillemẽt en ceulx quil dãne/ linfidelite cõ

97 1375 1400 115 mẽce le merite de la peine/ tellemẽt q̃ par ceste

100 1454 1401 127 peine aussi fõt le mal: en ceste parolle ay ie dit

100 1540 1397 118 tresbien: mais ie nay pas estime qͥl failloit de¬

107 1618 1409 124 mãder/ ⁊ si nay pas dit/Fq̃ le merite de da uoy

115 1695 1410 131 fut aussi le dõ de dieu. Et aussi en ung autre

110 1781 1391 119 lieu ay di Cerntnem dieu /a Hẽouurer

106 1868 1391 121 celuy a qͥ il faict misericorde: ⁊ delaisse pour

102 1951 1399 127 faire mal celuy qͥl endurcist. Mais aussi ceste

100 2036 1403 113 misericorde est attribuee au precedẽt merite de

104 2119 1397 117 la foy: ⁊ cest endurcissemẽt a la p̃cedẽte infide

107 2197 1382 121 lite. Ce qͥ est ueritable.? Mais il failloit enco

101 2292 1388 124 re demãder: ascauoir se le merite de la foy pre¬

104 2378 1388 110 uiẽt la misericorde de dieu: cest adire: ascauoir

118 2446 1398 119 se ceste misericorde est ooͬce leudemẽt saicte en

112 2535 1407 128 lhõe/ qͥl est fidele: ou selle est faicte aussi affin

112 2606 1410 134 qͥl soit fidele. Mais noꝰ lisõs au dit de Paul

107 2696 1397 133 lapostre.? Iay obtenu misericorde affin que ie

116 2785 1387 122 fusse fidele. Il ne dit pas: poͬce q̃ iestoye fidele.

116 2868 1391 140 La misericorde doncques est donnee au fidele:

404 145 954 145 oeuures. Cha.x.

1513 344 309 131 Rom̃.9.

1566 166 167 113 N9

1581 1597 223 122 La foy

1537 1698 267 107 est le don

1516 1778 238 110 de dieu.

1551 2194 235 116 La foy

1510 2277 291 98 est dõnee

1522 2360 285 107 a lhõme

1543 2446 255 110 par mise

1540 2529 196 104 ricorde

1537 2612 223 113 de dieu.

1519 2696 270 136 1.tim̃.1.c

1114 2955 396 109 R mais
