2211 3563
945 146 634 135 De la foy ⁊ des

677 287 1385 102 mais aussi luy a este dõnee la misericorde poͬ

675 372 1385 105 estre fidele. Et pourtãt ay ie dit tresbiẽ en ung

677 448 1388 107 autre lieu du mesme liure. Que si noꝰ sõmes

668 534 1403 116 appellez ⁊ si noꝰ croyõs/ par la misericorde de

651 625 1417 97 dieu/ ⁊ non point par les oeuures: ⁊ quil nous

649 706 1417 101 est dõne a nous qͥ croyons/ de faire bien: nous

665 793 1403 97 ne debuõs point auoir enuie se ceste misericor¬

683 872 1385 101 de est dõnee aux gẽtilz: cõbien que peu diligẽ¬

683 956 1389 101 ment en ce passaige ie aye traicte de celle uoca

683 1035 1107 103 tion qui se faict par le propos de dieu.

782 1116 1084 109 ¶ Augustin ad Sixtum prebstre/ en

893 1203 923 95 lepistre .cu. en la lettre de D.

659 1276 1406 113 ¶ Dieu a departy a ung chascũ la mesure de

691 1375 1383 93 foy. Il est uray q̃ les bõnes oeuures se sont de

679 1446 1389 107 lhõme/ mais la foy est faicte en lhõe/ sãs laq̃l¬

693 1534 1369 103 le les bõnes oeuures ne sont faictes de ꝑsõne.

698 1618 1373 89 * Car tout ce qͥ nest pas de foy/ est peche. Par¬

701 1704 1373 92 quoy affin q̃ nul ne se extolle par le merite de

710 1775 1364 104 oraison: aussi laide du seigñr est dõnee a celuy

692 1864 1391 104 qͥ prie/ pour uaincre les cupiditez des choses tẽ

674 1947 1397 107 porelles/ ⁊ poͬ aymer les biẽs eternelz/ ⁊ aussi

674 2033 1397 104 la mesme fõtaine de tous biẽs: laq̃lle aide selle

677 2119 1394 90 nestoit aussi dõnee il ne pourroit prier. * Cõ¬

685 2199 1397 105 ment doncq̃s inuocqueront ilz celuy auq̃l ilz

691 2280 1405 95 nont pas creu? Cõmẽt croyrõt ilz en celuy qͥlz

687 2363 1391 105 nõt pas ouy? Cõment le ouyrõt ilz sans predi

683 2446 1397 97 cateur? Cõment prescherõt ilz silz ne sont en¬

685 2527 1401 109 uoyez? Doncq̃s la foy est par louye: ⁊ louye

685 2614 1395 91 est par la parolle de Christ. Et pourtant le ser

691 2696 1395 100 uiteur de Christ/ qui est le predicateur de ceste

695 2779 1381 103 foy/ selon la grace quil luy est dõnee/ il est le

686 2853 1379 139 planteur ⁊ larrouseur. * Mais toutesfoys ce¬

395 427 246 134 Act̃.9.a

401 528 249 140 Gał.5.c

368 1270 238 113 Ro.12.a

389 1609 288 107 Ro.14.d

398 1707 282 95 Les oeu

389 1778 291 119 ures sãs

389 1885 226 95 foy ne

380 1962 273 101 sont pas

371 2030 261 113 bonnes.

380 2131 235 125 Ro.10.c

392 2844 273 142 1.corĩ.3.b

1804 2949 272 115 luy qui
