2211 3563
802 186 798 138 De la transgression

647 328 1385 133 regarder: si print de son fruict et en

645 455 1391 124 mengea: et en donna a son mary/ le¬

655 572 1375 118 quel en mẽgea: et les yeulx de tous

651 684 821 121 deux furent ouuers.

635 795 1401 125 Ecclł.25. D. ¶ Le cõmencement

622 912 1408 129 du peche fut faict par la fẽme: ⁊ par

624 1029 873 107 icelle mourons tous.

624 1132 1420 134 1.Tim̃.2.C. ¶ Aussi Adã ne fut

635 1258 1399 125 pas seduict: mais la femme qui fut

657 1369 1130 133 seduicte fut en preuarication.

768 1488 1197 111 ¶ Origene en lepistre aux Romains/

897 1581 874 95 au .u. liure. au .u. Chapitre.

674 1647 1361 107 ¶ Regardõs premieremẽt/ cõmẽt le peche est

649 1745 1391 97 entre en ce mõde par ung hõme: ⁊ la mort par

641 1817 1400 107 le peche.* Car par auãture aucũ demãdera:

635 1906 1400 110 se la fẽme a peche deuãt Adã/ de laq̃lle est dict:

627 1980 1402 110 q̃ icelle seðuicte fut faicte en p̃uarication: ⁊ de

633 2074 1403 97 rechief le serpẽt pecha deuãt elle. Si dõcques

651 2153 1391 105 la fẽme a peche deuãt Adã/ ⁊ le serpẽt deuant

655 2238 1377 101 la fẽme (cõme dit lapostre q̃ Adam ne fut pas

653 2321 1389 99 seðuict/ mais q̃ la femme fut seðuicte) cõment

649 2408 1391 97 pourra on congnoistre q̃ le peche est entre par

665 2502 1369 87 ung hõme: ⁊ non pas plus tost par une fẽme?

665 2562 1370 104 *Car le cõmencemẽt de peche est de la fẽme: et

647 2662 1399 95 du serpẽt ou du diable/ deuãt la fẽme duquel

662 2728 1379 119 il est dit en leuãgile* q̃ cestuy estoit homicide

665 2811 1373 110 des le cõmẽcemẽt.* Mais regarde/ cõmẽt La

653 2900 1379 137 postre a tenu en ces choses icy lordre de natu¬

356 1633 276 145 Ro.5.b.

341 1831 286 107 La fẽme

338 1924 280 100 pecha la

338 2010 244 98 p̃miere.

359 2565 217 119 Ecclĩ.

365 2663 137 95 25.d

362 2734 205 116 Io.8.f

359 2835 229 95 Pour¬

368 2897 262 155 quoy est

1868 3000 174 91 re/ et
