2212 3563
431 169 981 154 oeuures. Chap̃.x.

142 326 1384 111 luy qͥ plãte nest riẽs/ ne celuy qͥ arrouse/ mais

146 419 1366 101 dieu qͥ dõne accroissemẽt: leq̃l a ung chascun

152 498 1368 101 diuise la mesure de foy. Dequoy aussi est dit

151 570 1377 112 q̃lque part. * La paix soit aux freres ⁊ la cha

142 659 1386 101 rite auec la foy. Et affin q̃ ilz ne lattribuassẽt

130 736 1383 116 a eulx aucunemẽt/ il dit apres. De par dieu le

127 819 1386 110 pere ⁊ nostre seigñr Iesuchrist: car tous ceulx

133 908 1380 110 qͥ oyent la parolle nõt pas la foy: mais ceulx

130 988 1383 101 a qͥ dieu diuise la mesure de la foy: cõme tou¬

124 1065 1389 116 tes choses qͥ sont plantees ne germẽt pas/ cõ¬

124 1161 1384 101 bien quelles soiẽt aussi arrousees: mais celles

121 1247 1383 98 a qui dieu dõne accroissemẽt. Mais pourquoy

121 1324 1383 107 lung croit/ ⁊ lautre ne croit pas/ la ou tous

124 1413 1388 101 deux oyent la mesme parolle: ou si q̃lque mi¬

120 1498 1388 101 racle se faict en la presence de eulx/ tous deux

126 1577 1396 101 uoyent la mesme chose: ce est la haultesse des

132 1662 1404 93 richesses de la sapience ⁊ de la science de dieu

130 1741 1392 101 duquel les iugemens sont inscrutables/ ⁊ en¬

120 1827 1390 100 uers leq̃l ny a pas diniqͥte: quãt il faict mise¬

116 1910 1396 105 ricorde a celuy quil ueult/ ⁊ endurcit celuy qͥl

116 1997 1389 99 ueult: ⁊ ses iugemens ne sont pas pourtãt in¬

112 2075 1383 107 iustes de ce quilz sont secretz. * Aussi le sainct

114 2163 1391 103 esprit ne inspire il pas la ou il ueult pour ha

120 2248 1385 87 biter: ⁊ la charite de dieu/ sans laquelle nul ne

112 2324 1383 101 peult bien uiure/ * nest elle pas respandue en

120 2422 1396 87 noz cueurs/ nõ pas de noꝰ/ mais par le sainct

122 2492 1400 103 esprit qͥ noꝰ est dõne? Et lapostre dõne la diffi¬

112 2571 1401 104 nitiõ de ceste foy/ disant. * La circõcison aussi

110 2654 1397 105 nest riẽs ne lincircõcisiõ: mais la foy qͥ oeuure

114 2743 1377 101 par charite. Ueritablement ceste foy est la foy

112 2814 1374 119 des chrestiens/ ⁊ non point des diables. * Car

116 2909 1379 113 aussi les diables croyent/ et tremblent/ mais

1602 197 130 129 130

1551 567 265 118 Eph.6.d

1551 671 244 109 Paix/

1534 760 261 95 charite/

1534 831 261 110 ⁊ la foy

1534 920 237 104 sont de

1531 1000 249 98 dieu le

1534 1092 145 104 pere.

1531 1247 264 103 Note di

1531 1336 264 124 ligẽmẽt.

1519 2057 270 146 Ioã.3.a

1522 2318 241 125 Ro.5.a

1540 2565 237 128 Gał.5.b

1516 2829 258 140 Iaco.2.d

942 2998 549 111 R .ii. ayment
