2211 3563
377 400 273 134 Luce.4.f

377 561 235 121 La foy

368 662 241 115 dõcques

356 754 262 104 noustire

347 831 288 104 a Christ.

347 920 280 122 Ioã.6.e

661 328 1395 105 aymẽt ilz aussi? Silz necroyent point/ nuller

668 415 1409 107 ment ne diroiẽt.? Tu es le sainct de dieu ou tu

645 500 1411 107 es le filz. Et silz aymoient ilz ne diroient pas.

650 581 1397 110 Quelle chose est il entre nous ⁊ toy? La foy

638 662 1418 107 dõcques noꝰ tire a Christ: q̃ si elle ne noꝰ estoit

656 754 1400 104 dõnee pour neant/ il ne diroit pas lay mesme.

671 831 1385 110 ◊ Nul ne peult uenir a moy/ se mon pere qui

671 908 1382 119 ma enuoye ne le tire Dequoy aussi dit ung pe

661 1003 1399 105 tit apres. Les parolles q̃ ie uoꝰ ay dit son esprit

657 1086 1401 99 ⁊ uie: mais il en ya aucuns de uoꝰ qͥ ne croient

633 1165 1415 115 pas. En aps leuãgeliste adiouste. Car Iesus

626 1262 1426 97 scauoit des le cõmencemẽt ceulx qͥ ne croiroiẽt

626 1330 1430 113 ⁊ qͥ estoit celuy qui le liureroit. Et affin q̃ nul

633 1417 1429 107 ne estimast q̃ les ceoyõs appartiẽnent tellemẽt

649 1500 1405 101 a sa presciẽce/ cõme les non croyans: cestadire

659 1585 1393 99 que ceste foy ne soit pas dõnee denhault: mais

661 1664 1393 103 que seullement leur uolunte fust precõgneue:

671 1748 1382 98 incõtinẽt apres il adiousta ⁊ dit. Pourtãt uoꝰ

653 1836 1407 99 ay ie dit/ que nul hõme ne peult uenir a moy/

639 1918 1045 110 sil ne lucy est donne de mon pere.

633 2030 1417 137 Sapieñ.3. B. ¶ Ceulx qui ont

645 2155 1411 121 confidence en luy/ ilz entendront la

659 2266 1405 127 uerite: ⁊ les fideles obtempererõt a

661 2381 1395 138 luy en dilection: car don ⁊ paix est a

667 2492 446 130 ses esleuz.

663 2642 1399 133 Sapiẽ.3. C. ¶ Car le don esleut

661 2763 1391 132 de foy luy sera donne/ ⁊ le sort tres

651 2884 1159 134 aggreable au temple de dieu.

939 192 636 136 De la foy ⁊ des

1650 2986 396 117 Eccle.33.D.
