2211 3563
669 316 1373 145 Matth.9. D. ¶ Croyez uous q̃

673 431 1373 143 ie uoꝰ puis faireceste chose? ilz luy

665 554 1391 132 dient: ouy certes seigñr. Adonc tou¬

645 665 1405 138 cha leurs yeulx/ disant. Quil uous

657 785 995 143 soĩt faict/ elon uostre foy.

675 914 1373 150 Luc.8. G. ¶ O fille/ ta foy ta sau¬

673 1047 634 128 uee/ ua en paix.

667 1154 1375 140 Ioa.6. D ¶ Qie ferons nous/

649 1272 1399 131 pour faire les oeuures de dieu? Ce

669 1385 1385 135 ste est loeuure de dieu: q̃ uoꝰ croyez

687 1510 1147 125 en celuy que le pere a enuoye.

782 1629 1177 120 ¶ Augustin/ sur sainct Iehan au .xxu.

982 1728 749 95 traicte/ au .ui. Chapitre.

695 1832 1377 99 ¶ Ce est dõcques mẽger la uiãde/ nõ pas celle

701 1912 1365 99 qͥ se pert/ mais qͥ demeure iu sq̃s en la uie eter¬

695 1980 1370 122 nelle.? Pourquoy appareille tu les dẽs ⁊ le ue

698 2078 1361 101 tre? Croys ⁊ tu as mẽge. Ueritablemẽt la foy

692 2164 1361 107 est differẽte aux oeuures cõe dit lapostre/ ◊ ihõ

695 2232 1376 122 me estre iustifie por la foy sans les oeuures de

713 2321 1361 110 la loy: ⁊ sont aucunes oeuures qui semblent

719 2405 1355 112 estre bonnes sans la foy de Christ/ ⁊ si ne sont

719 2494 1359 99 pas bõnes pour ce quelles ne sont referees a ce

731 2568 1352 113 ste fin par laquelle elles sont bonnes.? Car la

721 2654 1355 115 fin de la loy/ cest Christ/ pour la iustice de tout

717 2743 1363 103 croyant. Pourtant na pas uoulu separer la

748 2829 1323 104 foy de loeuure/ͬ mais a dit icelle foy estre loeu

737 2894 1331 134 ure de dieu. Car cest celle qͥ oeuure par charite.

950 182 640 142 De la foy ⁊ des

430 1953 229 149 Croire

416 2078 240 110 cest mẽ¬

424 2170 176 110 ger le

427 2256 232 98 corps de

439 2324 205 104 Christ.

436 2413 220 110 R.o.3.d

433 2592 247 98 Ro.10.a

454 2823 235 110 Foy est

460 2912 229 101 loeuure

457 3004 228 115 de dieu.

1721 2990 353 107 Et na pas
