2212 3563
122 310 1373 123 Et napas dit. Cest uostre oeuure/ mais a dit.

130 394 1353 113 Ce est loeuure de dieu/ q̃ uous croyez en celuy

140 492 1349 109 q̃ le pere a enuoye: affin que celuy qui se glori

150 576 937 110 fie/ quil se glorifie au seigneur.

267 657 1079 113 ¶ Au mesme liure/ au .xlix. traicte/

530 742 523 101 au .xi. Chapitre.

121 795 1362 131 ¶ Se foy est en nous/ Christ est en nous Car

118 902 1362 104 quelle autre chose dit lapostre/ Christ habiter

124 982 1362 125 par foy en uoz cueurs? Parquoy la foy q̃ tu

126 1074 1107 109 as de Christ/ cest Christ en ton cueur.

124 1155 1361 141 Psal.49. ¶ Ie ne te reprendray

118 1270 1371 141 pas en tes sacrifices: aussi tes holo¬

118 1387 1371 131 caustes sont tousioͬs en ma p̃sence.

134 1504 1361 134 Ie ne receuray pas de ta maisõ les

130 1619 1394 128 ueaux/ nie les boucz de ues ⁊coppe¬

136 1726 1386 134 aulx. Car toutes les bestes Nuat

132 1846 1371 131 gesdes /oeo/lz/ ot a moy: les iumẽtz

121 1953 1371 146 des mõtaignes ⁊ les boeusz ⁊c. Mẽ

126 2084 1361 121 geray ie les chairs des taureaux:

133 2185 1371 145 ou beuuray ie le sãg des boucz. Sa¬

132 2310 1343 124 crifie a dieusacrifice de louẽge ⁊c.

128 2414 1384 141 Esate./. C. ¶ Que ciy le ahfoire

136 2520 1401 143 de la multitude de uoz oblatiõs dif

133 2633 1398 166 le seigneur. Ien suis plain. Ie nay

134 2763 1359 140 pas demande les holocaustes des

134 2886 1380 138 moutõs/ ne la graisse des gras/ ne

404 163 981 142 oeumes. Chap̃.x.

1510 394 273 119 Ioã.6.d

1564 201 150 111 I

1519 786 226 140 Nostre

1504 887 217 113 foy est

1507 967 232 131 Christ.

1516 1953 270 116 Hebr.9.c

1522 2131 272 111 De uo¬

1519 2223 276 113 to.c. peñ.

1554 2466 254 105 Dieuna

1560 2556 235 101 quesaire

1551 2639 185 107 de noz

1528 2741 270 95 uoeux ⁊

1530 2810 268 109 offrãdes

944 2996 570 117 R .iiii. le sang
