2211 3563
980 176 650 134 De la foy ⁊ des

671 310 1391 139 le sãg des ueaulx ne des aigneaux/

661 441 650 119 ne des boucz ⁊c.

674 537 1391 139 Amos.5.F. ¶ Que si uous me

663 657 1407 142 offrez uoz holocaustes ⁊ uoz dõs/ ie

651 783 1409 129 ne les receuray pas: ⁊ ne regarderay

686 887 1379 140 pas les uoeux de uoz grasses be¬

671 1005 1397 131 stes. Oste arriere de moy le tumul¬

645 1126 1399 128 le de tes chansons/ aussi ne oyray

626 1237 1341 134 ie pas les chansons de ta harpe.

643 1373 1427 127 Micheas.6.B. ¶ Quelle chose

669 1486 1393 133 offreray ie au seigñr. Ployeray ie le

669 1601 1393 132 genouil au dieu souuerain? Luy of¬

671 1718 1395 122 freray ie des holocaustes ⁊ des ue¬

669 1832 1399 129 aux en dessoubz dũg an ⁊c? * O toy

659 1941 1400 137 hõme/ ie te monstreray quelle chose

641 2048 1424 134 est bõne/ ⁊ q̃lle chose le seigñr demã

665 2173 1387 125 de de toy. Certainemẽt cest de faire

680 2286 1382 133 iugement/ aymer misericorde/ ⁊ che

673 2405 1367 118 miner solliciteusemẽt auec tõ dieu.

840 2537 1055 105 ¶ Cyrille sur sainct Iehan/ au .iii.

941 2626 804 101 liure/ au .xxxi. Chapitre.

671 2723 1389 109 ¶ Quant les Iuifz en desprisant mauuaise¬

657 2812 1393 103 ment la doctrine du saulueur/ ⁊ estimant estre

653 2895 1391 119 assez pour eulx/ la loy de Moyse poͬ scauoir

389 543 264 136 Malac.

384 653 246 101 1.d.⁊.2.c.

372 748 256 91 24.q.1.c.

360 821 157 91 odi.

350 887 280 119 1.qõ.1.c.

366 987 170 117 odit.

408 1888 212 101 Dieu

356 1971 256 116 demãde

368 2060 235 104 q̃ nous

358 2147 268 97 faisõs iu

364 2240 279 91 gement ⁊

368 2315 285 104 q̃ noꝰ ay

364 2408 283 92 mõs mi¬

374 2482 265 105 sericor¬

368 2563 117 125 de.

1773 2985 277 124 loeuure
