2212 3563
118 304 1396 105 loeuure de dieu: quilz disoient/ q̃ ferons nous

126 389 1377 107 affin que nous facions loeuure de dieu? Iesu¬

132 475 1371 104 christ leur declaire aucunement de bõne sorte

142 554 1370 115 quihz estoient loing de la uraye ueneration de

138 643 1372 107 dieu: ⁊ leur monstre quilz ne scauoient riens: ⁊

128 724 1380 107 que iceulx adherant a la lettre des figures et

122 803 1383 105 des umbres nestoient pas trop plains de ueri¬

118 886 1392 113 te: ⁊ ainsi uueillant signifier que le fruict de la

134 973 1376 109 foy est differẽt a la ueneration de la loy/ il dit.

121 1059 1389 107 Ceste est loeuure de dieu/ q̃ uous croyez en ce¬

122 1140 1385 112 luy que le pere a enuoye. Ceste est (dit il) loeu¬

118 1227 1381 105 ure de dieu/ nõ pas celle q̃ uous estimez/ regar

120 1308 1387 111 dant seullemẽt les figures ⁊ les umbres de la

118 1383 1389 125 loy:? aprenez (cõbien que ce soit contre uostre

118 1469 1389 107 uolũte) que lautheur de la loy na iamais ap¬

118 1549 1389 110 pete la mort des boeufz ou des brebis. Et ques

124 1641 1419 101 ce de uencens/ uoire quu (e guã Reẽglreoit laer

138 1720 1398 114 tout espars de souefue odeur? Dequoy auss¬

136 1801 1376 117 pourra ayder le bou/ ou Loꝰon de Cyna¬

124 1879 1383 113 mome?? Dieu mẽgera il les chairs des tau¬

118 1971 1394 113 reaux? Beuuera il le sang des boucz. Il con¬

124 2056 1386 109 gnoit toutes les uolailles du ciel/ ⁊ la beaulte

121 2146 1392 98 du chãp est auec luy.? Il hait ⁊ a deboute uoz

138 2222 1376 113 solennitez: et ne sentira nulles de uoz solen¬

126 2310 1392 106 nitez/ comme il dit: ⁊ na riens parle a uoz pe¬

122 2389 1406 109 res des holocauftes ne de loccisiõ des hosties.

132 2474 1410 105 Cela nest pas dõcques loeuure de dieu: mais

136 2557 1408 109 est q̃ uous croyez en celuy q̃ le pere a enuoye.

134 2632 1400 111 Car la foy apporte salut/ ⁊ la grace iustifie.

126 2721 1396 109 mais les cõmãdemẽs de la loy cõdemnẽt pluo

130 2804 1382 111 tost. Doncques loeuure de dieu est la foyen

132 2888 1386 126 Christ: parquoy se fault adherer a sa doctrine

401 154 978 151 oeuures. Chap̃.x.

1592 182 113 146 H¬

1531 1033 238 148 Ioã.6.d

1528 1371 270 122 Dieu ne

1522 1478 255 98 regarde

1540 1558 258 89 poĩt les

1569 1630 238 121 umbres.

1525 1876 235 131 Ps̈.49.

1537 2102 255 145 Esai.1.d

1196 2983 314 114 ⁊ non pas
