2211 3563
1002 166 650 140 De la foy ⁊ des

669 310 1399 113 ⁊ non pas a lõbre de la loy. Cest une chose biẽ

663 399 1407 105 a esmerueiller. Car cõbien que Christ ne eust

663 484 1401 103 quelque cure de ceulx qͥ le interrogoient pour

649 566 1413 108 lesprouuer: toutesfoys pour le p̃sent (combien

647 649 1419 107 aussi quil ueist q̃ nulle utilite ne leur en uien¬

645 734 1415 101 droit) il respond en leur condẽnatiõ/ ce que en

659 819 1401 105 quelque aultre passaige il dit. * Se ie ne fusse

671 906 1389 99 pas uenu/ ⁊ si ie ne eusse poĩt parle a eulx ilz

673 989 1389 89 ne auroiẽt pas de peche: moĩs ilz nont main¬

665 1060 1094 105 tenant quelque excuse de leur peche.

663 1146 1383 132 Io.17.2. ¶ Mais ceste est la uie eter

633 1258 1403 141 nelle/ quilz te cõgnoissent seul uray

641 1381 1318 129 dieu/ ⁊ Iesuchrist q̃ tu as enuoye.

863 1490 1003 103 ¶ Cyrille sur sainct Iehan au .ii.

1050 1573 641 99 liure/ au .xui. Chap̃.

689 1650 1367 107 ¶ Mais si la ꝯgnoissãce de dieu est la uie eter

679 1739 1387 91 nelle: cõment (dira aucun) auõs nous affaire

673 1819 1393 105 de quelque aultre chose? Que si nous nauõs

674 1906 1391 107 affaire daultre chose * cõmẽt est il tesmoigne

647 1989 1419 105 que la foy sans oeuure est morte? Car quest ce

639 2070 1423 111 aultre chose de foy/ q̃ la uraye ꝯgnoissance de

637 2153 1417 107 dieu? La ꝯgnoissance est faicte par la foy/ cõe

659 2226 1397 110 le tesmoigne Esaie/ disant. * Certes si uoꝰ ne

659 2321 1405 99 croyez/ uous nẽtendrez riẽs. Mais q̃ la nue cõ

677 2410 1391 95 gnoissance de considerer dieu soit inutile: les

679 2488 1387 101 uoix des sainctz hões le cõfermẽt. Car aucun

686 2562 1379 101 des disciples du seigñr dit. * Tu croys quil est

677 2650 1387 107 ung dieu: tu fais aussi bien: pareillemẽt aussi

671 2737 1391 105 croyẽt les diables ⁊ en ont horreͬ. Que dirõs

661 2824 1395 95 nous dõcq̃s a ces choses? ou cõmẽt sera la pa¬

655 2899 1401 115 rolle du seigͬ icy ueritable? Mais il est uerita

366 821 244 95 Io.15.d

368 1897 282 130 Iaco.2.d

374 2226 261 137 Esa.7.b

365 2562 300 145 Iaco.2.d

1771 2990 289 117 ble sans
