2211 3563
711 314 1381 141 ras sauue. Car on croit de cueur poͬ

699 431 1403 143 estre iustifie: ⁊ on le confesse de bou¬

685 546 1413 146 che pour auoirsalut. Aussi lescriptu

686 653 1397 163 re dit.? Tout homme qui croit en

685 779 1046 147 luy ne sera pas confondu.

865 894 1197 129 ¶ Aug. en son Manuel/ au .xxii. Cha.

722 970 1361 131 ¶ Toute mon esperãce esten la mort de mon

740 1060 1346 127 eigñr. Sa mort est mõ merite/ mõ refuge/ mõ

683 1137 1388 121 salu/ ma uie/ ⁊ ma restrrectiõ. Uon merite/

671 1232 1400 124 cest la miseratiõ du seigneur. Ie ne suis point

659 1318 1418 122 pouure de merite au (si longuemẽt F le seigñr

699 1389 1383 129 des miserations sera en estrre. Et si les miseri¬

691 1472 1375 123 cordes du seigñr sont grãdes/ ie suis grand en

683 1555 1379 135 merites. Dautãt q̃ cestuy est plus puissãt poͬ

689 1638 1090 121 sauuer/ dautãt suis ie plus asseure.

947 1726 925 120 ¶ Du mesme au .xxiii. Chap̃.

689 1807 1389 126 ¶ Iay cõmis ung grãd peche: ⁊ me sens coul¬

677 1892 1393 127 pable de beaucop de pechez/ ⁊ si ne me despere

667 1981 1405 115 pas: car la ou les pechez ont abõde/ la aussi a

647 2054 1419 133 suꝑabonde la grace.7 Celuy qͥ na pas espoir

649 2139 1411 129 dauoir pardon de Ises pechez: il nye q̃ dieu soit

662 2223 1397 119 misericordieux.? Celuy faict grand iniure a

662 2289 1403 139 dieu/ qͥ se deffie de sa misericorde. Dautant qͥl

665 2393 1397 130 est en luy/ il nye que dieu ait charite/ uerite/ et

671 2464 1388 145 puissance/ esquelles choses gist toute mõ espe

655 2563 1399 119 rance: ascauoir en la charite qͥl a enuers moy

659 2640 1395 129 de me faire son filz adoptif/ en la uerite de sa

659 2727 1395 115 ꝓmesse/ ⁊ en la puissance de sa redẽptiõ. Que

655 2814 1393 115 ma folle pensee maintenãt murmure autant

643 2891 1397 141 Alle uouldra/ disant. Mais qui es tu/ ⁊ q̃le est

421 635 250 136 esat.28.d

408 750 223 109 Ro.10.c

1022 176 656 142 De la foy ⁊ des

386 962 309 136 La mort

388 1078 307 103 de christ

386 1157 288 116 est nr̃e fe

377 1247 276 109 fuge/ sa¬

372 1330 275 101 lut/ uie/

376 1417 287 95 et resur¬

384 1510 222 93 rectiõ.

384 2032 228 103 Notes

382 2125 158 103 bien.

380 2197 258 118 Celuy qͥ

392 2280 246 107 se deffie

383 2363 264 110 faict in¬

374 2455 267 110 iure a di

376 2545 125 105 eu.

1868 3002 170 115 ceste
