2212 3563
344 127 1020 169 de Adam. Chap̃.ii.

124 282 1368 112 re: ⁊ pourtãt/ a cause qͥl parloit de peche: par

130 383 1368 95 Lequel estoit la mort passee en toꝰ les hõmes:

136 448 1359 122 il astribue la successiõ de lhumaine posterite

142 546 1350 95 qͥ a este subiecte a ceste mort/ a lhõme/ ⁊ non a

130 620 1362 101 la fẽme. Car la posterite nest pas nõmee: de la

122 708 1371 101 fẽme/ mais de lhõme: cõme aussi en ung autre

112 783 1377 110 lieu/ dit.* Certainemẽt lhõme nest pas de la

114 872 1377 103 fẽme/ mais la fẽme est de lhõme. Et derechief.

110 956 1387 99 Car cõme la fẽme est de lhõme: ainsi pareille

106 1043 1391 97 ment est lhõme/ non pas de la fẽme/ mais par

110 1124 1389 101 la fẽme. Et poͬ ceste cause la posterite mortel¬

110 1205 1387 105 le/ ⁊ la succession corporelle: est plus deputee

112 1292 1377 95 a lhõme/ cõe auteur: q̃ a la fẽme. Mais affin

110 1371 1381 105 q̃ ce q̃ nous disons soit faict plus euidẽt: nous

110 1454 1385 105 adiousterõs aussi ce q̃ le mesme apostre escript

118 1543 1377 101 aux Hebrieux. *Mais aussi Leui qͥ receut les

132 1625 1384 99 dismes/ fut aussi disme. Car encore estoit il es

127 1704 1392 95 reins du pere Abraam/ quant cestuy retourne

132 1785 1365 103 de loccisiõ des roys/ melchisedech vint au de¬

116 1868 1381 101 uant de luy. Dõcques si Leui qͥ fut naiz en la

112 1955 1381 103 quattriesme generation apres Abraã: est tes¬

107 2030 1382 101 moigne estre es reins de Abraam:* cõbiẽ plus

112 2117 1380 97 tous les hõmes qͥ sont naiz en ce mõde/ et ont

118 2197 1377 107 este naiz/ estoiẽt ilz es reins de Adam/ quant il

127 2280 1365 116 estoit encore en paradis? Et aussi tous les hõ¬

118 2378 1383 83 mes furent auec luy/ ou en luy expulsez hors

118 2446 1395 110 de paradis/ quant il en sut boute hors: ⁊ par

118 2526 1404 110 luy est la mort uenue ⁊ cõsequãmẽt passee en

128 2618 1380 103 ceulx qui estoiẽt en ses reins: laq̃lle mort luy

128 2705 1371 99 estoit uenue par la p̃uaricatiõ. Et poͬtant dit

127 2773 1368 121 urayemẽt lapostre.* Car ainsi q̃ en Adã tous

114 2872 1381 114 meurent: ainsi serõt tous uiuifiez en Christ.

1596 136 113 149 13

1528 279 270 115 le peche

1519 371 285 101 attribue

1510 460 279 107 a lhõme

1504 546 241 92 par la¬

1513 626 205 122 postre.

1513 780 258 122 1.cor.11.b

1528 1511 241 142 Heb.7.b

1540 1692 240 131 geñ.14.d

1516 2024 267 119 Par adã

1522 2119 255 107 nous a¬

1510 2188 267 113 uons toꝰ

1510 2280 279 113 este bou¬

1522 2366 238 104 te hors

1537 2458 246 95 de para¬

1540 2532 98 134 dis.

1516 2776 267 157 1.cor.15.d

1160 2961 335 109 Parquoy/
