2211 3563
1050 193 637 135 De la foy ⁊ des

707 320 1393 115 mations/ dit en ce lieu icy. Ou est dõcques ta

713 403 1382 119 gloriatiõ? ⁊c. * Et dit q̃ la seulle iustificatiõ de

701 489 1394 113 dieu suffit: tellemẽt que celuy qui croit seulle¬

698 573 1400 106 mẽt/ est iustifie/ uoire aussi quãt nulle oeuure

695 653 1400 121 ne sera faicte par luy. Car par la foy a este iu¬

698 739 1394 113 stifie le larron sans les oeuures de la loy: car

716 831 1373 107 sur ceste foy le seigͬ ne demãde pas q̃lle chose

716 911 1373 107 il auoit faict par auãt: ⁊ ne attẽdit pas apres

701 999 1393 93 qͥl eut creu q̃lle oeuure il feroit: mais le receut

701 1092 1389 85 cõme iustifie par seulle foy/ pour entrer auec

683 1161 1399 105 luy en paradis. Mais aussi ceste femme qui

673 1245 1409 106 est recitee en leuãgile selon sainct Luc: laq̃lle

691 1338 1399 93 ouyt aux piedz de Iesus. * Tes pechez te sont

709 1413 1379 99 pardonnez. Et derechief. * Ta foy ta sauuee/

709 1494 1379 103 Ua en paix. Mais aussi en plusieurs passai

709 1577 1375 103 ges de leuãgile lisons nous q̃ Iesuchrist a use

707 1660 1385 101 de telles parolles la ou il dit la cause du salut

703 1741 1389 99 estre la foy de celuy qͥ croit. Lhõme est doncq̃s

703 1832 1387 92 iustifie par foy: auq̃l ne seruẽt riẽs poͬ la iusti

707 1908 1375 99 stice les oeuures de la loy. * Mais ou la foy

686 1986 1397 107 nest pas/ laquelle iustifie le croyãt: quãt aussi

669 2078 1415 93 quelcun auroit les oeuures de la loy/ toutes¬

673 2161 1399 101 foys pource quelles ne sont pas edifiees sur le

679 2240 1391 101 fondemẽt de la foy/ cõbien quẽ apparẽce elles

683 2321 1403 107 soiẽt bõnes/ neãtmoins ne peuuẽt iustifier lou

685 2407 1401 106 urier sil est sãs la foy/ laq̃lle est le signacle de

685 2492 1391 101 ceulx qͥ sont iustifiez de dieu. Et qͥ sera celuy qͥ

689 2571 1397 105 se glorifiera de sa iustice/ quãt il oyt dieu et le

692 2651 1388 113 ꝓphete/ disant. * Que toute uostre iustice est

687 2739 1383 103 cõme le drap de la femme qͥ est en flux de sãg?

687 2824 1375 105 Parquoy doncques la seulle iuste gloriation

675 2905 1040 113 est en la foy de la croix de Christ.

424 377 271 130 Lhõe est

421 498 268 101 iustifie ꝑ

424 584 259 92 la seulle

424 656 250 113 foy sans

407 742 264 107 les oeu¬

401 831 169 104 ures.

389 1291 255 107 Luc.7.g

398 1386 273 110 Luc.8.g

394 1892 287 97 Les oeu

386 1962 276 122 ures sãs

390 2054 206 103 la foy

396 2141 232 103 sõt uai¬

396 2230 134 93 nes.

383 2627 273 181 esa.64.c

1685 2985 383 126 ¶ Ambroise
