2212 3563
413 151 892 157 oeuures. Chap̃.x.

334 294 973 123 ¶ Ambroise sur lepistre aux Ro¬

431 397 753 95 mains/ au .iii. Chapitre.

142 469 1341 112 ¶ Iustifiez pour neant/ par la grace diceluy.

193 555 1302 107 * Ilz sont iustifiez pour neãt: pource que sans

133 632 1350 104 riẽs faire/ ⁊ sans rẽdre la pareille/ par la seulle

140 728 1137 101 foy sont iustifiez par le don de dieu ⁊c.

126 807 1369 129 Rom̃.4.A. ¶ La foy est reputee a

124 924 1343 127 iustice/ a celuy qui croit en cestuy qͥ

128 1025 672 138 iustifie linfidele.

350 1150 984 99 ¶ Du mesme/ au .iiii. Chapitre.

126 1233 1375 97 ¶ Ce dist il/ pource que sans les oeuures de la

122 1320 1375 101 loy/ la foy est reputee a iustice a celuy qͥ croit/

124 1401 1381 103 cest adire au gẽtil qͥ croit en Christ/ cõme il fut

122 1488 1381 95 repute a Abraã. Cõment dõcques estiment les

128 1565 1394 103 iuifz estre iustifiez par les oeuures de la loy de

136 1648 1406 103 la iustificatiõ de Abraã: quãt ilz uoiẽt Abraã

142 1732 1390 98 estre iustifie/ non point par les oeuures de la

138 1823 1372 93 loy/ mais par seulle foy? La loy doncques na

130 1898 1382 103 pas de lieu/ quant linfidele est iustifie ꝑ seulle

130 1979 1382 103 foy enuers dieu/ selon le propos de la grace de

128 2064 1380 103 dieu. Ainsi dit il estre ordõne de dieu: affin que

128 2145 1375 97 la loy cesse/ ⁊ q̃ on demãdast seullemẽt la foy

140 2230 1372 103 de la grace de dieu/ pour le salut. Cõme aussi

134 2313 1384 101 dit Dauid ( Ce mesme cõferme il par lexẽple

128 2397 1379 99 du ꝓphete) La beatitude de lhõme est a celuy/

132 2478 1422 101 auquel dieu aggreablement receoit la iustice

148 2557 1398 103 sans les oeuures. Il dit ceulx biẽheureux des

138 2644 1406 99 quelz dieu a ce cõferme/ q̃ sans labeur/ ⁊ sans

134 2725 1400 105 aucune obseruation par seulle foy ilz soient

134 2812 1394 95 iustifiez enuers dieu. Il annonce doncques la

134 2893 1394 121 beatitude du tẽps/ auquel Christ a este naiz.

1564 182 141 118 139

1510 561 256 113 La seul¬

1501 659 270 101 le foy iu

1493 734 192 142 stifie.

1566 2412 200 141 Ps̈.31.

1261 2981 271 112 Comme
