2211 3563
419 353 264 151 mat.13.c

703 300 1389 121 Cõme aussi faict le seigñr/ disãt. Plusieurs

713 397 1376 107 iustes et plusieurs ꝓphetes ont desire de ueoir

687 484 1403 105 ce q̃ uous uoyez ⁊ ne lont pas ueu: ⁊ de ouyr ce

679 572 1024 93 q̃ uous ouyez/ ⁊ ne lont pas ouy.

669 645 1415 158 Psal.31. ¶ Biẽheureux sont ceulx

686 769 1397 142 desq̃lz les iniquitez sõt pardõnees:

704 887 1379 140 ⁊ desquelz les pechez sont couuers.

715 1003 1373 137 Biẽheureux est celuy auquel dieu

677 1122 981 134 na pas impute le peche.

863 1225 1054 123 ¶ Ambroise au mesme lieu sur le

1071 1322 609 91 iiii. des Romains.

667 1393 1419 121 ¶ Ceulx sont manifestemẽt biẽheureux aus¬

681 1484 1403 107 quelz sans labeue ou Ians quelque oeuure les

695 1567 1381 107 iniqͥtez sont pardõnees/ ⁊ sont les pechez cou¬

701 1652 1379 103 uers sans requerre deulx aucunes oeuures de

705 1732 1161 110 penitẽce/ sinõ seullemẽt quilz croyent.

915 1811 977 109 ¶ Hylaire sur sainct Matthieu

1176 1902 468 95 au .ix. Canon.

674 1962 1406 131 ¶ Le esmouof Les scribes/ q̃ le peche estoit

655 2062 1423 109 ꝑdõne de lhõme: car ilz ne regardoiẽt en Iesu¬

653 2145 1411 101 christ sinõ seullemẽt lhõme: ⁊ q̃ ce estoit de luy

669 2230 1403 103 pardõne/ q̃ lo uoy ne ꝯousit relorxet. Mois la

683 2310 1397 112 seulle foy iustifie. Puis ap̃s le seigͬ regarda ꝑ

701 2390 1382 107 dedẽs leur murmure/ ⁊ dist: qͥl estoit facile au

704 2485 1379 104 filz de lhõme de ꝑdõner les pechez en la terre.

713 2568 1367 92 4 Mais toutesfois nul ne peult pardõner les

704 2633 1376 122 pechez/ sinõ dieu seul: ꝑquoy celuy qͥ les ꝑdõ¬

713 2728 1203 113 ne est dieu: car nul ne pardõne sinõ dieu.

887 2808 1018 119 ¶ Hylaire sur sainct Matthieu/

1139 2903 487 117 au .xx. Canon.

374 771 291 149 De peni

371 908 315 101 ten.diftĩ.

376 983 299 99 3.c.illud

388 1064 200 115 uero.

1008 168 652 136 De la foy ⁊ des

380 1959 258 128 mat.9.a

401 2375 214 119 Ro.3.d

401 2467 279 119 Nul ne

392 2568 288 98 peult ꝑ¬

386 2639 255 95 donner

383 2731 279 89 les pe¬

388 2814 295 101 chez q̃ le

402 2897 271 115 seul dieu

1598 2975 482 116 ¶ Les apostres
