2212 3563
386 127 1017 161 oeuures. Chap̃.x.

112 270 1416 133 ¶ Les apostres oyant spirituellemẽt que nul

107 365 1385 118 ne pouuoit estre sauue par la loy: quãt iceulx

114 451 1379 125 aussi adonc estoiẽt en la loy. Car la uehemẽte

126 530 1377 125 amour ⁊ faueur de la loy les tenoit. Iceulx

128 611 1394 125 doncq̃s non ayãt encore du tout trouue la ue¬

124 696 1404 123 rite du mistere euãgelicque: craignoient q̃ nul

116 779 1404 117 ne peult estre sauue sans la loy: car aussi met¬

114 857 1406 128 toiẽt ilz tout leur salut en la loy. Mais le sei¬

120 952 1388 118 gneur osta leur ignorãce ⁊ leur craĩte par une

121 1018 1389 125 briefue ⁊ absolue raisõ/ disant. * Ce urayemẽt

118 1114 1400 119 est impossible quãt aux hõmes/ mais enuers

118 1191 1396 121 dieu il est possible. Car q̃lle chose semble estre

118 1278 1402 123 plus impossible au Iuif/ que de demãder le sa

118 1357 1406 127 lut de lhõme plus tost que de la loy? q̃ delais¬

124 1444 1398 123 ser derriere la loy/ ⁊ le testamẽt/ ⁊ ladoption/ ⁊

124 1526 1400 120 lheritaige/ pour le scãdale de la croix? Mais

130 1607 1422 121 q̃lle chose est il plus possible a la puissãce de

140 1698 1412 109 dieu: q̃ de sauuer par la foy? q̃ de regenerer par

138 1773 1406 123 leaue? q̃ de uaincre par la croix? q̃ de acquerir

130 1856 1402 129 par les euãgiles? que de uiuifier par la mort ⁊

128 1939 1398 125 par la resurrection? Quãt les apostres eurent

128 2024 1396 121 ouy ces choses/ incontinent creurent ⁊ dirent

128 2114 1218 118 quilz auoient delaisse toutes choses ⁊c.

277 2193 1164 122 ¶ Athanaise sur lepistre ad Galatas.

145 2259 1374 143 ¶ Mais pource que en la loy nul nest iustifie

130 2345 1398 125 enuers dieu: il est manifeste que le iuste uit de

140 2434 1410 127 foy. Et la loy nest pas de la foy: mais celuy qͥ

142 2519 1428 115 fera les oeuures uiura en icelles. Il monstre

142 2599 1424 120 doncques/ que par la loy les hõmes sont ren¬

142 2682 1406 128 dus execrables ⁊ subiectz a maledictiõ. Mais

138 2767 1396 119 par foy mõstre q̃ les hõmes sont remplis de be

142 2846 1390 144 nedictions. Maintenãt demõstre il plainemẽt

1590 133 137 134 137

1554 258 289 130 Nul nest

1525 356 303 107 sauue ꝑ

1513 433 258 113 la loy.

1531 991 264 128 Luc.18.e

1543 2256 279 116 Gał.3.b

1554 2342 253 116 Ro.10.b

1071 2935 449 115 S que celle
