2211 3563
439 341 289 131 Abac.2.a

439 442 241 107 La loy

433 528 268 107 ne reqͥert

436 611 247 107 pas seuil

424 697 259 104 lemẽt la

421 769 119 118 soy.

398 861 294 103 Luc.18.b

412 958 152 87 ⁊.c.

404 1006 303 113 Gał.3.b

404 1092 243 140 Ro.3.d

737 287 1374 116 que celle foy aussi a en soy la puissance de iu¬

745 374 1364 121 stifier: ⁊ prẽt Abacuch/ disãt.? Que le iuste ui

725 451 1379 125 ura de foy/ et non pas de la loy.? Car la loy

716 546 1393 113 aussi ne requiert pas seullement la foy/ mais

704 632 1402 113 aussi les oeuures. Et a bien dit/ enuers dieu.

710 706 1396 110 Car enuers les hõmes par aduẽture ceulx se¬

707 795 1394 113 roiẽt estimez iustes qͥ seroiẽt adherãt a la loy.

728 869 1384 125 Cõme furẽt les pharisiẽs qui se estimoient les

719 954 1390 116 plus iustes en la p̃sence des hões. Et poͬtãt q̃

737 1036 1375 116 la loy ne iustifioit ꝑsõne a cause de la difficul

710 1122 1391 122 te dicelle: ⁊ q̃lle noꝰ rendoit subiectz a maledi-

685 1207 1415 113 ction: la grace est uenue qui nous a mõstre le

671 1290 1433 113 chemin tendãt facilemẽt a iustice/ par laquel¬

673 1373 1436 111 le nous qui sommes iustifiez obtenõs benedi¬

685 1458 1424 113 ction. Il est doncques manifeste que la foy na

705 1536 1399 110 pas seudement eu la puissance de beneir/ ⁊ de

715 1617 1385 115 iustifier deuant que la loy fust baillee: mais

719 1700 1385 121 aussi apres quelle a este ordonnee icelle foy a

717 1783 1305 121 de plus en plus garde sa mesme puissance.

709 1886 1398 144 Actuu 4. C. ¶ Aussi ueritable¬

675 2015 1427 134 mẽt nya il nul aucre nom dessoubz

669 2123 1429 139 le ciel donne aux hõmes: auquel il

683 2236 1187 137 faille que uous soyez sauuez.

891 2363 1044 119 ¶ Augustin de la lettre ⁊ de lesprit

1107 2448 557 107 au .xii. Chapitre.

731 2523 1370 116 ¶ Certes nous nauons pas receu lesprit de ce

713 2616 1389 109 monde (dit le mesme predicateur tresconstant

709 2696 1389 116 de la grace) mais nous auõs receu lesprit qui

709 2779 1379 116 est de dieu: affin q̃ nous cõgnoissons q̃lles cho

707 2862 1387 123 ses nous sont donnees de dieu. Mais qui est

1050 150 649 142 De la foy ⁊ des

404 1866 285 105 phili.2.b

394 1957 265 109 Io.14.a

410 2517 288 125 1.corĩ.2.c

1765 2967 331 107 lesprit de
