2212 3563
120 263 1385 138 lesprit de ce monde icy/ sinon lesprit dorguerl

190 350 1299 133 Par leq̃l leur cueur insipiẽt a este obscurcy:

128 441 1363 125 ascauoir de ceulx qͥ nõt pas glorifie dieu con¬

138 518 1365 129 gneu/ cõe dieu/ en rendãt graces: ⁊ ceulx aussi

136 590 1365 140 ne sõt pas deceuz par autre esprit/ lesq̃lz igno

130 686 1369 115 rãt la iustice de dieu/ ⁊ uoulant cõstituer leur

122 771 1377 123 propre iustice/ ne sont pas subiectz a la iustice

118 849 1375 126 de dieu. Dequoy me semble q̃ celuy est mieulx

118 934 1379 125 le filz de dieu/ qͥ cõgnoit celuy de qͥ il a esperã¬

124 1019 1383 117 ce dauoir ce quil na pas encore: q̃ celuy qͥ attri

120 1100 1379 123 bue a soy ce quil a cõbien q̃ celuy qͥ a la chose

120 1183 1373 129 ⁊ qui cõgnoit dont il a/ soit a p̃ferer aux deux

120 1272 1385 113 autres: uoire moyennãt quil ne estime estre ce

120 1353 1387 121 quil nest pas encore: ⁊ quil ne tõbe au uice de

122 1435 1381 122 ce pharisien: lequel combien quil rendist gra¬

115 1511 1380 133 ces a dieu des choses quil auoit? toutesfoys

121 1591 1410 128 ne demandoit riens cõme sil neust eu indigen¬

130 1686 1404 110 ce de riẽs Uduc cigenẽtee ⁊ xor)cure la iustice.

136 1769 1374 121 Parquoy dõcques considerant ces Moses ecy

132 1848 1375 123 ⁊ les traictam selon les puissances que le sei¬

121 1932 1383 131 gneur nous a dõne/ nous trouuons q̃ lhõme

118 2010 1386 127 nest pas iustifie par les cõmandemẽs de bonne

124 2087 1380 145 uie: sinon par la foy de Iesuchrist. Cest adire/

130 2176 1374 128 non point par la loy des oeuures/ mais par

130 2262 1374 122 la loy de la foy: nõ point par la lettre/ mais ꝑ

124 2351 1380 119 lesprit: non point par les merites des sainctz/

136 2442 1115 113 mais par grace donnee pdur neoct.

336 2515 1002 123 ¶ Augustin au mesme liure/ au

560 2602 511 107 xiii. Chapitre.

133 2669 1398 133 ¶ Cõbien aussi quil semble q̃ lapostre uiẽne a

127 2752 1389 128 redarguer ⁊ corriger ceulx ausq̃lz la circonci¬

138 2844 1380 129 sion estoit estimee/ tellement quil appelleceste

407 112 996 167 oeumes. Chap̃.x.

1519 338 258 113 Ro.1.c.

1608 130 114 127 13

1525 581 229 116 Ro.10.a

1528 1490 214 119 Notez

1546 1594 160 92 bien.

1548 1653 262 122 Luc.18.c

1525 1906 270 121 Nulnest

1528 1998 217 110 iustifie

1528 2093 232 95 par les

1528 2161 267 107 cõmãde¬

1528 2265 273 86 mens de

1528 2324 282 122 bõne uie.

856 2921 663 134 S .ii. circõcision

1540 2645 258 122 1.corĩ.7.d

1534 2749 264 128 Heb.10.a
