2211 3563
984 150 628 133 De la foy ⁊ des

701 285 1395 112 circõcision la loy/ ⁊ aussi toutes telles manie¬

722 371 1370 115 res de obseruatiõs/ * lesquelles maintenãt les

719 457 1373 113 Chrestiẽs deboutẽt cõme umbres/ en tenãt ce qͥ

704 537 1388 116 estoit promis par ces umbres: toutesfoys ne

695 614 1400 125 ueult pas entẽdre la loy (par laq̃lle il dit que

680 697 1412 107 nul nest iustifie) seullemẽt les sacremẽs qͥ ont

689 789 1394 110 eu les figures de ꝓmesses/ mais aussi la loy qͥ

701 870 1391 107 cõsiste es oeuures lesquelles si q̃lcun les faict/

716 950 1373 107 il uit iustement: la aussi ou il est dit. * Tu ne

705 1037 1387 109 cõuoiteras point. Et affin q̃ ce q̃ nous disons

691 1122 1389 105 soit plus manifeste/ regardõs ceste loy des dix

668 1193 1415 113 cõmandemens. * Il est certain q̃ Moyse a re¬

661 1290 1423 105 ceu la loy en la mõtaigne poͬ ladministrer au

681 1371 1411 103 peuple/ escripte en tables de pierre du doigt

695 1446 1401 117 de dieu. Ceste loy est restraĩcte aces dix cõmã

701 1530 1383 112 demẽs/ la ou nest riens cõmande de la circõci¬

701 1617 1385 105 sion/ ne de loblatiõ des bestes/ lesquelles aussi

695 1700 1395 109 maintenant ne sont pas sacrifiees des Chre¬

710 1784 1382 95 stiẽs. Dõcques en ces dix cõmandemẽs/ * ex¬

701 1867 1394 98 cepte lobseruatiõ du sabbat: q̃lle chose ne doibt

677 1949 1415 109 pas estre gardee des Chrestiẽs: soit de non fai¬

681 2034 1405 103 re des ydoles/ ne de les adorer/ ou de nõ auoir

689 2116 1405 110 autre dieu sinon ung seul dieu: soit de non prẽ

687 2199 1391 107 dre le nom du seigñr en uain: soit de porter hõ

673 2286 1409 101 neur aux parens: soit de euiter fornications/

681 2363 1413 111 homicides/ larcĩs/ faulx tesmoignages/ adul

701 2449 1376 104 teres/ ⁊ de non conuoiter les choses dautruy?

713 2517 1373 122 Qui sera celuy qͥ dira q̃ le Chrestien ne doibt

710 2612 1379 116 pas faire ces choses? * Maintenãt doncques

713 2684 1373 112 sainct Paul nappelle il pas ceste loy escripte

707 2782 1373 98 en ces deux tables/ lettre occisant? Parle il

704 2859 1367 125 seullement quãt il dit/ La lettre tue/ de la loy

424 329 277 137 Nous te

416 454 288 83 nons les

421 522 268 101 promes¬

421 608 253 104 ses/ ⁊ nõ

421 700 235 98 poĩt les

410 771 243 110 figures.

386 959 315 115 exo.20.a

392 1202 246 113 exo.31.a

430 1772 205 98 Notez

410 1849 246 104 du sab¬

408 1929 140 135 bat.

410 2405 267 121 Toꝰ les

404 2520 276 86 cõmãde¬

398 2600 288 90 mens de

392 2681 270 95 Moyse

395 2758 294 104 sõt lettre

401 2841 276 137 occisãte.

1622 2953 454 117 de circõcision/
