2212 3563
410 169 898 160 oeuures. Cha.x.

106 324 1381 103 de circoncision/ ⁊ des autres sacremens anciẽs

108 415 1383 99 ⁊ desia abolis? Cõmẽt lestimeriõs nous ainsi

110 498 1382 104 quant en ceste loy est mis. Tu ne conuoiteras

118 581 1383 105 point: par lequel cõmandement (combien quil

126 659 1363 112 soit sainct ⁊ iuste ⁊ bon) il dit q̃ le peche la de¬

110 739 1370 107 ceu/ ⁊ par ce la occis? Et q̃lle chose est ce. * La

102 827 1385 99 lettre tue/ mais lesprit uiuifie/ sinõ que la loy

97 910 1394 99 ne peult iustifier? Cõbien que plus euidẽment

104 995 1387 97 au mesme lieu la ou il dit aux Corinthiens.

106 1070 1387 111 La lettre tue/ mais lesprit uiuifie/ ne ueult en

100 1157 1391 97 tendre autre lettre que ceste loy des dix cõmã¬

100 1243 1393 105 demens escripte en ces deux tables. Car il dit

99 1324 1396 113 ainsi. Uoꝰ estes lepistre de Christ/ administree

100 1411 1395 103 de par nous: escripte non pas dẽcre/ mais par

102 1488 1393 101 lesprit de dieu uiuant/ non pas en tables de

100 1577 1407 93 pierre/ mais en tables de la chair du cueur.

118 1647 1395 107 * Aussi ces neuf cõmandemens/ filz sont droi¬

107 1728 1403 121 ctemẽt gardez comme ilz sont escriptz il fault

104 1820 1382 106 estimer quilz nappartiẽnent pas a la loy des

104 1903 1388 101 oeuures par laquelle nul nest iustifie/ mais a

98 1986 1388 107 la loy de la foy par laquelle le iuste uit. Qui

101 2072 1388 113 sentira tãt absurdemẽt/ q̃ ladministration de

102 2157 1391 111 la mort figuree es tables de pierre ne soit pas

106 2236 1395 107 dicte de tous les dix cõmandemẽs: mais seulle

102 2315 1393 115 ment dung/ dequel appartiẽt au sabbat? Ou

104 2396 1394 115 mettrõs nous dõcques ces passaiges. * La loy

112 2484 1402 113 engẽdre ire: ⁊ la ou il ny a pas de loy/ aussi ny

110 2567 1412 109 a pas de preuaricatiõ: ⁊ le peche a este au mon

104 2645 1412 122 de iusques a la loy/ * ⁊ le peche nestoit pas im

108 2735 1395 105 pute quãt il ny auoit pas de loy: ⁊ ce que tant

107 2817 1379 101 de foys nous auõs dit. * Par la loy est la con¬

110 2897 1382 131 gnoissance du peche: et principallement ce/ la

1551 192 149 152 139

1519 483 264 122 Deu.5.a

1501 745 270 127 2.cor.3.a

1546 1624 243 136 Les dix

1516 1725 267 98 cõmãde¬

1507 1811 270 118 mẽs sont

1513 1900 261 113 les oeu¬

1504 1977 253 113 ures de

1504 2060 229 116 la loy.

1528 2381 229 127 Ro.4.c

1534 2636 184 125 Ro.5.c

1513 2811 264 113 Rom̃.3.c

1513 2897 264 143 exo.20.a

993 2975 517 145 S .iii. ou il
