2211 3563
988 201 646 133 De la foy ⁊ des

695 336 1385 107 ou il a plus euidẽment exprime ce dequoy il

704 427 1382 110 est question. * Ie ne cõgnoissoye pas la cõcupi

687 502 1389 117 scence/ si la loy ne eu dit. Tu ne conuoiteras

669 591 1415 109 point. Et regarde bien tous ces passaiges/ et

661 673 1421 108 uoye ascauoir sil dit ces choses pour la circon

657 756 1421 105 cision ou le sabbat/ ou pour q̃lque autre um¬

669 843 1407 101 bre dõnee par figure/ ⁊ non pas pource que la

677 920 1401 105 lettre deffendant le peche ne iustifie pas lhõ¬

677 1003 1401 107 me/ mais plus tost le tue/ en augmẽtant la cõ

665 1090 1409 103 cupiscence ⁊ liniquite/ en accumulant preuari

647 1169 1411 105 cation: si ce nest q̃ la grace le deliure par la loy

635 1249 1429 110 de la foy qui est par Iesuchrist/ * quant la cha

635 1338 1431 106 rite est respandue en noz cueurs par le sainct

657 1423 876 97 esprit qui nous est donne ⁊c.

865 1502 1025 105 ¶ Augustin de la lettre ⁊ de lesprit

1067 1585 630 107 au .xxxi. Chapitre.

687 1666 1387 101 ¶ Entendz maintenãt a ce q̃ nous auons uo¬

677 1749 1407 105 lunte de declarer: ascauoir si la foy est en la

680 1831 1403 107 puissance. * Car maintenãt parlõs nous de la

665 1912 1409 112 foy q̃ nous adioustons/ quãt nous croyõs q̃lq̃

668 2004 1406 101 chose/ non pas de celle que nous donnõs quãt

671 2093 1403 92 nous promettõs quelque chose: car aussi celle

663 2165 1407 105 est appellee foy. Mais nous disons autrement

657 2252 1407 97 ⁊ y a difference de dire: il na pas eu de foy a

653 2335 1421 101 moy: ⁊ il ne ma pas garde la foy. Car la pre¬

657 2416 1417 101 miere signifie/ quil ne croit pas ce que iay dit:

671 2498 1405 102 ⁊ la secõde/ quil na pas faict ce quil auoit dit.

671 2583 1399 101 Selon la foy que nous croyons/ nous sõmes

673 2666 1397 103 fideles a dieu: mais selon celle par laquelle est

679 2743 1381 107 faict ce qui est ꝓmis/ aussi dieu nous est fidele.

692 2823 1367 107 Et ce dit lapostre. * Dieu est fidele/ lequel ne

663 2917 1395 113 permet pas que uous soyez tẽtez plus q̃ uous

410 421 249 116 Ro.7.b

358 1264 248 107 Ro.5.a

413 1817 214 130 Il y a

368 1915 276 98 deux ma

365 2007 276 101 nieres de

377 2090 143 107 foy.

380 2820 291 131 1.cor.10.c

1699 3012 363 99 ne pouuez.
