2211 3563
721 316 1386 121 Parquoy/ le peche nest pas dit estre entre en

715 409 1394 111 ce mõde/ ou la mort par le serpent/ qͥ auoit pe¬

715 490 1392 113 che deuãt la fẽme/ ne par la fẽme/ qͥ fut en pre¬

725 572 1382 112 uarication deuãt lhõme: mais par Adam du

729 653 1315 118 quel toꝰ les mortelz prennẽt leur generatiõ.

723 752 1382 152 Iob.15. B. ¶ Qui est lhõme qͥ soit

695 882 1403 127 sans macule: ⁊ qui soit mõstre estre

687 989 1409 139 naiz iuste de la fẽme? Uoicy/ entre

695 1102 1403 143 ses saĩctz nul nestimmuable: aussi

681 1223 1417 134 les cieulx ne sont point netz en sa

701 1330 1387 138 presence: combiẽ plus sera lhomme

689 1441 1407 150 abhomtnable ⁊ inutile/ qui boit ini¬

681 1569 777 113 quite comme eaue?

899 1704 1181 138 ¶ Selon les. lxx. interp̃teurs.

691 1817 1399 136 ¶ Nul nest purge de souillure: uoi¬

673 1929 1403 155 re aussi lenfant qui na uescu q̃ ung

673 2048 668 123 iour sur la terre.

701 2161 1388 166 Iob.25.B. ¶ Les estoilles ne sõt

695 2292 1376 142 pas nettes en sa presence: combien

677 2407 1395 152 plus lhõme/ ⁊ la pourriture/ ⁊ le filz

677 2525 1110 135 de lhomme qui nest que uer?

675 2638 1387 135 Psal.13.A. ¶ Tous ont decline:

677 2755 1381 138 ilz ont este ensẽble faictz inutiles:

675 2872 1383 146 il ny a nul qui faice bien: il ny en a

877 174 795 142 De la transgression

389 2131 288 173 De pent

394 2284 277 111 tẽ.dist.ii.

395 2375 249 116 c.si em̃.

1660 2998 398 117 pas iusques
