2212 3563
386 166 990 157 oeuures. Chap̃.x.

1505 199 178 107 140

1513 558 229 118 geñ.15.b

1513 659 220 104 Ro.4.a

1504 1045 273 133 Que cest

1504 1149 199 101 croire.

1519 1362 223 149 Ro.13.a

104 314 1385 123 ne pouuez. Parquoy nous demãdons de ceste

112 411 1369 111 foy par laq̃lle nous croyõs a dieu ou en dieu:

114 488 1367 99 ascouoir selle est en la puissãce de lhõme. Car

121 561 1371 113 de ceest il escript.?Abraam a creu a dieu/ ⁊ ce¬

118 650 1374 107 luy fut depute a iustice. Et la foy est deputee a

114 734 1365 115 iustice a celuy qui croit en dieu qͥ iustifie linfi¬

106 813 1369 111 dele Regarde maintenãt ascauoir se quelcun

104 902 1383 107 croit quãt il ueult ou sil ne croit pas quãt il

108 981 1381 117 ne ueult pas croire. Que sil semble estre cõtre

107 1059 1370 122 la uerite/ ?quest ce de croire/ sinon que de cou¬

107 1149 1370 121 sentir estre uerite ce qui est dit? Mais si cõsen¬

106 1231 1381 105 temẽt est totallement du uueillant/ ueritable¬

110 1318 1381 115 mẽt la foy est en la puissance. Mais cõme dit

110 1398 1382 122 lapostre.? Il ny a pas de puissance sinon de

116 1494 1379 101 dieu. Quelle cause doncques ya il/ par laq̃lle

116 1567 1383 113 on ne noꝰ puisse aussi dire de icelle foy. Quel¬

115 1641 1413 131 le chose as tu que tu ne lore ues eu Cor oussi

132 1743 1024 101 dieu a donne que nous croyons.

146 1836 1357 147 Ta/ .A. ¶ Paul seruiteur de

122 1959 1388 137 dieu/ ⁊ apostre de Iesuchrist selon la

136 2066 1367 152 foy des esleuz de dieu/ ⁊ selon la con

138 2195 925 136 gnoissance de uerite ⁊c.

227 2308 1287 128 ¶ Iehon Chrysost. sur lepistre sainct Paul

310 2408 1088 103 ad Titum/ en la premiere Romelie.

150 2480 1384 119 ¶ Regarde ie te prie cõment ce cõmencemẽt icy

146 2567 1394 115 est rẽply des benefrces de dieu: ⁊ toute lepistre

140 2644 1398 125 est pareide Uar laq̃lle chose il excite ce sainct

139 2731 1380 116 homme/ pour deplus en plus soustenir les la

139 2814 1380 110 beurs poͬ la foy et la pitie: ⁊ nõ pas luy seul¬

142 2912 1377 128 lement/ mais anssi ceulx qui seroient de luy

1548 1636 262 124 1.cor.4.b

1537 2740 270 101 1.corĩ.4.c

1537 2820 190 104 ⁊.15.d.

1546 2903 261 113 eccl.12.a

857 2986 667 123 S .iiii. enseignez.
