2211 3563
986 178 650 144 De la foy ⁊ des

691 314 1397 113 enseignez. Car il ne nous est riens quasi plus

691 405 1397 103 utile que de cõtinuellemẽt auoir memoire des

679 484 1407 105 benefices de dieu: soit de ceulx qͥl donne cõmu

663 570 1423 103 nement a tous/ soit de ceulx quil dõne separe

655 651 1419 107 ment a ung chascun. Car si nous uenõs a noꝰ

647 738 1439 105 embraser en lamour de quelque amy/ quant

661 823 1421 101 nous receuons q̃lque benefice de luy/ ou quãt

677 906 1405 103 nous ouyõs quelque mot gracieux ⁊ plaisãt

679 991 1401 97 de luy: combien plus debuõs nous estre plus

675 1070 1405 101 prõptz a obeir a dieu/ quant nous uoyons de

655 1154 1413 98 quelz dangiers nous sommes deliurez de luy/

641 1237 1427 101 ausquelz nous auons este enuelouppez. Et se¬

635 1320 1437 99 lon la cõgnoissance de uerite. Mais il refere

647 1401 1435 105 en ce lieu icy la uerite a la figure: car aussi icel

665 1480 1415 105 le estoit cõgnoissance/ ⁊ estoit fidelite/ non pas

679 1559 1389 105 toutesfoys uerite: ⁊ si nestoit pas pourtãt men

693 1648 1377 103 songe/ mais figure ⁊ ymage en lesperãce de la

685 1728 1389 106 uie eternelle/ ⁊ la loy estoit en lesperance de la

683 1799 1385 119 uie presente. Car il dit. * Qui fera ces choses/

659 1894 1415 99 il uiura en icelles. Regarde cõbien il demon¬

653 1975 1415 113 stre par ce cõmencement la difference de la gra

659 2060 1407 101 ce ⁊ de la loy. Ceulx de la loy nestoient pas

674 2134 1391 116 esleuz/ mais nous. * Car mesme combien que

655 2226 1399 103 iceulx aucunesfoys ayent este appellez esleuz:

645 2310 1421 104 maintenãt ont ilz perdu ceste grace/ laquelle

649 2393 1419 99 dieu qͥ ne ment pas a ꝓmis aux autres deuãt

657 2478 1407 99 les tẽps du siecle: cest adire q̃ ce ne leur est pas

665 2559 1401 103 uenu seullement pour le remede de penitence:

659 2644 1403 103 mais ces choses icy estoiẽt prefixes de lõg tẽps

671 2727 1391 101 ⁊ du cõmencemẽt. Et a mis ce mesme en plu¬

680 2799 1367 113 sieurs lieux: ascauoir quãt il dit. * Separe en

659 2894 1382 137 leuangile de dieu. Et derechief. * Il a aussi

380 1769 258 163 Ro.10.a

371 2125 238 143 Ro.11.c

371 2728 232 184 Ro.1.a

383 2880 208 184 Ro.8.f.

1721 2985 325 114 predestine
