2212 3563
445 136 943 152 oeuures. Cha.x.

130 287 1388 132 predestine ceulx quil a presceu. Certainement

132 374 1369 122 par ces choses est mõstree nostre noblesse: que

136 459 1369 118 non pas de maintenãt/ mais de long temps et

144 550 1366 111 mesme des le cõmẽcemẽt noꝰ sommes aymez:

150 621 1358 121 laq̃lle (dit il) dieu qͥ ne mẽt pas leur a ꝓmis.

142 700 1361 139 Psal.118.C. ¶ Rendz a ton serui

128 821 1369 148 teur et me uiuifie: affin que ie gar¬

138 956 616 118 de tes parolles.

302 1045 1066 124 ¶ Hilaire sur la. cxuiii. Pseaulme.

138 1130 1374 126 ¶ Ceulx qui nont pas la conscience cõstante

134 1221 1373 113 dung cueur net/ ne peuuẽt prier par ceste uoix

136 1298 1374 121 du Prophete. Rendz a ton seruiteur. Car si on

140 1381 1368 121 faict digne retribution selon noz oeuures: noꝰ

144 1464 1372 113 deseruirons les peines de noz pechez ⁊ delictz.

148 1555 1371 104 * Mais cest aussi grande chose quãt lhõme a

139 1624 1404 115 telle confidence a dieu/ que de chanter. * Il ne

148 1713 1380 116 nous a pas faict selon noz pechez: ⁊ ne nous

151 1787 1368 122 a pas rendu selon noz iniustices. Car dautãt

142 1867 1386 137 que le ciel est loing de la terre autãt a il eslon

139 1953 1389 131 gne noz iniquitez arriere de nous: car cestuy a

140 2044 1386 127 cõgneu nostre formation. Cest grãde chose de

142 2125 1388 127 recõgnoistre en soy telle misericorde de dieu: et

164 2211 1370 126 scauoir la coustume de peche estre eslõgnee de

150 2304 1382 112 luy ⁊ quil est cõmence destre digne de la mise¬

146 2377 1396 117 ricorde de dieu. Mais ce ꝓphete icy/ au corps

158 2456 1394 127 duquel est la digne habitation de dieu/ qui est

164 2541 1372 123 plain du sainct esprit: ne pense point des cho¬

158 2624 1384 121 ses cõmunes ⁊ terriẽnes/ si nen parle pas. Cest

152 2705 1392 127 de sa liberte quil prie. Rendz a ton seruiteur.

154 2791 1382 122 Mais ꝑ aduẽture est ce ꝑ une trop grãde har¬

154 2874 1374 134 diesse/ de demãder le merite de sa retribution/

1572 157 152 119 141

1551 1526 250 118 Quelle

1560 1618 247 107 noꝰ sera

1554 1701 244 110 la confi

1540 1793 255 104 dence en

1551 1870 155 101 dieu.

1551 1950 259 184 Ps̈.102.c

1156 2965 376 115 sans aucune
