2211 3563
1038 174 669 140 De la foy ⁊ des

721 312 1379 115 sãs aucune moderatiõ de cõfesse: ⁊ sans auoir

715 399 1387 117 memoire destre situe au corps/ cest adire estre

709 479 1395 126 dune uile ⁊ humble cõditiõ. Certes le ꝓphete

699 566 1397 118 oste toute opinion de uanite ⁊ de uãterie quon

689 653 1403 113 pourroit auoir de luy. Car quãt il eut dit par

683 730 1409 127 la cõfidẽce de innocẽce/ rendz: aussi en soy mõ¬

699 815 1391 123 strant seruiteur ⁊ en cõfessant sa cõditiõ/ a ad¬

703 894 1387 117 iouste/ a tõ seruiteur. Parquoy cõstãment de¬

711 975 1375 129 mãde ces choses/ qͥ se cõfesse estre le seruiteur

719 1048 1358 145 de dieu/ ⁊ nõ pas de peche: * car tout hõme qui

687 1144 1375 128 peche il est serriteur de peche. Ie uiuray main

671 1235 1401 118 tenãt (dit il) ⁊ garderay tes parolles. Quãt il

667 1316 1413 123 dit Ie uiuray et si garderay/ ce nest pas chose

673 1393 1409 125 du tẽps p̃sent: mais la significatiõ de ceste pa¬

687 1478 1383 123 rolle se estend au temps a uenir. Et le ꝓphete

711 1551 1349 127 scait biẽ quãt ceste uie biẽheureuse ⁊ ceste uraye

711 1637 1353 128 uie des uiuãs sera. Mais maĩtenãt/ nous de¬

705 1726 1369 118 mourõs en la pouldre de la mort/ ⁊ sõmes de¬

703 1805 1371 120 dẽs le corps de mort: duquel lapostre prie estre

701 1888 1373 125 deliure/ disant. * Moy hõme miserable/ qͥ me

673 1969 1397 133 deliurera du corps de ceste mort? * Noꝰ auõs

671 2045 1388 140 aussi maintenãt une matiere ioincte a nous/

665 2137 1382 131 laq̃lle est subiecte a la loy de mort ⁊ de peche: ⁊

674 2226 1367 125 p la cõpaignie dicelle noꝰ prenõs la souillure

686 2304 1364 133 lũg a lautre au domicile de ceste chair caducq̃

695 2387 1361 124 ⁊ foible: ⁊ ne peult estre la nature de uraye uie

699 2466 1355 134 se le corps nest glorifie en la nature de lesprit.

693 2551 1357 131 Le ꝓphete dõcques prie q̃ ceste retributiõ luy

697 2632 1355 135 soit faicte: affin quil uiue le tẽps de ceste uie a

691 2721 1361 129 uenir: par ce aussi quil enseigne en ung autre

689 2791 1340 142 lieu/ ou il dit. * Ie plairay au seigñr en la re¬

668 2883 1358 148 gion/ des uiuans. * Et si par auenture aucun

407 1021 264 166 Ioã.8.e

407 1799 234 187 Ro.7.d

395 2042 261 113 Nr̃e na¬

395 2125 226 107 ture est

407 2212 223 95 subiecte

410 2304 240 112 a peche.

395 2782 246 115 ps̈.141.b

413 2880 222 121 La par¬

1775 3004 259 121 estime/
