2212 3563
118 279 1410 154 estime/ que ceste parfaicte grace de innocence/ ⁊

130 383 1377 136 que ceste nettete digne de la uie celeste/ luy soit

133 478 1356 112 r ẽdueau sacremẽt de baptesme: que cestuy ape

142 543 1347 148 men/ oire q̃ Iehan baptiste a dit.? Il est uray q̃

142 629 1353 145 ie uous baptise en eaue de penitence: mais ce¬

127 712 1374 143 ly qui uient apres moy est plus fort q̃ moy:

121 792 1386 134 cestuy uoꝰ baptisera au sainct esprit ⁊ au feu.

121 872 1398 137 Et qͥl aye memoire q̃ mesme le seigñr baptise

124 973 1395 113 de Iehan/ disoit luy encore estant en ceste uie

130 1057 1392 130 corporelle.? Iay encore a estre baptise dũg au¬

132 1132 1375 130 tre baptesme. Autant doncques que lon peult

128 1213 1380 131 estimer/ ceste emundatiõ de parfaicte purete est

130 1302 1371 125 gardee aussi a faire apres leaue du baptesme.

139 1383 1374 134 7 Car il y a beaucoup de scandales au monde

130 1457 1380 140 qui nous deffendẽt dauoir la parfaicte obser¬

136 1555 1392 113 uation des cõmandemẽs. Ie laisse derriere les

145 1630 1406 136 natures des coros/ lcuedes ousunessois/ ou

154 1704 1397 139 par infirmite/ ou par les nourrissemẽs de ui¬

148 1799 1383 130 ces nous cõtraignẽ/ destr e◊ar/a/ a. Mais

142 1876 1374 125 quãt ceste mort ser a uaincue/ ⁊ q̃ son aguillõ

139 1965 1383 134 sera rompu: quãt nous ouyrõs ⁊ uerrõs face

142 2039 1383 149 a face: adonc uiurõs nous urayemẽt ⁊ ensuy¬

142 2145 1016 111 urons les cõmandemens de dieu.

160 2213 1374 150 Psal.142. C. ¶ Ton bon esprit

170 2333 1372 135 me cõdurg en la bõne terre. Seigrir

162 2448 1402 139 tu me uiuifieras a codse de uõnom.

398 2549 1009 123 ¶ Hylaire sur le pseaulme. cxlii.

157 2621 1406 146 ¶ Aussi ceste ꝓfession de lhumaine uergõgne

154 2716 1397 131 est competente: que dautant que lhõme doit¬

154 2796 1386 122 estre mene en la bõne terre/ quil ne le attibue

163 2883 1383 148 p as a ses merites/ ⁊ ne le demande point/ par

407 151 930 160 oeures. Chap̃.x.

1557 288 265 115 faicte in

1528 383 288 89 nocence

1516 460 291 95 ne nous

1507 537 273 107 est pas

1513 614 282 104 dõneeau

1525 688 232 125 baptes¬

1522 852 107 29 ◊ Oe2

1522 852 107 29 ◊ Oe2

1543 849 208 115 mat.3.c

1543 947 223 98 mar.1.a

1534 1021 249 136 Luc.12.f

1564 174 164 109 142

1528 1353 267 128 Il ny a

1525 1457 282 101 en nous

1546 1520 276 118 nulle ꝑ¬

1572 1600 256 119 faicte ob

1563 1686 259 122 seruatiõ

1546 1766 270 104 des ꝯmã

1534 1855 273 131 demẽsde

1534 1944 184 116 dieu.

1537 2010 267 160 1.cor.13.d

1572 2600 250 104 de la sa¬

1557 2687 262 121 tisfactiõ

1557 2788 274 124 ⁊ du me¬

1566 2877 128 124 rite.

1106 2979 446 112 la satisfaction
