2211 3563
665 328 1383 115 la satiffaction de quelque seruice: mais attend

671 427 1393 103 toutce affin q̃ le nom de dieu soit en luy glori

663 502 1381 107 fie/ tellemẽt quil soit cõstitue en la bõne terre/

653 593 1399 101 a cause de lhõneur du nom de dieu. Et poͬtãt

637 676 1413 101 quil cõgnoit q̃ ceste terre ne luy peult estre dõ¬

628 760 1420 91 nee au corps de ceste mort: poͬce q̃ la souillure

635 837 1413 109 de la chair humaine/ par la coustume des ui¬

647 922 1395 101 ces meslee en soy ne peult totallemẽt estre abo

651 1005 1391 103 lie/ se ce nest q̃ la nature soit muee: porrrtãt re¬

649 1078 1367 115 quiert il estre uiuifie/ cõme sil ne uiuoit pas,

707 1163 1208 117 ¶ Iehan Chrysostome aut .iiii. Tome/

818 1254 1002 99 en la . lui, homelie/ sur le .xxiiii.

899 1332 850 95 CMaõ. de Iãnct Matthieu.

656 1398 1379 116 ¶ Uenez dit il) les bienheureux de mon pe/e

655 1498 1377 107 possedez le royaulme qͥ uous est prepare des la

639 1583 1405 101 cõstitution du mõde: pour ce q̃ uous auez dõne

637 1662 1395 105 ce q̃ tousiours ne pouuiez auoir/ receuez ce q̃

650 1739 1385 113 eternollemẽt uous possederez. Uous qui auez

668 1820 1364 109 seme ung seul en la terre/ uous en aurez pour

641 1909 1394 113 merite au cẽtiesme double sur le ciel. Car le

630 1998 1399 98 royaulme des cieulx napas este cree tel que la

635 2078 1397 101 iustice de lhõme peult meriter/ mais tel que la

635 2152 1391 107 puissunce de dieu la peu preparer. Car sil eut

632 2247 1391 107 uoulu creer le royaume des cieulx selõ les re¬

630 2321 1402 113 srictiõs de la iustice humaine: il le eut certai¬

638 2407 1391 110 nemẽt cree apres les oeuures des hões. Mais

647 2485 1382 107 poͬce q̃ maintenãt il na pas ordõne le salaire

641 2575 1385 107 des sainctz selõ le salaire des hões/ mais selon

643 2662 1385 105 sa largesse: pourtãt a il p̃pare le royaume des

635 2747 1389 103 cieulx au ciel/ deuãt qͥl creast les saĩctz au sie¬

630 2826 1388 107 cle. Et poͬtãt ceulx qͥl cõgnoit estre siẽs deuãt

624 2907 1388 123 la ꝯstitutiõ du mõde/ il les charge de telz far¬

937 199 651 131 De la foy ⁊ des

344 1377 283 190 mat.28.c

353 1719 277 115 mat.19.d

356 1817 291 107 Luce.8.d

359 1915 259 104 Le roy¬

362 1986 202 98 aulme

353 2078 220 89 des ci¬

335 2155 280 107 eulx noꝰ

332 2238 274 95 est p̃pare

335 2324 274 92 de dieu/

338 2402 286 112 ⁊ nõ pas

338 2494 283 118 deseruy.

1767 3004 251 115 deaux/
