2212 3563
132 273 1410 103 deaux/ ⁊ les faict si lõguemẽt labourer/ quilz

140 352 1260 117 sont faict dignes du royaulme celeste ⁊c.

154 457 1360 130 1.Para.5. C. ¶ Pource quilz ont

152 570 1364 132 appelle dieu quant ilz batailloient:

138 684 1380 139 aussi dieu les a exaulce/ poͬce quilz

134 811 618 123 ont creu en luy.

138 918 1378 125 2.Para.16. C. ¶ Certainement

140 1037 1374 124 les yeulx du seigneur contemplent

132 1150 1371 126 toute la terre: ⁊ donne force a ceulx

134 1266 1277 129 qͥ de cueur parfaict croyẽt en luy.

130 1365 1386 152 Hiere.5.A. ¶ Seigneur tes yeulx

138 1498 671 129 regardent la foy.

145 1597 1403 131 Romg.14. D. ¶ Tour ce qui nest

162 1718 869 138 pas de foy/ cest peche.

243 1848 1200 119 ¶Agr/em cõ/ e deux epistres des Pe¬

344 1939 1008 95 lagiẽs/ au .iii. liure/ au .u. Chap̃.

150 2015 1355 118 ¶ Nostre foy: cest adire la foy catholicq̃ discet

142 2108 1355 105 ne les iustes des iniustes/ nõ point par la loy

146 2191 1362 103 des oeuures/ mais par la loy de la foy. Car

162 2272 1346 105 le iuste uit de foy. Par laquelle discretion est

170 2353 1356 107 faict: q̃ lhome uiuãt sans faire homicide/ sans

148 2434 1410 109 larrecin/ sans faulx teymoignage/ Ians appe¬

146 2515 1418 107 ter la chose daultruy/ rendant lhonneur deu

148 2599 1408 108 aux parẽtz/ chaste iusques a la continence de

148 2686 1396 105 toute cõpaignie de femme/ uoire aussi en ma¬

146 2773 1390 101 riage/ tres large en aulmosnes/ tres patient

150 2850 1380 125 aussi ꝯtre les iniures/ qui ne ueult pas seulle¬

413 124 1014 155 oeuures. Chap̃.4.

1587 142 170 143 143

1525 1362 282 125 1.qõ.1.c.

1518 1468 291 87 non sa¬

1542 1549 291 86 nat de re

1575 1630 250 112 stitu.spo

1544 1708 281 101 ha.c. li¬

1526 1813 202 87 leras.

1532 2046 277 113 La diffe

1530 2143 281 85 rence du

1530 2220 283 97 iuste ⁊ de

1542 2308 279 93 liniuste.

1237 2939 293 107 ment riẽs
