2211 3563
1044 168 643 140 De la foy ⁊ des

725 304 1382 109 ment riens de laultruy/ mais aussi ne redemã

731 399 1376 109 de pas ce quõ luy a oste: ou pareillemẽt en uẽ¬

721 481 1384 112 dant tous ses biẽs ⁊ en les distribuãt aux po¬

703 574 1402 100 ures/ ne possede riens de ꝓpre: toutesfois auec

683 657 1419 103 ces louables meurs qui sõt en luy/ sil na une

677 728 1421 115 droicte foy catholicq̃ en dieu: quant il partira

683 813 1413 115 de ceste uie il sera dãne. Mais ung autre hõ¬

710 896 1382 104 me aura pareillemẽt des bõnes oeuures/ ⁊ par

719 973 1370 119 droicte foy laquelle besongne par charite: nõ

701 1062 1385 116 pas toutesfois tãt q̃ cest hõme plain de bõnes

680 1140 1394 118 meurs: il rassaisie son incõtinence par lhõne¬

659 1233 1413 103 stete de mariage/ il rẽd le deu de mariage char

659 1312 1423 99 nel/ ⁊ le demãde: ⁊ nõ pas seullemẽt poͬ auoir

685 1393 1393 113 generation/ mais aussi par uolupte/ uoire en

689 1472 1381 117 ayãt seullemẽt la cõpaignie de sa femme/ ce q̃

691 1557 1369 103 sainct Paul permet selon lindulgẽce a ceulx

685 1642 1387 113 qͥ sont mariez: toutesfois aussi ne souffre poĩt

677 1728 1397 106 patiẽment les iniures/ mais aucunesfois par

677 1805 1397 119 desir de uengeãce est emporte/ moyẽnant quil

686 1885 1379 119 puist dire. * Cõme aussi nous pardõnõs a noz

663 1971 1397 119 debteurs/ ⁊ quãt il est prie qͥl pardõne: il posse

647 2052 1417 115 de sa chose familiere uoire faisant aucunes

637 2139 1425 111 aulmosnes/ mais nõ pas si larges q̃ laultre:

651 2222 1393 105 il ne oste pas les choses daultruy/ mais tou¬

661 2304 1391 106 tesfois redemãde les siẽnes/ au moins par iu¬

680 2375 1370 110 gemẽt ecclesiasticque/ ⁊ nõ pas ciuil. * Certai¬

671 2470 1376 116 nemẽt celuy icy qͥ semble estre beaucoup moin

674 2544 1367 122 dre en meurs q̃ lautre: a cause de la droicte foy

671 2621 1373 116 quil a en dieu/ de laquelle il uit/ ⁊ selon laq̃lle

655 2719 1383 107 il se accuse en tous ses delictz/ et loue dieu en

649 2800 1379 111 toutes bõnes oeuures/ en attribuãt a soy hõte

643 2888 1383 124 ⁊ uilennie/ ⁊ a dieu gloire/ ⁊ prenant de luy la

386 849 288 139 De lhõ

380 970 309 107 me uiuãt

386 1054 238 103 de foy.

386 1137 276 113 Gał.5.b

383 1870 267 119 mat.6.b

374 2378 270 95 Les oeu

365 2455 270 95 ures de

359 2538 279 116 lhõme qͥ

356 2630 285 113 a la foy.

1705 2979 311 124 remission
