<?xml version="1.0" encoding="UTF-8"?>
<alto xmlns:xsi="http://www.w3.org/2001/XMLSchema-instance"
      xmlns="http://www.loc.gov/standards/alto/ns-v4#"
      xsi:schemaLocation="http://www.loc.gov/standards/alto/ns-v4# http://www.loc.gov/standards/alto/v4/alto-4-2.xsd">
  <Description>
    <MeasurementUnit>pixel</MeasurementUnit>
    <sourceImageInformation>
      <fileName>288_0a244_default.jpg</fileName>
      <fileIdentifier>https://www.e-rara.ch/i3f/v20/4106023/full/full/0/default.jpg</fileIdentifier>
    </sourceImageInformation>
  </Description>
  <Tags>
    <OtherTag ID="BT8" LABEL="DamageZone" DESCRIPTION="block type DamageZone"/><OtherTag ID="BT10" LABEL="DropCapitalZone" DESCRIPTION="block type DropCapitalZone"/><OtherTag ID="BT11" LABEL="GraphicZone" DESCRIPTION="block type GraphicZone"/><OtherTag ID="BT12" LABEL="MainZone" DESCRIPTION="block type MainZone"/><OtherTag ID="BT13" LABEL="MarginTextZone" DESCRIPTION="block type MarginTextZone"/><OtherTag ID="BT15" LABEL="NumberingZone" DESCRIPTION="block type NumberingZone"/><OtherTag ID="BT17" LABEL="QuireMarksZone" DESCRIPTION="block type QuireMarksZone"/><OtherTag ID="BT18" LABEL="RunningTitleZone" DESCRIPTION="block type RunningTitleZone"/><OtherTag ID="BT20" LABEL="StampZone" DESCRIPTION="block type StampZone"/><OtherTag ID="BT21" LABEL="TableZone" DESCRIPTION="block type TableZone"/><OtherTag ID="BT22" LABEL="TitlePageZone" DESCRIPTION="block type TitlePageZone"/><OtherTag ID="BT132" LABEL="MarginTextZone:handwrittenAddition" DESCRIPTION="block type MarginTextZone:handwrittenAddition"/>
    <OtherTag ID="LT7" LABEL="CustomLine" DESCRIPTION="line type CustomLine"/><OtherTag ID="LT8" LABEL="DefaultLine" DESCRIPTION="line type DefaultLine"/><OtherTag ID="LT9" LABEL="DropCapitalLine" DESCRIPTION="line type DropCapitalLine"/><OtherTag ID="LT10" LABEL="HeadingLine" DESCRIPTION="line type HeadingLine"/><OtherTag ID="LT11" LABEL="InterlinearLine" DESCRIPTION="line type InterlinearLine"/><OtherTag ID="LT125" LABEL="default" DESCRIPTION="line type default"/>
  </Tags>
  <Layout>
    <Page WIDTH="2212"
          HEIGHT="3563"
          PHYSICAL_IMG_NR="288"
          ID="eSc_dummypage_">
      <PrintSpace HPOS="0"
                  VPOS="0"
                  WIDTH="2212"
                  HEIGHT="3563">
        <TextBlock HPOS="100"
                   VPOS="298"
                   WIDTH="1499"
                   HEIGHT="2708"
                   ID="eSc_textblock_8e975a11"
                   TAGREFS="BT12">
          <Shape><Polygon POINTS="100 306 164 3006 1572 2962 1599 2483 1595 2472 1564 2376 1541 1963 1574 1686 1578 1656 1548 1540 1534 1132 1544 298"/></Shape>
          <TextLine ID="eSc_line_94a2c870"
                    TAGREFS="LT8"
                    BASELINE="122 385 1526 368" 
                    HPOS="120"
                    VPOS="290"
                    WIDTH="1406"
                    HEIGHT="123">
            <Shape><Polygon POINTS="200 316 180 320 160 324 140 326 120 330 122 385 126 413 142 403 237 411 275 413 277 413 419 411 421 411 429 407 449 399 532 405 582 409 584 409 586 409 603 405 633 397 693 403 742 407 744 407 780 401 813 395 819 401 825 405 827 405 829 405 831 405 869 399 914 393 952 399 992 403 994 403 996 403 1007 397 1015 393 1126 395 1308 399 1310 399 1312 399 1328 391 1334 389 1524 389 1526 368 1524 308 1487 290 1485 290 1370 290 1368 290 1239 304 1211 294 1209 294 1207 294 1206 294 1170 312 1067 312 1015 296 1013 296 1011 296 1009 296 974 314 863 314 813 300 811 300 809 300 807 300 742 316 661 302 596 302 594 302 592 302 590 302 590 304 572 318 312 304 310 304 308 304 241 322 211 312 200 316"/></Shape>
	    <String CONTENT="remissiõ des pechez/ ⁊ lamour des biẽs sascez¬"
                    HPOS="120"
                    VPOS="290"
                    WIDTH="1406"
                    HEIGHT="123"
                    WC="0.9804536700248718"></String>
          </TextLine>
          <TextLine ID="eSc_line_dd5567fd"
                    TAGREFS="LT8"
                    BASELINE="132 465 1512 451" 
                    HPOS="130"
                    VPOS="384"
                    WIDTH="1382"
                    HEIGHT="114">
            <Shape><Polygon POINTS="132 465 132 498 328 498 328 496 330 496 340 492 374 482 465 490 512 494 514 494 516 494 528 488 546 481 609 488 655 492 657 492 689 486 724 479 760 484 794 490 796 490 798 490 813 484 821 481 869 482 980 488 982 488 984 488 986 488 996 481 1002 477 1061 479 1237 486 1239 486 1241 486 1285 475 1287 475 1334 484 1336 484 1338 484 1340 484 1352 473 1354 473 1360 473 1445 481 1447 481 1512 469 1512 451 1508 399 1318 384 1316 384 1184 399 964 387 962 387 873 389 871 389 833 403 738 391 736 391 734 391 679 405 635 391 633 391 631 391 629 391 627 391 609 403 594 391 592 391 590 391 588 391 586 391 522 407 473 393 471 393 469 393 388 407 370 393 368 393 366 393 364 393 362 393 322 411 130 411 132 465"/></Shape>
	    <String CONTENT="quant il se partira de ceste uie/ ung tel hom¬"
                    HPOS="130"
                    VPOS="384"
                    WIDTH="1382"
                    HEIGHT="114"
                    WC="0.9814804740574049"></String>
          </TextLine>
          <TextLine ID="eSc_line_c6b47439"
                    TAGREFS="LT8"
                    BASELINE="144 548 1507 532" 
                    HPOS="142"
                    VPOS="469"
                    WIDTH="1365"
                    HEIGHT="110">
            <Shape><Polygon POINTS="144 548 144 577 259 570 287 577 295 579 297 579 299 579 301 579 302 579 304 577 324 566 417 566 431 576 433 576 435 576 437 576 451 574 504 566 518 574 524 576 526 576 528 576 548 572 588 564 602 572 611 576 613 576 615 576 645 570 693 562 754 568 807 574 809 574 811 574 813 574 821 568 829 560 843 566 855 572 857 572 859 574 980 574 980 572 982 572 984 572 996 564 998 562 1000 564 1005 568 1005 570 1007 570 1009 570 1011 572 1083 572 1083 570 1085 570 1087 570 1095 562 1101 558 1156 560 1318 568 1320 568 1322 568 1324 568 1338 558 1417 566 1419 566 1421 566 1423 566 1439 554 1441 554 1505 554 1507 532 1503 481 1417 469 1415 469 1332 481 1330 481 1328 481 1239 471 1237 471 1122 482 1120 482 1118 482 1047 473 1045 473 996 484 990 484 972 484 805 477 804 477 716 486 712 486 708 486 659 477 657 477 655 477 653 477 653 479 643 486 641 488 619 488 483 479 481 479 479 479 453 488 449 490 449 488 439 481 437 481 435 481 433 481 350 490 340 490 338 490 314 481 312 481 310 481 308 481 285 490 279 492 257 490 168 482 166 482 164 482 142 490 144 548"/></Shape>
	    <String CONTENT="me sera deliure/ et regnera en la cõpaignie de"
                    HPOS="142"
                    VPOS="469"
                    WIDTH="1365"
                    HEIGHT="110"
                    WC="0.9999479930451576"></String>
          </TextLine>
          <TextLine ID="eSc_line_4602d57a"
                    TAGREFS="LT8"
                    BASELINE="158 629 1508 617" 
                    HPOS="156"
                    VPOS="554"
                    WIDTH="1352"
                    HEIGHT="105">
            <Shape><Polygon POINTS="158 629 158 649 364 659 366 659 368 659 370 659 384 649 388 647 413 649 556 657 558 657 649 647 669 645 695 647 825 655 827 655 829 655 865 645 873 643 932 645 1138 651 1140 651 1142 651 1168 643 1174 641 1182 643 1223 651 1225 651 1227 651 1249 641 1253 641 1255 641 1279 651 1281 651 1283 651 1507 639 1508 617 1505 558 1087 554 1085 554 1083 554 1065 562 1053 570 956 570 948 564 930 556 928 556 926 556 924 556 887 566 873 570 710 570 687 568 607 558 605 558 508 570 491 572 475 570 394 560 392 560 390 560 364 572 358 574 350 572 302 562 301 562 299 562 297 562 283 574 281 576 156 576 158 629"/></Shape>
	    <String CONTENT="ceulx qui doibuẽt regner auec Christ. Quant"
                    HPOS="156"
                    VPOS="554"
                    WIDTH="1352"
                    HEIGHT="105"
                    WC="0.9894857975569639"></String>
          </TextLine>
          <TextLine ID="eSc_line_bf05aecb"
                    TAGREFS="LT8"
                    BASELINE="156 712 1514 698" 
                    HPOS="154"
                    VPOS="635"
                    WIDTH="1360"
                    HEIGHT="103">
            <Shape><Polygon POINTS="156 712 156 738 1512 718 1514 698 1512 645 1495 635 1493 635 1491 635 1489 635 1487 635 1485 635 1473 645 1229 639 1227 639 1146 647 1124 649 1118 647 1097 639 1095 639 1093 639 920 647 839 651 809 647 762 641 760 641 726 647 699 653 623 647 556 643 554 643 552 643 536 647 512 655 425 647 384 645 382 645 380 645 372 647 346 657 154 649 156 712"/></Shape>
	    <String CONTENT="dõcques tous les iustes/ ⁊ les plus anciens/ et"
                    HPOS="154"
                    VPOS="635"
                    WIDTH="1360"
                    HEIGHT="103"
                    WC="0.998208325356245"></String>
          </TextLine>
          <TextLine ID="eSc_line_452a3abe"
                    TAGREFS="LT8"
                    BASELINE="144 797 1526 783" 
                    HPOS="142"
                    VPOS="714"
                    WIDTH="1384"
                    HEIGHT="107">
            <Shape><Polygon POINTS="144 797 144 817 728 821 730 821 792 811 805 809 821 811 899 819 901 819 903 819 928 809 934 807 968 809 1108 817 1110 817 1207 805 1219 805 1229 805 1299 815 1301 815 1303 815 1334 805 1340 803 1348 805 1394 813 1396 813 1524 801 1526 783 1524 728 1479 714 1477 714 1348 714 1346 714 1344 714 1342 714 1324 728 1318 732 1245 732 1237 726 1213 716 1211 716 1209 716 1138 726 1101 732 1089 726 1073 720 1071 720 1069 720 1067 720 1053 726 1041 732 1009 726 960 718 958 718 956 718 940 726 924 736 760 736 740 726 730 722 728 722 726 722 724 722 714 726 689 736 661 726 649 722 647 722 645 722 596 726 463 738 403 726 392 724 390 724 388 724 386 724 384 726 368 738 334 730 332 730 330 730 249 740 142 726 144 797"/></Shape>
	    <String CONTENT="les apostres ont uescu par droicte foy/ laq̃lle"
                    HPOS="142"
                    VPOS="714"
                    WIDTH="1384"
                    HEIGHT="107"
                    WC="0.9927977640578087"></String>
          </TextLine>
          <TextLine ID="eSc_line_7ca7196e"
                    TAGREFS="LT8"
                    BASELINE="138 878 1526 866" 
                    HPOS="136"
                    VPOS="799"
                    WIDTH="1390"
                    HEIGHT="111">
            <Shape><Polygon POINTS="138 878 138 898 362 910 364 910 479 900 491 908 493 908 495 908 497 908 499 908 501 908 512 898 598 908 600 908 762 896 827 906 829 906 831 906 877 894 879 894 885 894 1033 904 1035 904 1087 892 1091 892 1097 892 1170 902 1172 902 1174 902 1176 902 1190 892 1192 892 1283 900 1285 900 1287 900 1289 900 1303 890 1305 890 1524 890 1526 866 1520 801 1346 811 1320 803 1308 799 1307 799 1305 799 1303 799 1301 799 1301 801 1297 803 1287 815 1215 815 1156 805 1114 799 1112 799 1110 799 1108 799 1101 805 1089 813 998 807 962 805 960 805 958 805 948 807 916 815 887 809 855 801 853 801 851 801 831 809 809 817 770 809 732 803 730 803 728 803 726 803 716 811 706 819 641 819 625 811 603 803 602 803 600 803 598 803 596 803 582 813 572 819 550 813 522 805 520 805 518 805 475 813 457 817 445 815 415 805 413 805 411 805 409 805 407 805 394 815 390 817 388 815 368 805 366 805 364 805 362 805 332 815 316 821 275 817 200 807 198 807 196 807 194 807 194 809 184 817 178 821 136 819 138 878"/></Shape>
	    <String CONTENT="est en Iesuchrist nostre seigñr: ⁊ qͥlz ont eu tãt"
                    HPOS="136"
                    VPOS="799"
                    WIDTH="1390"
                    HEIGHT="111"
                    WC="0.98552772632012"></String>
          </TextLine>
          <TextLine ID="eSc_line_2fedf048"
                    TAGREFS="LT8"
                    BASELINE="140 960 1520 948" 
                    HPOS="138"
                    VPOS="884"
                    WIDTH="1382"
                    HEIGHT="105">
            <Shape><Polygon POINTS="140 960 140 989 461 981 534 985 590 989 592 989 594 989 603 985 613 979 701 983 790 987 792 987 794 987 817 981 837 977 904 979 1023 985 1025 985 1069 977 1083 975 1158 975 1479 981 1481 981 1483 981 1520 969 1520 948 1516 896 1308 884 1307 884 1305 884 1273 896 1271 896 1253 896 1089 886 1087 886 1085 886 1057 896 1053 898 1051 896 1043 888 1041 888 1039 888 1037 888 946 896 924 898 912 896 863 888 861 888 859 888 835 896 825 900 138 900 140 960"/></Shape>
	    <String CONTENT="de sainctes meurs auec la foy: cõbien quilz ne"
                    HPOS="138"
                    VPOS="884"
                    WIDTH="1382"
                    HEIGHT="105"
                    WC="0.9991718974519284"></String>
          </TextLine>
          <TextLine ID="eSc_line_d4cf35cd"
                    TAGREFS="LT8"
                    BASELINE="146 1045 1512 1029" 
                    HPOS="144"
                    VPOS="963"
                    WIDTH="1368"
                    HEIGHT="107">
            <Shape><Polygon POINTS="146 1045 146 1070 1000 1070 1000 1068 1002 1068 1004 1068 1015 1059 1017 1059 1037 1059 1168 1066 1170 1066 1510 1053 1512 1029 1508 979 1364 963 1362 963 1287 979 1207 969 1206 969 1204 969 1154 981 1112 967 1110 967 1108 967 1106 967 1075 979 988 969 986 969 984 969 982 969 964 985 903 985 827 969 825 969 823 969 821 969 804 983 732 971 730 971 728 971 687 985 643 973 641 973 639 973 637 973 584 987 562 973 560 973 558 973 487 973 485 973 483 973 437 989 271 977 269 977 144 993 146 1045"/></Shape>
	    <String CONTENT="ayẽt pas este de uertu si parfaicte en ceste uie/"
                    HPOS="144"
                    VPOS="963"
                    WIDTH="1368"
                    HEIGHT="107"
                    WC="0.9934151017665863"></String>
          </TextLine>
          <TextLine ID="eSc_line_fa0af76d"
                    TAGREFS="LT8"
                    BASELINE="152 1126 1520 1114" 
                    HPOS="150"
                    VPOS="1051"
                    WIDTH="1370"
                    HEIGHT="101">
            <Shape><Polygon POINTS="152 1126 152 1152 998 1152 998 1150 1067 1140 1075 1140 1083 1140 1160 1148 1162 1148 1285 1138 1293 1138 1299 1138 1427 1146 1429 1146 1520 1134 1520 1114 1516 1062 1433 1051 1431 1051 1352 1060 1332 1051 1330 1051 1328 1051 1326 1051 1289 1062 1283 1062 1267 1062 1182 1053 1180 1053 1178 1053 1156 1062 1152 1062 1138 1062 1063 1053 1061 1053 1059 1053 1057 1053 1043 1062 1037 1066 908 1066 904 1062 897 1055 895 1055 893 1055 891 1055 786 1062 706 1066 552 1062 447 1059 445 1059 423 1062 366 1070 150 1062 152 1126"/></Shape>
	    <String CONTENT="q̃ apres ceste uie doibt estre: neãtmoins tout le"
                    HPOS="150"
                    VPOS="1051"
                    WIDTH="1370"
                    HEIGHT="101"
                    WC="0.9994213426113129"></String>
          </TextLine>
          <TextLine ID="eSc_line_55f33b5f"
                    TAGREFS="LT8"
                    BASELINE="150 1215 1518 1197" 
                    HPOS="148"
                    VPOS="1132"
                    WIDTH="1370"
                    HEIGHT="111">
            <Shape><Polygon POINTS="150 1215 150 1243 302 1231 489 1237 568 1239 570 1239 572 1239 586 1235 611 1227 693 1233 756 1237 758 1237 815 1231 861 1225 879 1229 904 1235 906 1235 908 1235 1025 1225 1093 1221 1160 1223 1318 1229 1320 1229 1322 1229 1356 1219 1366 1217 1388 1219 1479 1227 1481 1227 1483 1227 1518 1215 1518 1197 1514 1146 1382 1132 1380 1132 1378 1132 1376 1132 1352 1148 1350 1148 1346 1148 1295 1134 1293 1134 1291 1134 1289 1134 1261 1148 1241 1140 1239 1140 1237 1140 1160 1150 1152 1150 1150 1150 1112 1136 1110 1136 1108 1136 1015 1152 1009 1152 1007 1152 978 1138 976 1138 906 1138 904 1138 813 1154 809 1155 758 1155 665 1155 623 1142 621 1142 619 1142 546 1157 540 1157 536 1157 451 1144 449 1144 396 1155 376 1146 374 1146 372 1146 370 1146 344 1159 342 1159 263 1148 261 1148 148 1161 150 1215"/></Shape>
	    <String CONTENT="peche qui les a tenu par lhumaine infirmite/"
                    HPOS="148"
                    VPOS="1132"
                    WIDTH="1370"
                    HEIGHT="111"
                    WC="0.9992471486330032"></String>
          </TextLine>
          <TextLine ID="eSc_line_123a1078"
                    TAGREFS="LT8"
                    BASELINE="146 1292 1505 1282" 
                    HPOS="144"
                    VPOS="1217"
                    WIDTH="1361"
                    HEIGHT="105">
            <Shape><Polygon POINTS="146 1292 146 1316 619 1312 623 1312 685 1322 687 1322 837 1310 841 1310 845 1310 944 1320 946 1320 948 1320 950 1320 964 1310 1037 1318 1039 1318 1041 1318 1061 1308 1073 1318 1075 1318 1077 1318 1079 1320 1176 1320 1176 1318 1237 1306 1257 1316 1259 1316 1261 1316 1328 1306 1473 1316 1475 1316 1477 1316 1505 1302 1505 1282 1501 1225 1297 1217 1295 1217 1233 1227 1207 1231 1190 1227 1148 1219 1146 1219 1073 1229 1053 1231 1037 1229 960 1219 958 1219 956 1219 954 1219 940 1231 934 1235 798 1235 786 1233 703 1221 701 1221 699 1221 651 1235 643 1235 633 1235 548 1223 546 1223 544 1223 502 1235 491 1223 489 1223 487 1223 423 1223 421 1223 419 1223 384 1237 382 1237 380 1237 330 1227 328 1227 326 1227 291 1237 249 1225 247 1225 245 1225 243 1225 241 1225 223 1239 144 1239 146 1292"/></Shape>
	    <String CONTENT="a este incõtinẽt efface par la pitie de ceste foy."
                    HPOS="144"
                    VPOS="1217"
                    WIDTH="1361"
                    HEIGHT="105"
                    WC="0.995592685846182"></String>
          </TextLine>
          <TextLine ID="eSc_line_46e7ffe9"
                    TAGREFS="LT8"
                    BASELINE="160 1373 1518 1360" 
                    HPOS="154"
                    VPOS="1306"
                    WIDTH="1362"
                    HEIGHT="107">
            <Shape><Polygon POINTS="157 1371 157 1413 1513 1395 1516 1359 1510 1306 154 1306 157 1371"/></Shape>
	    <String CONTENT="4 Parquoy ny a que une seulle esperance de"
                    HPOS="154"
                    VPOS="1306"
                    WIDTH="1362"
                    HEIGHT="107"
                    WC="0.9996581872304281"></String>
          </TextLine>
          <TextLine ID="eSc_line_294c8a48"
                    TAGREFS="LT8"
                    BASELINE="148 1462 1516 1445" 
                    HPOS="142"
                    VPOS="1383"
                    WIDTH="1371"
                    HEIGHT="101">
            <Shape><Polygon POINTS="145 1460 145 1484 1510 1469 1513 1443 1504 1383 142 1389 145 1460"/></Shape>
	    <String CONTENT="toꝰ fideles gemissans soubz le fardeau de ceste"
                    HPOS="142"
                    VPOS="1383"
                    WIDTH="1371"
                    HEIGHT="101"
                    WC="0.9932062524430295"></String>
          </TextLine>
          <TextLine ID="eSc_line_a808b4bf"
                    TAGREFS="LT8"
                    BASELINE="152 1545 1257 1536 1520 1527" 
                    HPOS="148"
                    VPOS="1469"
                    WIDTH="1371"
                    HEIGHT="107">
            <Shape><Polygon POINTS="151 1543 151 1570 1085 1576 1088 1576 1516 1555 1519 1526 1510 1469 148 1475 151 1543"/></Shape>
	    <String CONTENT="chair corruptible/ et soubz linfirmite de ceste"
                    HPOS="148"
                    VPOS="1469"
                    WIDTH="1371"
                    HEIGHT="107"
                    WC="0.9906979076405789"></String>
          </TextLine>
          <TextLine ID="eSc_line_18fa643a"
                    TAGREFS="LT8"
                    BASELINE="158 1631 1534 1608" 
                    HPOS="154"
                    VPOS="1535"
                    WIDTH="1377"
                    HEIGHT="124">
            <Shape><Polygon POINTS="157 1630 157 1659 1477 1647 1480 1647 1531 1630 1531 1606 1525 1552 1403 1535 1400 1535 1397 1535 1337 1552 1207 1540 1204 1540 1088 1555 1067 1540 1064 1540 1061 1540 1058 1540 1055 1540 987 1558 981 1558 951 1558 722 1549 719 1549 648 1561 630 1564 618 1561 541 1549 538 1549 535 1549 502 1564 493 1567 463 1564 353 1552 350 1552 154 1567 157 1630"/></Shape>
	    <String CONTENT="uie ͬ ascauoir q̃ nous auons ung aduocat en¬"
                    HPOS="154"
                    VPOS="1535"
                    WIDTH="1377"
                    HEIGHT="124"
                    WC="0.9670413800261237"></String>
          </TextLine>
          <TextLine ID="eSc_line_7527e2ae"
                    TAGREFS="LT8"
                    BASELINE="168 1710 1348 1700 1566 1692" 
                    HPOS="163"
                    VPOS="1621"
                    WIDTH="1400"
                    HEIGHT="115">
            <Shape><Polygon POINTS="166 1707 166 1736 1563 1736 1563 1689 1554 1621 1195 1641 163 1641 166 1707"/></Shape>
	    <String CONTENT="uers le ꝯere/ guir es Ie l uecuriee uIe: ⁊ ceftuy est"
                    HPOS="163"
                    VPOS="1621"
                    WIDTH="1400"
                    HEIGHT="115"
                    WC="0.953306940366637"></String>
          </TextLine>
          <TextLine ID="eSc_line_13f18c43"
                    TAGREFS="LT8"
                    BASELINE="178 1793 1198 1781" 
                    HPOS="176"
                    VPOS="1716"
                    WIDTH="1022"
                    HEIGHT="107">
            <Shape><Polygon POINTS="178 1793 178 1821 259 1811 297 1821 304 1823 306 1823 308 1823 310 1823 318 1821 348 1809 435 1817 479 1821 481 1821 483 1821 485 1821 485 1819 489 1815 497 1807 548 1807 613 1813 683 1819 685 1819 687 1819 703 1811 714 1805 750 1809 811 1817 813 1817 895 1805 916 1803 926 1805 962 1815 964 1815 966 1815 968 1815 996 1805 1015 1815 1017 1815 1019 1815 1021 1815 1023 1815 1035 1805 1136 1813 1138 1813 1140 1813 1198 1797 1198 1781 1194 1732 1069 1716 1067 1716 1065 1716 1063 1716 1063 1718 1047 1730 990 1720 988 1720 986 1720 960 1733 861 1733 815 1720 813 1720 811 1720 809 1720 807 1720 807 1722 794 1733 710 1724 708 1724 619 1735 540 1722 538 1722 536 1722 497 1737 481 1724 479 1724 477 1724 372 1724 370 1724 277 1739 194 1726 192 1726 190 1726 188 1726 188 1728 176 1737 178 1793"/></Shape>
	    <String CONTENT="la propitiation pour noz pechez."
                    HPOS="176"
                    VPOS="1716"
                    WIDTH="1022"
                    HEIGHT="107"
                    WC="0.996640682220459"></String>
          </TextLine>
          <TextLine ID="eSc_line_961999dc"
                    TAGREFS="LT10"
                    BASELINE="312 1880 623 1870 1463 1864" 
                    HPOS="310"
                    VPOS="1791"
                    WIDTH="1153"
                    HEIGHT="117">
            <Shape><Polygon POINTS="312 1898 362 1908 364 1908 435 1898 459 1896 471 1898 504 1908 506 1908 508 1908 510 1908 528 1898 538 1894 560 1898 596 1906 598 1906 600 1906 602 1906 609 1898 615 1894 635 1898 663 1904 665 1904 699 1898 734 1892 804 1898 873 1904 875 1904 877 1904 889 1898 903 1890 980 1898 1009 1900 1011 1900 1031 1898 1099 1888 1130 1898 1138 1900 1140 1900 1142 1900 1158 1898 1206 1888 1241 1898 1251 1900 1253 1900 1255 1900 1463 1896 1463 1864 1459 1809 1386 1795 1384 1795 1382 1795 1352 1807 1338 1795 1338 1793 1336 1793 1334 1793 1332 1793 1330 1793 1328 1793 1316 1801 1307 1793 1307 1791 1305 1791 1303 1791 1301 1791 1299 1791 1297 1791 1269 1809 1178 1793 1176 1793 1174 1793 1172 1793 1172 1795 1154 1809 1110 1799 1108 1799 1106 1799 1105 1799 1091 1813 1000 1813 964 1795 962 1795 901 1795 899 1795 897 1795 853 1815 811 1815 794 1799 794 1797 792 1797 790 1797 788 1797 677 1815 627 1799 625 1799 623 1799 552 1813 532 1803 530 1803 528 1803 471 1813 362 1801 360 1801 358 1801 310 1819 312 1880"/></Shape>
	    <String CONTENT="¶ Augustin cõtre /ram Delhgrien"
                    HPOS="310"
                    VPOS="1791"
                    WIDTH="1153"
                    HEIGHT="117"
                    WC="0.9862503539770842"></String>
          </TextLine>
          <TextLine ID="eSc_line_5460b3ab"
                    TAGREFS="LT10"
                    BASELINE="455 1957 1249 1949" 
                    HPOS="453"
                    VPOS="1882"
                    WIDTH="796"
                    HEIGHT="105">
            <Shape><Polygon POINTS="455 1987 560 1975 600 1985 602 1985 603 1985 605 1985 607 1985 611 1985 651 1973 683 1983 685 1983 687 1983 689 1983 691 1983 693 1983 710 1973 904 1977 1047 1981 1049 1981 1051 1981 1053 1981 1053 1979 1055 1979 1059 1975 1061 1971 1247 1971 1249 1949 1247 1900 1194 1882 1192 1882 1190 1882 1188 1882 1186 1882 1166 1894 1071 1882 1069 1882 1067 1882 1065 1882 1041 1900 990 1886 988 1886 986 1886 984 1886 944 1898 932 1888 932 1886 930 1886 928 1886 926 1886 924 1886 922 1886 904 1898 875 1888 873 1888 871 1888 869 1888 841 1904 744 1904 701 1886 699 1886 697 1886 695 1886 693 1886 693 1888 681 1898 602 1888 600 1888 598 1888 596 1888 576 1904 504 1896 502 1896 453 1906 455 1957"/></Shape>
	    <String CONTENT="au .iiii. Lure/ au .iii. Chap̃."
                    HPOS="453"
                    VPOS="1882"
                    WIDTH="796"
                    HEIGHT="105"
                    WC="0.9622800081006943"></String>
          </TextLine>
          <TextLine ID="eSc_line_4b3cb737"
                    TAGREFS="LT8"
                    BASELINE="170 2048 1530 2024" 
                    HPOS="166"
                    VPOS="1959"
                    WIDTH="1362"
                    HEIGHT="113">
            <Shape><Polygon POINTS="169 2045 169 2072 1528 2048 1528 2022 1522 1962 710 1959 707 1959 704 1959 701 1959 695 1965 674 1974 499 1965 475 1965 472 1965 469 1965 466 1965 434 1980 166 1968 169 2045"/></Shape>
	    <String CONTENT="¶ Cõgnois dõcques q̃ les uertus ne sont pas"
                    HPOS="166"
                    VPOS="1959"
                    WIDTH="1362"
                    HEIGHT="113"
                    WC="0.992009715239207"></String>
          </TextLine>
          <TextLine ID="eSc_line_febac1a0"
                    TAGREFS="LT8"
                    BASELINE="166 2125 1538 2108" 
                    HPOS="160"
                    VPOS="2048"
                    WIDTH="1377"
                    HEIGHT="104">
            <Shape><Polygon POINTS="163 2122 163 2152 1534 2146 1537 2105 1528 2048 160 2054 163 2122"/></Shape>
	    <String CONTENT="discernees par les offices/ mais par les fins."
                    HPOS="160"
                    VPOS="2048"
                    WIDTH="1377"
                    HEIGHT="104"
                    WC="0.9985362693019535"></String>
          </TextLine>
          <TextLine ID="eSc_line_caeff93b"
                    TAGREFS="LT8"
                    BASELINE="162 2213 1531 2191" 
                    HPOS="157"
                    VPOS="2128"
                    WIDTH="1371"
                    HEIGHT="107">
            <Shape><Polygon POINTS="160 2212 160 2235 1528 2223 1528 2188 1519 2128 321 2134 157 2149 160 2212"/></Shape>
	    <String CONTENT="Et est office/ ce que on doibt faire: mais la fin"
                    HPOS="157"
                    VPOS="2128"
                    WIDTH="1371"
                    HEIGHT="107"
                    WC="0.999767934789463"></String>
          </TextLine>
          <TextLine ID="eSc_line_629a50bd"
                    TAGREFS="LT8"
                    BASELINE="172 2292 1535 2274" 
                    HPOS="166"
                    VPOS="2212"
                    WIDTH="1368"
                    HEIGHT="109">
            <Shape><Polygon POINTS="169 2289 169 2321 1236 2321 1236 2318 1373 2304 1477 2315 1480 2315 1483 2315 1534 2298 1534 2271 1525 2212 166 2214 169 2289"/></Shape>
	    <String CONTENT="est/ la cause poͬquoy il le fault faire. Et aĩsi/"
                    HPOS="166"
                    VPOS="2212"
                    WIDTH="1368"
                    HEIGHT="109"
                    WC="0.9881028473377228"></String>
          </TextLine>
          <TextLine ID="eSc_line_b8c37e3f"
                    TAGREFS="LT8"
                    BASELINE="186 2371 1348 2365 1533 2359" 
                    HPOS="181"
                    VPOS="2289"
                    WIDTH="1350"
                    HEIGHT="116">
            <Shape><Polygon POINTS="184 2369 184 2405 1528 2387 1531 2357 1528 2304 1510 2289 1507 2289 1504 2289 1501 2289 1272 2304 1094 2292 1091 2292 1088 2292 1085 2292 1085 2295 1073 2307 1040 2292 1037 2292 1034 2292 1031 2292 995 2307 701 2295 698 2295 695 2295 665 2310 285 2295 282 2295 181 2312 184 2369"/></Shape>
	    <String CONTENT="quãt lhõme faict quelque chose la ou il sem¬"
                    HPOS="181"
                    VPOS="2289"
                    WIDTH="1350"
                    HEIGHT="116"
                    WC="0.9996414236400438"></String>
          </TextLine>
          <TextLine ID="eSc_line_d69227be"
                    TAGREFS="LT8"
                    BASELINE="182 2454 1562 2436" 
                    HPOS="178"
                    VPOS="2366"
                    WIDTH="1382"
                    HEIGHT="128">
            <Shape><Polygon POINTS="181 2452 181 2494 410 2479 1557 2479 1560 2434 1557 2384 1501 2366 1489 2366 1465 2381 1293 2369 1293 2372 1278 2384 1100 2372 1061 2387 1040 2372 1025 2372 1010 2387 909 2375 683 2390 651 2375 642 2375 597 2390 579 2393 466 2378 362 2396 276 2381 178 2390 181 2452"/></Shape>
	    <String CONTENT="ble quid ne peche pas: sil ne le faict a la cause"
                    HPOS="178"
                    VPOS="2366"
                    WIDTH="1382"
                    HEIGHT="128"
                    WC="0.9966161749800857"></String>
          </TextLine>
          <TextLine ID="eSc_line_0da422b2"
                    TAGREFS="LT8"
                    BASELINE="178 2541 564 2529 1582 2516" 
                    HPOS="172"
                    VPOS="2458"
                    WIDTH="1409"
                    HEIGHT="113">
            <Shape><Polygon POINTS="175 2538 175 2571 1578 2538 1581 2514 1572 2458 172 2476 175 2538"/></Shape>
	    <String CONTENT="pour laquelle il le doibt Icure/ idest conuaincu"
                    HPOS="172"
                    VPOS="2458"
                    WIDTH="1409"
                    HEIGHT="113"
                    WC="0.9821485218902429"></String>
          </TextLine>
          <TextLine ID="eSc_line_463dec3a"
                    TAGREFS="LT8"
                    BASELINE="176 2624 1588 2601" 
                    HPOS="172"
                    VPOS="2532"
                    WIDTH="1415"
                    HEIGHT="122">
            <Shape><Polygon POINTS="175 2621 175 2654 1587 2624 1587 2600 1578 2532 695 2550 683 2550 612 2538 609 2538 389 2556 374 2556 365 2556 258 2544 255 2544 172 2559 175 2621"/></Shape>
	    <String CONTENT="pecheur. Et tout bien que lhõme faict/ lequel"
                    HPOS="172"
                    VPOS="2532"
                    WIDTH="1415"
                    HEIGHT="122"
                    WC="0.9975659575151361"></String>
          </TextLine>
          <TextLine ID="eSc_line_c70e0bc9"
                    TAGREFS="LT8"
                    BASELINE="176 2705 1575 2690" 
                    HPOS="172"
                    VPOS="2624"
                    WIDTH="1400"
                    HEIGHT="113">
            <Shape><Polygon POINTS="175 2704 175 2737 1572 2719 1572 2687 1563 2624 172 2639 175 2704"/></Shape>
	    <String CONTENT="nest pas faict pour la cause que la uraye sa¬"
                    HPOS="172"
                    VPOS="2624"
                    WIDTH="1400"
                    HEIGHT="113"
                    WC="0.9907603833410475"></String>
          </TextLine>
          <TextLine ID="eSc_line_2549b63c"
                    TAGREFS="LT8"
                    BASELINE="180 2789 1562 2769" 
                    HPOS="178"
                    VPOS="2705"
                    WIDTH="1384"
                    HEIGHT="113">
            <Shape><Polygon POINTS="180 2789 180 2814 247 2808 269 2814 283 2818 285 2818 287 2818 289 2818 306 2814 334 2806 344 2814 348 2816 350 2816 352 2816 354 2818 449 2818 449 2816 451 2816 453 2816 457 2812 467 2804 481 2812 487 2814 489 2814 491 2814 681 2812 683 2812 695 2808 732 2800 800 2808 823 2810 825 2810 827 2810 839 2808 877 2798 936 2806 954 2808 956 2808 970 2806 1015 2796 1114 2804 1144 2806 1146 2806 1148 2806 1150 2806 1152 2804 1166 2794 1237 2802 1253 2804 1255 2804 1257 2804 1263 2802 1291 2792 1558 2798 1562 2769 1556 2717 1400 2717 1362 2705 1360 2705 1358 2705 1225 2719 1162 2707 1160 2707 1158 2707 1156 2707 1138 2717 895 2711 893 2711 780 2725 742 2713 740 2713 738 2713 576 2729 455 2717 453 2717 451 2717 415 2733 302 2733 251 2721 249 2721 247 2721 178 2735 180 2789"/></Shape>
	    <String CONTENT="piẽce enseigne qͥl doibt estre faict combien que"
                    HPOS="178"
                    VPOS="2705"
                    WIDTH="1384"
                    HEIGHT="113"
                    WC="0.9962283129594764"></String>
          </TextLine>
          <TextLine ID="eSc_line_7e2214fe"
                    TAGREFS="LT8"
                    BASELINE="182 2874 1558 2858" 
                    HPOS="180"
                    VPOS="2789"
                    WIDTH="1378"
                    HEIGHT="114">
            <Shape><Polygon POINTS="182 2874 182 2903 263 2889 350 2903 352 2903 354 2903 386 2888 520 2901 522 2901 524 2901 526 2901 546 2886 703 2897 704 2897 800 2884 825 2897 827 2897 829 2897 831 2897 873 2882 912 2882 930 2895 932 2895 934 2895 936 2895 1081 2880 1209 2893 1211 2893 1213 2893 1249 2878 1275 2888 1277 2888 1279 2888 1281 2888 1322 2878 1376 2891 1378 2891 1380 2891 1481 2882 1554 2889 1558 2858 1556 2800 1512 2789 1510 2789 1508 2789 1507 2789 1505 2789 1489 2800 1485 2804 1247 2804 1243 2802 1223 2794 1221 2794 1219 2794 1217 2794 1215 2794 1215 2796 1207 2802 1204 2808 1144 2808 1130 2804 1079 2792 1077 2792 1075 2792 1073 2792 1055 2804 1051 2804 968 2794 966 2794 964 2794 932 2806 924 2808 914 2806 871 2794 869 2794 867 2794 807 2796 805 2796 804 2796 788 2806 782 2810 762 2808 697 2796 695 2796 693 2796 649 2808 633 2812 617 2808 578 2800 576 2800 475 2810 431 2814 417 2810 384 2800 382 2800 380 2800 378 2800 354 2812 342 2816 322 2812 279 2802 277 2802 180 2812 182 2874"/></Shape>
	    <String CONTENT="selon loeuure il semble estre bon/ par ce que la"
                    HPOS="180"
                    VPOS="2789"
                    WIDTH="1378"
                    HEIGHT="114"
                    WC="0.9899556102852026"></String>
          </TextLine>
          <TextLine ID="eSc_line_25a83fbf"
                    TAGREFS="LT8"
                    BASELINE="186 2961 1116 2947" 
                    HPOS="184"
                    VPOS="2878"
                    WIDTH="932"
                    HEIGHT="124">
            <Shape><Polygon POINTS="186 2961 186 3002 332 2986 358 3000 360 3000 362 3000 364 3000 449 2990 532 2996 580 3000 582 3000 607 2994 649 2986 685 2994 703 2996 704 2996 706 2996 708 2996 712 2992 730 2981 827 2981 839 2990 841 2992 843 2992 845 2992 847 2992 849 2992 851 2992 855 2990 867 2981 885 2988 897 2994 899 2994 901 2994 934 2988 986 2977 1114 2983 1116 2947 1112 2893 1027 2878 1025 2878 1023 2878 994 2893 930 2893 912 2880 910 2880 908 2880 865 2880 863 2880 861 2880 859 2880 859 2882 841 2895 736 2882 734 2882 673 2893 633 2884 631 2884 629 2884 627 2884 592 2897 560 2886 558 2886 556 2886 554 2886 552 2886 534 2901 497 2901 455 2886 453 2886 451 2886 449 2886 447 2886 431 2897 378 2888 376 2888 374 2888 312 2903 207 2889 205 2889 203 2889 201 2889 184 2901 186 2961"/></Shape>
	    <String CONTENT="fin nest pas droicte/ cest peche."
                    HPOS="184"
                    VPOS="2878"
                    WIDTH="932"
                    HEIGHT="124"
                    WC="0.9970502835331541"></String>
          </TextLine>
        </TextBlock>
        <TextBlock HPOS="384"
                   VPOS="160"
                   WIDTH="960"
                   HEIGHT="140"
                   ID="eSc_textblock_2d575de3"
                   TAGREFS="BT18">
          <Shape><Polygon POINTS="384 160 384 300 1344 300 1344 160"/></Shape>
          <TextLine ID="eSc_line_22910215"
                    TAGREFS="LT10"
                    BASELINE="398 263 1334 263" 
                    HPOS="395"
                    VPOS="139"
                    WIDTH="936"
                    HEIGHT="160">
            <Shape><Polygon POINTS="398 299 457 285 511 299 517 299 520 299 523 299 564 296 731 285 942 290 1275 299 1278 299 1281 299 1331 282 1331 261 1331 192 1192 139 1189 139 993 139 990 139 987 139 984 139 906 195 758 195 668 157 665 157 663 157 395 192 395 261"/></Shape>
	    <String CONTENT="oeuures: Chap̃.x."
                    HPOS="395"
                    VPOS="139"
                    WIDTH="936"
                    HEIGHT="160"
                    WC="0.9708510497037102"></String>
          </TextLine>
        </TextBlock>
        <TextBlock HPOS="1548"
                   VPOS="181"
                   WIDTH="196"
                   HEIGHT="110"
                   ID="eSc_textblock_a45707c5"
                   TAGREFS="BT15">
          <Shape><Polygon POINTS="1548 181 1548 291 1744 291 1744 181"/></Shape>
          <TextLine ID="eSc_line_9c5c0d16"
                    TAGREFS="LT8"
                    BASELINE="1554 251 1738 251" 
                    HPOS="1551"
                    VPOS="142"
                    WIDTH="185"
                    HEIGHT="160">
            <Shape><Polygon POINTS="1551 249 1551 302 1736 296 1736 249 1736 157 1551 142 1551 249"/></Shape>
	    <String CONTENT="144"
                    HPOS="1551"
                    VPOS="142"
                    WIDTH="185"
                    HEIGHT="160"
                    WC="0.9998607039451599"></String>
          </TextLine>
        </TextBlock>
        <TextBlock HPOS="1532"
                   VPOS="1293"
                   WIDTH="308"
                   HEIGHT="514"
                   ID="eSc_textblock_b6d9644b"
                   TAGREFS="BT13">
          <Shape><Polygon POINTS="1532 1293 1539 1549 1578 1647 1552 1796 1822 1807 1840 1590 1811 1301"/></Shape>
          <TextLine ID="eSc_line_9353ce2e"
                    TAGREFS="LT8"
                    BASELINE="1545 1360 1806 1357" 
                    HPOS="1540"
                    VPOS="1264"
                    WIDTH="264"
                    HEIGHT="122">
            <Shape><Polygon POINTS="1543 1359 1543 1386 1804 1383 1804 1356 1792 1264 1730 1279 1540 1270 1543 1359"/></Shape>
	    <String CONTENT="La uraie"
                    HPOS="1540"
                    VPOS="1264"
                    WIDTH="264"
                    HEIGHT="122"
                    WC="0.9999991208314896"></String>
          </TextLine>
          <TextLine ID="eSc_line_e85817f8"
                    TAGREFS="LT8"
                    BASELINE="1539 1444 1804 1441" 
                    HPOS="1534"
                    VPOS="1362"
                    WIDTH="267"
                    HEIGHT="107">
            <Shape><Polygon POINTS="1537 1443 1537 1469 1798 1466 1801 1440 1792 1368 1635 1377 1623 1374 1578 1362 1575 1362 1572 1362 1569 1362 1534 1374 1537 1443"/></Shape>
	    <String CONTENT="esperãce"
                    HPOS="1534"
                    VPOS="1362"
                    WIDTH="267"
                    HEIGHT="107"
                    WC="0.9998732142978244"></String>
          </TextLine>
          <TextLine ID="eSc_line_423497aa"
                    TAGREFS="LT8"
                    BASELINE="1547 1526 1802 1518" 
                    HPOS="1543"
                    VPOS="1454"
                    WIDTH="258"
                    HEIGHT="92">
            <Shape><Polygon POINTS="1546 1523 1546 1540 1798 1546 1801 1517 1795 1454 1543 1454 1546 1523"/></Shape>
	    <String CONTENT="de tous"
                    HPOS="1543"
                    VPOS="1454"
                    WIDTH="258"
                    HEIGHT="92"
                    WC="0.9937467915671212"></String>
          </TextLine>
          <TextLine ID="eSc_line_7f510ca8"
                    TAGREFS="LT8"
                    BASELINE="1570 1607 1827 1603" 
                    HPOS="1566"
                    VPOS="1529"
                    WIDTH="259"
                    HEIGHT="115">
            <Shape><Polygon POINTS="1569 1606 1569 1644 1739 1630 1822 1641 1825 1600 1816 1529 1566 1535 1569 1606"/></Shape>
	    <String CONTENT="chrestiẽs"
                    HPOS="1566"
                    VPOS="1529"
                    WIDTH="259"
                    HEIGHT="115"
                    WC="0.9999935388565063"></String>
          </TextLine>
          <TextLine ID="eSc_line_867af1b8"
                    TAGREFS="LT8"
                    BASELINE="1590 1691 1825 1682" 
                    HPOS="1581"
                    VPOS="1621"
                    WIDTH="241"
                    HEIGHT="92">
            <Shape><Polygon POINTS="1587 1689 1587 1713 1822 1710 1822 1680 1813 1621 1581 1627 1587 1689"/></Shape>
	    <String CONTENT="1.Io.2.a"
                    HPOS="1581"
                    VPOS="1621"
                    WIDTH="241"
                    HEIGHT="92"
                    WC="0.9907606840133667"></String>
          </TextLine>
          <TextLine ID="eSc_line_6919c569"
                    TAGREFS="LT8"
                    BASELINE="1562 1775 1811 1769" 
                    HPOS="1558"
                    VPOS="1704"
                    WIDTH="253"
                    HEIGHT="105">
            <Shape><Polygon POINTS="1562 1775 1562 1799 1800 1809 1802 1809 1804 1809 1806 1809 1806 1807 1808 1807 1811 1801 1811 1769 1806 1706 1687 1718 1661 1714 1588 1704 1586 1704 1584 1704 1582 1704 1558 1716 1562 1775"/></Shape>
	    <String CONTENT="Ro.8.g"
                    HPOS="1558"
                    VPOS="1704"
                    WIDTH="253"
                    HEIGHT="105"
                    WC="0.9999176859855652"></String>
          </TextLine>
        </TextBlock>
        <TextBlock HPOS="1543"
                   VPOS="1964"
                   WIDTH="318"
                   HEIGHT="757"
                   ID="eSc_textblock_1b98a718"
                   TAGREFS="BT13">
          <Shape><Polygon POINTS="1543 1966 1554 2385 1592 2473 1596 2593 1584 2721 1750 2716 1830 2609 1861 2511 1861 2331 1816 1964"/></Shape>
          <TextLine ID="eSc_line_5e207598"
                    TAGREFS="LT8"
                    BASELINE="1552 2024 1817 2019" 
                    HPOS="1548"
                    VPOS="1932"
                    WIDTH="268"
                    HEIGHT="122">
            <Shape><Polygon POINTS="1551 2022 1551 2054 1816 2039 1816 2016 1810 1947 1715 1932 1712 1932 1709 1932 1670 1950 1667 1950 1661 1950 1593 1935 1590 1935 1587 1935 1548 1947 1551 2022"/></Shape>
	    <String CONTENT="Les uer¬"
                    HPOS="1548"
                    VPOS="1932"
                    WIDTH="268"
                    HEIGHT="122"
                    WC="0.9997115209698677"></String>
          </TextLine>
          <TextLine ID="eSc_line_b590899a"
                    TAGREFS="LT8"
                    BASELINE="1557 2107 1821 2104" 
                    HPOS="1551"
                    VPOS="2024"
                    WIDTH="268"
                    HEIGHT="113">
            <Shape><Polygon POINTS="1554 2105 1554 2137 1819 2125 1819 2102 1813 2042 1638 2024 1635 2024 1551 2039 1554 2105"/></Shape>
	    <String CONTENT="tꝰ sõt di¬"
                    HPOS="1551"
                    VPOS="2024"
                    WIDTH="268"
                    HEIGHT="113"
                    WC="0.9984359361908652"></String>
          </TextLine>
          <TextLine ID="eSc_line_85fec6e6"
                    TAGREFS="LT8"
                    BASELINE="1560 2191 1813 2187" 
                    HPOS="1554"
                    VPOS="2117"
                    WIDTH="256"
                    HEIGHT="106">
            <Shape><Polygon POINTS="1557 2188 1557 2223 1807 2209 1810 2185 1801 2117 1554 2125 1557 2188"/></Shape>
	    <String CONTENT="scernees"
                    HPOS="1554"
                    VPOS="2117"
                    WIDTH="256"
                    HEIGHT="106"
                    WC="0.988499715924263"></String>
          </TextLine>
          <TextLine ID="eSc_line_f2a42a29"
                    TAGREFS="LT8"
                    BASELINE="1560 2274 1829 2270" 
                    HPOS="1554"
                    VPOS="2191"
                    WIDTH="274"
                    HEIGHT="110">
            <Shape><Polygon POINTS="1557 2271 1557 2295 1822 2301 1828 2268 1819 2191 1554 2200 1557 2271"/></Shape>
	    <String CONTENT="des uices"
                    HPOS="1554"
                    VPOS="2191"
                    WIDTH="274"
                    HEIGHT="110"
                    WC="0.9979285399119059"></String>
          </TextLine>
          <TextLine ID="eSc_line_c29f289e"
                    TAGREFS="LT8"
                    BASELINE="1562 2358 1845 2349" 
                    HPOS="1557"
                    VPOS="2280"
                    WIDTH="286"
                    HEIGHT="110">
            <Shape><Polygon POINTS="1560 2357 1560 2390 1843 2384 1843 2348 1834 2280 1557 2295 1560 2357"/></Shape>
	    <String CONTENT="nõ point"
                    HPOS="1557"
                    VPOS="2280"
                    WIDTH="286"
                    HEIGHT="110"
                    WC="0.9988451335165236"></String>
          </TextLine>
          <TextLine ID="eSc_line_59c77a14"
                    TAGREFS="LT8"
                    BASELINE="1584 2436 1849 2432" 
                    HPOS="1578"
                    VPOS="2372"
                    WIDTH="268"
                    HEIGHT="86">
            <Shape><Polygon POINTS="1581 2434 1581 2458 1843 2455 1846 2431 1837 2372 1578 2372 1581 2434"/></Shape>
	    <String CONTENT="par offi¬"
                    HPOS="1578"
                    VPOS="2372"
                    WIDTH="268"
                    HEIGHT="86"
                    WC="0.9998445047272576"></String>
          </TextLine>
          <TextLine ID="eSc_line_1a246dc4"
                    TAGREFS="LT8"
                    BASELINE="1597 2516 1849 2513" 
                    HPOS="1593"
                    VPOS="2446"
                    WIDTH="253"
                    HEIGHT="98">
            <Shape><Polygon POINTS="1596 2514 1596 2544 1843 2541 1846 2511 1837 2446 1593 2452 1596 2514"/></Shape>
	    <String CONTENT="ces mais"
                    HPOS="1593"
                    VPOS="2446"
                    WIDTH="253"
                    HEIGHT="98"
                    WC="0.9941068515181541"></String>
          </TextLine>
          <TextLine ID="eSc_line_0c83fc36"
                    TAGREFS="LT8"
                    BASELINE="1601 2601 1815 2597" 
                    HPOS="1596"
                    VPOS="2523"
                    WIDTH="217"
                    HEIGHT="110">
            <Shape><Polygon POINTS="1599 2600 1599 2633 1813 2627 1813 2595 1804 2523 1596 2541 1599 2600"/></Shape>
	    <String CONTENT="par les"
                    HPOS="1596"
                    VPOS="2523"
                    WIDTH="217"
                    HEIGHT="110"
                    WC="0.9999962363924298"></String>
          </TextLine>
          <TextLine ID="eSc_line_1ecee54e"
                    TAGREFS="LT8"
                    BASELINE="1595 2689 1730 2688" 
                    HPOS="1593"
                    VPOS="2615"
                    WIDTH="134"
                    HEIGHT="125">
            <Shape><Polygon POINTS="1593 2687 1593 2740 1727 2737 1727 2687 1727 2615 1593 2615 1593 2687"/></Shape>
	    <String CONTENT="sins."
                    HPOS="1593"
                    VPOS="2615"
                    WIDTH="134"
                    HEIGHT="125"
                    WC="0.9991564631462098"></String>
          </TextLine>
        </TextBlock>
        <TextBlock HPOS="1163"
                   VPOS="2963"
                   WIDTH="407"
                   HEIGHT="106"
                   ID="eSc_textblock_0908fe15"
                   TAGREFS="BT17">
          <Shape><Polygon POINTS="1163 2963 1163 3069 1570 3069 1570 2963"/></Shape>
          <TextLine ID="eSc_line_e322be94"
                    TAGREFS="LT8"
                    BASELINE="1172 3040 1566 3032" 
                    HPOS="1170"
                    VPOS="2949"
                    WIDTH="396"
                    HEIGHT="127">
            <Shape><Polygon POINTS="1172 3040 1172 3060 1289 3060 1295 3064 1308 3076 1310 3076 1312 3076 1314 3076 1512 3074 1514 3074 1530 3066 1544 3058 1560 3066 1566 3032 1562 2971 1469 2949 1467 2949 1465 2949 1463 2949 1463 2951 1447 2965 1419 2957 1417 2957 1415 2957 1413 2957 1411 2957 1396 2971 1394 2973 1358 2973 1354 2971 1332 2951 1330 2951 1328 2951 1326 2951 1324 2951 1261 2967 1206 2953 1204 2953 1202 2953 1200 2953 1170 2967 1172 3040"/></Shape>
	    <String CONTENT="¶ Chrysosto."
                    HPOS="1170"
                    VPOS="2949"
                    WIDTH="396"
                    HEIGHT="127"
                    WC="0.9863978525002798"></String>
          </TextLine>
        </TextBlock>
      </PrintSpace>
    </Page>
  </Layout>
</alto>
