2211 3563
401 454 264 113 mat.7.c

398 632 243 98 Quel¬

392 715 240 110 les sont

374 798 261 101 les oeu¬

356 887 274 104 ures de

362 970 276 110 hypocri

365 1059 125 116 sie.

780 302 1224 115 ¶ Chryso. en son oeuure imparfaicte sur

871 387 1032 113 sainct Matthieu/ au .uii. Chap̃.

695 466 1376 118 ¶ Gardez uous des saulx ꝓphetes/ qui uien

667 560 1403 103 nent a uous en uestemens de brebis. ◊ Quelz

659 650 1412 92 sont les uestemens de brebis? espece de faincte

650 721 1418 107 religiõ/ aulmosne faincte/ ce sont uestemẽs de

668 801 1400 107 bre bis ⁊ nõ pas loeuure de la brebis/ cõe aussi

680 890 1382 95 toutes les aultres especes de pitie par lesq̃lles

689 967 1379 104 se uestẽt les loups rauissans. Mais riens ne

686 1054 1376 101 extermine tãt le biẽ/ q̃ le biẽ simule: car les hõ

653 1140 1405 101 mes suyẽt ⁊ se gardẽt du mal maniIege/ cõme

630 1225 1428 99 mauuais. Cest une grãde uertu du biẽ/ que de

624 1310 1440 91 cõgnoistre le mal: ⁊ est une ferme asseurãce de

641 1383 1427 104 salut/ de (cauoir leguel tu doibs fourpr.? Il est

671 1466 1394 98 uray q̃ ueresie est dãgereule/ maĩs elle est fort

695 1546 1358 107 utile: elle est dãgereuse/ poͬ ce q̃ plusieurs sont

686 1630 1373 106 seduictz par icelle/ et sont ꝑdus. Mais ede est

689 1719 1370 98 utile: car les fideles sont esprouuez par icelle/

677 1805 1385 98 ⁊ sont separez des infideles. Celuy qͥ murmu¬

674 1885 1388 95 re du peril de tẽtation/ il murmure du loyer de

644 1971 1415 98 probatiõ. Car repos ne se peult trouuer en nul

630 2052 1434 91 affaire tẽporel se Omeremẽt labeur ny a pre¬

624 2137 1438 101 cede: combien plus es choses spirituelles? se la

647 2206 1394 118 tẽtation ne giec de/ ⁊a xuolion ne peult estre.

662 2292 1394 113 A Premieremẽt fault scauoir/ quil y a des to¬

677 2381 1382 98 tallemẽt faulx chrestiẽs ⁊ q̃ riens ne perd tant

680 2455 1379 107 les chrestiẽs q̃ ceste chose: car ilz estiment cõme

674 2550 1385 92 chrestiẽs tous ceulx qͥlz ouyrõt appeller chre¬

671 2621 1382 119 stiens. Et sil est manifeste quil y a des faulx

661 2715 1389 99 chrestiẽs: ou cestuy est faulx chrestien/ ou toy.

645 2796 1393 97 Si tu le es/ cestuy ne le est pas. Sil est faulx

639 2882 1403 114 chrestiẽ/ pourquoy lestime tu chrestien: duquel

1026 170 646 134 De la foy ⁊ des

365 1383 238 95 Heresie

359 1463 271 104 est utile

377 1543 276 98 pour es¬

383 1636 273 89 prouuer

380 1701 279 113 les fide¬

374 1799 288 86 les mais

365 1867 291 107 elle est dã

359 1959 253 113 gereuse.

353 2203 235 98 Ro.5.a

362 2277 279 113 La diffe

365 2381 291 92 rẽce des

362 2458 300 95 bõs ⁊ des

365 2541 217 101 faulx

350 2612 303 137 chrestiẽs

1725 2963 313 122 Christ ta
