2212 3563
392 154 1020 148 oeuures. Chap̃.x.

106 288 1424 139 Christ ta mande qͥl nest pas chrestien? Cõmẽt

104 383 1394 115 estimeras tu celuy estre ton frere q̃ dieu ne con

124 466 1374 130 fesse pas auoir pour filz? Mais par aduẽture

121 555 1377 110 diras tu cõment puis ie dire q̃ cestuy nest pas

126 627 1392 137 chrestien/ q̃ ie uoy quil cõfesse Christ/ ⁊ quil a

126 714 1386 129 ung autel/ ⁊ quil offre le sacrifice de pain ⁊ de

114 799 1394 125 uin/ lequel baptise/ ⁊ lit les escriptures des

112 880 1400 131 sainctz/ ⁊ a toute lordre de prestrise? Se lhõme

112 967 1395 131 saige ne cõfessoit pas Christ/ ⁊ q̃ sa payenne¬

104 1049 1414 126 rie fust manifeste: si tu estois deceu par sa sapiẽ

104 1136 1410 126 ce ⁊ sa gẽtilite/ ne seroit ce point par peu de sẽs

110 1219 1404 125 que tu serois seduict? Mais pource que main¬

106 1296 1410 125 tenant ilz cõfessent Christ/ mais non pas cõ¬

108 1381 1408 135 me Christ la cõmande: cest ta negligence se tu

110 1470 1404 123 es seduict de luy. Et ce que tu as dit de la simi

114 1551 1408 121 litude des misteres ecclesiasticques: escoute ce¬

140 1638 1398 121 ste respõce. Le singe aussi a tous les mẽbres de

128 1708 1418 128 lhõme/ ⁊ en toutes choses ensuit lhõe. Doibt

124 1787 1398 137 il pourtãt estre appelle hõme? * Pareillemẽt

118 1873 1392 146 aussi les hereticques ont tous les mysteres et

112 1968 1398 122 les ensuiuent: mais ilz ne sont pas de leglise.

112 2051 1401 125 Uois tu cõment Christ parle des hereticques

112 2140 1401 116 chrestiens/ quon les doibt fuyr pource que par

124 2217 1392 128 dehors semble quilz soiẽt en la ueneration de

132 2304 1392 130 Christ/ mais par dedẽs sont payẽs ce que lon

124 2387 1406 124 peult aussi cõgnoistre par ce quilz cõfessent: ⁊

122 2462 1438 133 ceulx sont beaucoup plus dãgereux/ q̃ les he

124 2545 1434 139 reticques Iuifz: car iceulx reiectez par les Apo

130 2626 1420 141 stres/ ⁊ cõme notez hors de la cõgregation des

128 2713 1406 139 chrestiẽs estoiẽt uagabondz ⁊ errãs/ ⁊ furtiue¬

126 2800 1404 129 mẽt en deceuoiẽt aucuns mal aduisez. Mais

128 2886 1400 144 ces autres icy sont fondez comme chrestiens/ ⁊

1560 163 176 125 145

1519 365 291 113 mat.3.d

1519 454 288 104 mar.1.b

1519 537 282 116 Luce.3.d

1534 1704 273 190 Les here

1528 1870 279 110 ticq̃s ont

1534 1962 270 89 tous les

1531 2042 276 101 mysteres

1531 2122 273 131 de legli¬

1537 2214 80 128 se.

998 2963 527 136 T ont leurs
