2211 3563
695 302 1395 109 ont leurs eglises: ⁊ q̃ dis ie/ mesme aussi gou¬

691 389 1399 115 uernẽt les eglises. Ilz subuertissent publicque

691 479 1391 102 mẽten toute liberte ⁊ sõt tellemẽt multipliez/

677 562 1413 105 que au cõtraire les chrestiẽs sont plus tost ua

663 643 1425 109 gues ⁊ fugitifz q̃ eulx. Desquelz loupz di soit

662 730 1418 107 lapostre aux Ephesiẽs.? Ie scay q̃ apres mon

657 815 1421 107 partement ilz entrerõt des loupz rauissans en

671 896 1405 107 uous qͥ nespargneront pas le tropeau: ⁊ sorti¬

671 977 1405 105 ront dẽtre uous/ en parlãt choses ꝑuerses/ poͬ

692 1051 1385 109 amener des disciples a eulx. Uoꝰ les cõgnoi¬

674 1143 1397 101 strez a leursfruictz.? Car le fruict de Iõme est

656 1223 1415 113 la cõfessiõ de sa foy/ ⁊ les oeuures de sa cõuer¬

647 1303 1430 107 sation. Quãt dõcques uous uoyez ung hõme

656 1398 1421 107 chrestien: cõsiderez incõtinent/ si sa cõfesse con

659 1469 1412 119 uiẽt auec les escriptures/ il est uray chrestien.

698 1546 1373 116 Mais sil nest pas cõme Christ la cõmande/ il

679 1638 1401 111 est faulx. Il na pas refere le iugement de la

692 1713 1388 124 chrestiẽte au nom/ mais a la confession: car le

675 1805 1401 109 nom de Christ seullemẽt ne faict pas le Chre¬

667 1886 1417 117 stien: mais aussi la uerite de Christ. Car plu¬

653 1979 1427 103 sieurs cheminent au nom de Christ: mais peu

647 2056 1302 115 de gens che/inenten l uerite de Christ.

653 2177 1415 138 Hiere.9.4. ¶ Que le soige ne se

671 2289 1406 145 glorifie en sa sapience: que le fort ne

693 2405 1387 146 se glorifie en sa force/ ⁊ q̃ le riche ne

695 2514 1376 149 se glorifie en ses richesses: mais ce¬

689 2627 1382 161 luy qui se glorifie/ quil se glorifie en

671 2761 1395 127 ce quil me scait ⁊ congnoit/ que ie

644 2862 1415 166 siris le seigneur qui faictz miseri¬

398 700 243 131 Act̃.20.f

1002 166 664 136 De la foy ⁊ des

350 1042 288 110 mat.7.b

353 1134 291 113 Le fruic/

347 1220 271 98 de lhõe

344 1306 271 101 chrestien

353 1383 277 107 est la cõ¬

371 1466 238 110 sesse de

389 1546 220 122 sa foy.

368 2141 238 103 Que lõ

366 2228 265 107 ne se glo

371 2327 238 89 rifie en

374 2393 253 115 fagesse/

370 2486 299 87 force/ ou

356 2559 312 107 richesse:

350 2645 297 107 mais en

358 2743 293 91 la ꝯgno¬

364 2816 230 97 issance

374 2891 214 119 de dieu.

1796 2992 258 119 corde ⁊
