2212 3563
392 163 939 163 oeuures. Chap̃.4.

104 336 1373 137 corde et iugemẽt ⁊ iustice en la terre.

114 447 1369 138 Car ces choses me plaisent/ dit le

132 579 369 125 seigneur.

194 676 1265 117 ¶ Hierosme au .ii. liure de son exposition/

269 764 1117 110 sur sainct Matthieu/ au .xiii. Chap̃.

106 855 1381 97 ¶ Le royaume des cieulx est faict semblable

95 930 1386 113 a lhõme marchãt/ qͥ demãde des bõnes perles:

89 1009 1394 113 ⁊ quãt il a trouue une precieuse perle/ ⁊c. * Il

95 1086 1385 119 ya une precieuse perle/ cest la science du sau¬

92 1181 1388 116 ueur/ ⁊ le sacremẽt de sa passion/ ⁊ le secret de

95 1264 1388 113 sa resurrection. Que quant lhõme marchant

95 1344 1392 112 laura trouue/ sẽblable a Paul lapostre: il con

93 1433 1392 108 tẽne cõme les ordures ⁊ les ramonneures tou

95 1514 1394 111 tes les precedẽtes obseruations de la loy ⁊ les

106 1597 1404 101 mysteres p̃cedẽs des ꝓphetes/ ausq̃lz auoit ue¬

118 1674 1341 119 scu sãs reprinse/ affin qͥl gaigne Iesuchrist.

301 1757 1063 119 ¶ Augustin au liure de ses medita¬

400 1846 770 105 tions/ au .xiiii. Chapitre.

95 1894 1385 151 ¶ Celle est la uie eternelle/ quilz te cõgnoissẽt

93 2011 1390 116 seul uray dieu/ ⁊ celluy q̃ tu as enuoye Iesu¬

89 2099 1385 107 christ. * Nous doncques qui auõs le grãd pre

95 2187 1386 103 lat/ lequel a perce les cieulx: ascauoir Iesus

100 2260 1385 115 le filz de dieu: tenõs la cõfesse de nostre esperã

93 2347 1402 107 ce. Car ta charite inestimable excede toute sciẽ

87 2428 1425 107 ce/ laquelle tu nous as monstre par ta pitie ⁊

95 2507 1421 113 bõte/ a nous qͥ en sommes indignes. Car aussi

95 2580 1418 130 tõ filz nostre dieu na pas prĩs les anges/ mais

89 2666 1421 122 a prins la semẽce de Abraam: faict semblable

89 2746 1394 122 en toutes choses a nous/ sãs peche. * Icelle ue¬

89 2835 1394 125 ritablemẽt est toute mon esperãce/ ⁊ toute ma

98 2918 1385 163 confidence. Car la portion dung chascun de

1532 199 173 117 146

1507 959 244 130 Quelle

1498 1057 273 118 est la pre

1495 1155 193 103 cieuse

1501 1312 181 41 perle.

1501 1885 235 139 Io.17.a

1501 2027 247 187 Heb.8.a

1531 2535 232 152 Hebr.2.a

1560 2660 203 110 Nous

1501 2752 273 92 auõs tou

1501 2817 265 110 tes cho¬

1501 2915 262 143 ses com¬

903 3004 582 129 T .ii. nous est
