2211 3563
410 290 228 131 munes

419 397 160 101 auec

413 469 243 148 Christ.

701 296 1394 125 nous est au mesme Iesuchrist nostre seigneur

716 397 1385 101 ascauoir la chair ⁊ le sang. Et ainsi la ou ma

701 483 1400 110 portion regne/ la me crois ie regner. La ou ma

683 566 1413 110 chair est glorifiee/ la me cõgnois ie estre glori¬

671 657 1427 99 fie. La ou mon sang domine/ la cõgnois ie q̃

659 736 1441 105 ie domine. Cõbiẽ que ie soye pecheur/ si ne me

669 819 1435 107 deffie pas de la cõmunion de ceste grace. Et si

710 896 1385 110 mes pechez lempesehẽt/ ma substãce le reqͥert.

697 983 1397 103 Et si mes offẽses me sordlosent/ la cõmunion

713 1062 1388 101 de la nature ne me reboute pos. Mais nostre

675 1150 1421 108 seigñr dieu est doulx ⁊ sort bening: ⁊ ayme sa

653 1235 1441 105 chair/ ses mẽbres ⁊ ses entrailles en soymesme

649 1318 1443 109 qui est dieu/ ⁊ en Iesuchrist nostre sergñr tres¬

677 1392 1418 116 doutx/ ⁊ tresuening/ ⁊ tresclemẽt◊ auq̃l nous

695 1478 1406 107 sommes ressuscitez/ ⁊ desia sommes mõtez au

707 1567 1379 107 ciel/ ⁊ desia sommes assis es lieux celestes. No

716 1647 1382 98 stre chair nous ayme. Et auons en luy la pre¬

701 1736 1400 95 rogatiue de nostre sang. Car nous sõmes ses

686 1808 1415 104 mẽbres ⁊ sa chair: ⁊ finablement cestuy est no¬

693 1898 1412 99 stre chief/ duquel est tout le corps: comme il est

685 1983 1419 103 escript: os de mes os/ ⁊ chair de ma chair. Et

704 2060 1391 113 iamais nul ne hayt sa chair. Et serõt deux en

691 2147 1401 117 une chnte.ͬ Ce mystere icy est grand/ ie dis en

677 2226 971 109 Christ ⁊ en leglise dit lapostre.

869 2315 1076 109 ¶ Augustin/ sur sainct Iehan au

980 2401 830 99 ix. traicte/ au .ii. Chapitre.

710 2464 1402 116 ¶ Ce sacrement icy est grand.7 Et affin q̃ nut

713 2571 1388 107 nentendist la grãdeur de ce sacrement estre en

713 2639 1388 107 ung chascun qui a sa fẽme: il dit apres: mais

697 2731 1403 109 ie dis en Christ ⁊ en leglise. Quel est ce grand

707 2802 1391 122 sacremẽt? Ilz seront deux en une chair. Christ

707 2903 1387 121 doncques sest tellement ioinct a son eglise/

982 170 640 138 De la foy ⁊ des

371 893 306 116 exo.34.a

371 1054 309 136 mat.11.d

368 1380 238 125 Nostre

374 1490 273 80 resurre¬

389 1555 282 104 ction est

404 1638 285 113 en christ.

398 1725 282 98 1.cor.12.d

404 1802 270 124 colos.1.c

395 2042 291 146 Eph.5.g

416 2461 273 113 Le sacre

416 2559 249 104 ment de

416 2633 216 134 union.

395 2808 294 125 1.cor.6.d

1745 2990 357 119 quilz sont
