<?xml version="1.0" encoding="UTF-8"?>
<alto xmlns:xsi="http://www.w3.org/2001/XMLSchema-instance"
      xmlns="http://www.loc.gov/standards/alto/ns-v4#"
      xsi:schemaLocation="http://www.loc.gov/standards/alto/ns-v4# http://www.loc.gov/standards/alto/v4/alto-4-2.xsd">
  <Description>
    <MeasurementUnit>pixel</MeasurementUnit>
    <sourceImageInformation>
      <fileName>294_6ac80_default.jpg</fileName>
      <fileIdentifier>https://www.e-rara.ch/i3f/v20/4106029/full/full/0/default.jpg</fileIdentifier>
    </sourceImageInformation>
  </Description>
  <Tags>
    <OtherTag ID="BT8" LABEL="DamageZone" DESCRIPTION="block type DamageZone"/><OtherTag ID="BT10" LABEL="DropCapitalZone" DESCRIPTION="block type DropCapitalZone"/><OtherTag ID="BT11" LABEL="GraphicZone" DESCRIPTION="block type GraphicZone"/><OtherTag ID="BT12" LABEL="MainZone" DESCRIPTION="block type MainZone"/><OtherTag ID="BT13" LABEL="MarginTextZone" DESCRIPTION="block type MarginTextZone"/><OtherTag ID="BT15" LABEL="NumberingZone" DESCRIPTION="block type NumberingZone"/><OtherTag ID="BT17" LABEL="QuireMarksZone" DESCRIPTION="block type QuireMarksZone"/><OtherTag ID="BT18" LABEL="RunningTitleZone" DESCRIPTION="block type RunningTitleZone"/><OtherTag ID="BT20" LABEL="StampZone" DESCRIPTION="block type StampZone"/><OtherTag ID="BT21" LABEL="TableZone" DESCRIPTION="block type TableZone"/><OtherTag ID="BT22" LABEL="TitlePageZone" DESCRIPTION="block type TitlePageZone"/><OtherTag ID="BT132" LABEL="MarginTextZone:handwrittenAddition" DESCRIPTION="block type MarginTextZone:handwrittenAddition"/>
    <OtherTag ID="LT7" LABEL="CustomLine" DESCRIPTION="line type CustomLine"/><OtherTag ID="LT8" LABEL="DefaultLine" DESCRIPTION="line type DefaultLine"/><OtherTag ID="LT9" LABEL="DropCapitalLine" DESCRIPTION="line type DropCapitalLine"/><OtherTag ID="LT10" LABEL="HeadingLine" DESCRIPTION="line type HeadingLine"/><OtherTag ID="LT11" LABEL="InterlinearLine" DESCRIPTION="line type InterlinearLine"/><OtherTag ID="LT125" LABEL="default" DESCRIPTION="line type default"/>
  </Tags>
  <Layout>
    <Page WIDTH="2212"
          HEIGHT="3563"
          PHYSICAL_IMG_NR="294"
          ID="eSc_dummypage_">
      <PrintSpace HPOS="0"
                  VPOS="0"
                  WIDTH="2212"
                  HEIGHT="3563">
        <TextBlock HPOS="365"
                   VPOS="175"
                   WIDTH="966"
                   HEIGHT="145"
                   ID="eSc_textblock_a841b86a"
                   TAGREFS="BT18">
          <Shape><Polygon POINTS="365 187 365 308 1331 320 1331 175"/></Shape>
          <TextLine ID="eSc_line_c00164bc"
                    TAGREFS="LT10"
                    BASELINE="386 275 1320 283" 
                    HPOS="380"
                    VPOS="163"
                    WIDTH="937"
                    HEIGHT="151">
            <Shape><Polygon POINTS="618 308 639 290 698 308 710 308 710 305 725 293 939 293 972 296 1073 314 1141 296 1156 296 1218 314 1314 296 1317 282 1317 190 1293 172 1281 172 1204 195 1204 192 1177 172 1177 169 1013 169 972 207 743 207 648 163 639 163 600 178 567 195 448 195 386 175 380 296"/></Shape>
	    <String CONTENT="oeuures. Cha.x."
                    HPOS="380"
                    VPOS="163"
                    WIDTH="937"
                    HEIGHT="151"></String>
          </TextLine>
        </TextBlock>
        <TextBlock HPOS="74"
                   VPOS="316"
                   WIDTH="1467"
                   HEIGHT="2700"
                   ID="eSc_textblock_78430e54"
                   TAGREFS="BT12">
          <Shape><Polygon POINTS="76 316 92 460 74 1072 84 3016 962 2995 1002 2915 1492 2920 1537 2596 1537 2590 1508 1974 1541 1673 1500 1518 1491 991 1508 575 1288 564 1320 445 1256 380 1188 316"/></Shape>
          <TextLine ID="eSc_line_06b5a5d4"
                    TAGREFS="LT8"
                    BASELINE="100 393 1019 385" 
                    HPOS="99"
                    VPOS="306"
                    WIDTH="920"
                    HEIGHT="121">
            <Shape><Polygon POINTS="217 320 198 324 178 326 158 330 138 332 118 336 99 338 100 393 100 421 251 427 253 427 255 427 267 421 275 417 297 421 326 427 328 427 330 427 346 421 368 413 411 421 419 421 421 421 427 421 475 411 526 421 556 425 558 425 560 425 562 425 568 419 588 409 627 409 641 419 643 421 643 423 645 423 647 423 649 425 689 425 689 423 691 423 693 423 697 419 714 409 774 419 780 419 782 419 784 419 786 419 786 417 788 417 796 407 833 419 841 421 843 421 845 423 904 423 904 421 906 421 908 421 910 419 926 407 1015 417 1019 385 1015 324 869 306 867 306 865 306 863 306 849 316 800 308 798 308 796 308 756 324 754 324 752 324 645 306 643 306 641 306 639 306 609 324 607 326 447 326 445 326 407 308 405 308 336 308 334 308 332 308 299 326 295 328 293 326 275 318 273 318 271 318 227 324 221 318 217 320"/></Shape>
	    <String CONTENT="quilz sont deux en une chair."
                    HPOS="99"
                    VPOS="306"
                    WIDTH="920"
                    HEIGHT="121"
                    WC="0.9964068449776748"></String>
          </TextLine>
          <TextLine ID="eSc_line_65634bb0"
                    TAGREFS="LT10"
                    BASELINE="338 481 1297 469" 
                    HPOS="336"
                    VPOS="393"
                    WIDTH="961"
                    HEIGHT="113">
            <Shape><Polygon POINTS="338 506 976 490 1091 502 1093 502 1095 502 1097 502 1152 488 1295 500 1297 469 1293 411 1239 409 1221 393 1219 393 1217 393 1215 393 1049 395 952 415 853 415 819 397 817 397 815 397 813 397 778 413 762 399 760 399 758 399 756 399 754 399 752 399 738 413 653 417 617 401 615 401 572 401 570 401 568 401 566 401 548 415 499 401 497 401 495 401 493 401 461 415 437 403 435 403 433 403 374 405 372 405 336 419 338 481"/></Shape>
	    <String CONTENT="¶ Augustin/ au liure de la lettre"
                    HPOS="336"
                    VPOS="393"
                    WIDTH="961"
                    HEIGHT="113"
                    WC="0.9867520368460453"></String>
          </TextLine>
          <TextLine ID="eSc_line_5ec461a0"
                    TAGREFS="LT10"
                    BASELINE="556 558 928 554" 
                    HPOS="554"
                    VPOS="481"
                    WIDTH="374"
                    HEIGHT="102">
            <Shape><Polygon POINTS="556 579 802 583 804 583 853 574 857 574 859 574 889 583 891 583 893 583 895 583 928 572 928 554 924 490 740 481 738 481 554 492 556 558"/></Shape>
	    <String CONTENT="⁊ de lesprit."
                    HPOS="554"
                    VPOS="481"
                    WIDTH="374"
                    HEIGHT="102"
                    WC="0.9921843959734991"></String>
          </TextLine>
          <TextLine ID="eSc_line_636a1307"
                    TAGREFS="LT8"
                    BASELINE="122 647 1497 635" 
                    HPOS="120"
                    VPOS="558"
                    WIDTH="1377"
                    HEIGHT="113">
            <Shape><Polygon POINTS="1467 579 1447 574 1427 568 1409 562 1374 558 1372 558 1305 570 1273 558 1271 558 1269 558 1144 572 1083 560 1081 560 1079 560 1077 560 1063 572 982 562 980 562 978 562 938 574 833 564 831 564 829 564 804 576 796 576 659 566 657 566 655 566 653 566 639 577 586 577 516 577 487 566 485 566 483 566 481 566 431 577 405 566 403 566 402 566 316 579 312 579 310 579 271 568 269 568 156 568 154 568 152 568 120 577 122 647 122 671 1497 659 1497 635 1481 583 1467 579"/></Shape>
	    <String CONTENT="¶ Ung chascun cõgnoit par la loy de la foy:"
                    HPOS="120"
                    VPOS="558"
                    WIDTH="1377"
                    HEIGHT="113"></String>
          </TextLine>
          <TextLine ID="eSc_line_6eac826e"
                    TAGREFS="LT8"
                    BASELINE="116 724 1495 716" 
                    HPOS="114"
                    VPOS="647"
                    WIDTH="1381"
                    HEIGHT="109">
            <Shape><Polygon POINTS="116 724 116 752 164 756 166 756 168 756 176 752 198 742 219 752 227 756 229 756 231 756 275 752 368 742 475 750 528 754 530 754 590 750 659 744 673 748 687 754 689 754 691 754 693 754 695 754 701 748 706 742 730 748 744 752 746 752 748 752 750 752 752 752 756 748 770 740 800 748 815 752 817 752 819 752 821 752 823 752 827 748 837 740 897 748 938 752 940 752 942 752 944 752 944 750 948 746 958 738 988 746 1005 752 1007 752 1009 752 1011 752 1027 746 1049 738 1097 738 1108 746 1114 752 1116 752 1118 752 1120 752 1160 746 1215 736 1261 736 1275 744 1281 750 1283 750 1285 750 1287 752 1350 752 1350 750 1352 750 1354 750 1362 744 1372 736 1402 744 1425 750 1427 750 1429 750 1495 742 1495 716 1493 663 1465 651 1463 651 1461 651 1334 663 1332 663 1301 651 1299 651 1297 651 1295 651 1271 663 1162 647 1160 647 1073 659 1047 649 1045 649 889 649 887 649 885 649 883 649 857 667 851 667 802 667 766 667 471 657 469 657 405 669 402 669 400 669 378 657 376 657 374 657 314 665 243 653 241 653 239 653 201 669 160 655 158 655 156 655 154 655 114 669 116 724"/></Shape>
	    <String CONTENT="que sil uit bien en aucune chose/ qͥl la par la"
                    HPOS="114"
                    VPOS="647"
                    WIDTH="1381"
                    HEIGHT="109"
                    WC="0.9997612631067316"></String>
          </TextLine>
          <TextLine ID="eSc_line_26407ac5"
                    TAGREFS="LT8"
                    BASELINE="112 807 1487 799" 
                    HPOS="110"
                    VPOS="732"
                    WIDTH="1377"
                    HEIGHT="105">
            <Shape><Polygon POINTS="112 807 112 837 495 821 524 831 536 835 538 835 540 837 629 837 629 835 631 835 645 829 665 821 748 827 796 831 798 831 821 827 857 819 877 825 893 831 895 831 897 831 899 831 912 825 928 819 1023 819 1057 823 1136 833 1138 833 1140 833 1142 833 1142 831 1154 821 1158 817 1206 817 1255 819 1441 831 1443 831 1445 831 1487 815 1487 799 1479 732 1451 744 1267 734 1237 734 1235 734 1219 736 1158 744 1148 736 1146 734 1144 734 1142 734 1140 734 1138 734 1130 736 1108 746 958 740 881 736 879 736 877 736 861 740 841 746 726 742 592 738 590 738 588 738 574 744 566 748 516 746 429 740 427 740 425 740 423 740 417 746 411 750 372 748 277 740 275 740 219 750 213 750 201 740 200 740 198 740 196 740 110 750 112 807"/></Shape>
	    <String CONTENT="grace de dieu: ⁊ qͥl ne doibt auoir dautre part"
                    HPOS="110"
                    VPOS="732"
                    WIDTH="1377"
                    HEIGHT="105"
                    WC="0.9966816927524323"></String>
          </TextLine>
          <TextLine ID="eSc_line_a829668b"
                    TAGREFS="LT8"
                    BASELINE="104 894 1479 880" 
                    HPOS="102"
                    VPOS="811"
                    WIDTH="1377"
                    HEIGHT="113">
            <Shape><Polygon POINTS="104 894 104 920 247 912 265 920 275 924 277 924 279 924 281 924 291 920 314 910 402 910 449 918 469 922 471 922 473 922 475 922 479 918 497 908 645 918 689 920 691 920 730 918 889 904 936 916 938 916 940 916 942 916 948 916 1031 906 1071 916 1075 916 1077 916 1079 916 1081 916 1083 916 1097 904 1132 914 1134 914 1136 914 1190 902 1207 914 1209 914 1211 914 1213 914 1215 914 1275 902 1475 912 1479 880 1473 827 1366 827 1364 827 1324 811 1322 811 1320 811 1229 813 1227 813 1178 829 1176 829 1172 829 1083 813 1081 813 1079 813 1027 831 1023 833 922 833 920 831 895 817 893 817 891 817 889 817 831 833 827 833 804 817 802 817 800 817 712 817 710 817 708 817 653 835 649 835 639 835 514 819 512 819 510 819 508 819 487 833 394 821 392 821 390 821 360 835 299 821 297 821 295 821 293 821 293 823 277 837 102 839 104 894"/></Shape>
	    <String CONTENT="sinon de luy/ la puissãce de parfaire sa uie en"
                    HPOS="102"
                    VPOS="811"
                    WIDTH="1377"
                    HEIGHT="113"
                    WC="0.9978965719540914"></String>
          </TextLine>
          <TextLine ID="eSc_line_0cf83eb0"
                    TAGREFS="LT8"
                    BASELINE="93 973 1485 963" 
                    HPOS="91"
                    VPOS="896"
                    WIDTH="1394"
                    HEIGHT="109">
            <Shape><Polygon POINTS="93 973 93 993 368 1005 370 1005 372 1005 423 991 429 991 441 991 560 1003 562 1003 637 991 817 1001 819 1001 821 1001 823 1001 837 989 893 989 918 1001 920 1001 922 1001 924 1001 926 1001 944 989 1101 999 1103 999 1105 999 1140 987 1204 999 1206 999 1483 983 1485 963 1481 908 1275 896 1273 896 1225 906 1206 896 1204 896 1202 896 1200 896 1148 908 1089 898 1087 898 1085 898 1083 898 1063 910 1055 910 926 898 924 898 922 898 881 912 877 912 855 912 687 902 685 902 605 914 596 914 592 914 552 902 550 902 548 902 546 902 544 902 532 914 530 914 528 914 477 904 475 904 473 904 471 904 459 914 457 914 455 914 364 904 362 904 360 904 328 916 324 916 322 916 289 904 287 904 174 904 172 904 91 916 93 973"/></Shape>
	    <String CONTENT="dilection de iustice. Laquelle pensee faict lhõ¬"
                    HPOS="91"
                    VPOS="896"
                    WIDTH="1394"
                    HEIGHT="109"></String>
          </TextLine>
          <TextLine ID="eSc_line_48c5f43a"
                    TAGREFS="LT8"
                    BASELINE="87 1059 1485 1051" 
                    HPOS="83"
                    VPOS="973"
                    WIDTH="1400"
                    HEIGHT="116">
            <Shape><Polygon POINTS="86 1057 86 1074 547 1089 550 1089 677 1074 993 1086 995 1086 998 1086 1001 1086 1028 1071 1430 1083 1433 1083 1436 1083 1483 1065 1483 1048 1477 988 1242 973 1239 973 1094 988 1091 988 1052 973 1049 973 1046 973 1043 973 1010 991 1004 991 948 991 597 976 594 976 591 976 535 994 529 994 523 994 490 979 487 979 484 979 398 994 386 994 371 994 231 979 228 979 225 979 222 979 222 982 208 994 208 997 83 997 86 1057"/></Shape>
	    <String CONTENT="me fidele. Car pitie est la uraye sapiẽce. * La¬"
                    HPOS="83"
                    VPOS="973"
                    WIDTH="1400"
                    HEIGHT="116"></String>
          </TextLine>
          <TextLine ID="eSc_line_66a0f3b0"
                    TAGREFS="LT8"
                    BASELINE="91 1140 1477 1132" 
                    HPOS="86"
                    VPOS="1057"
                    WIDTH="1388"
                    HEIGHT="106">
            <Shape><Polygon POINTS="89 1137 89 1163 1471 1157 1474 1131 1468 1057 826 1057 823 1057 820 1057 793 1065 773 1071 594 1068 124 1059 121 1059 118 1059 86 1071 89 1137"/></Shape>
	    <String CONTENT="quelle pitie/ les grecz appellent Theosebiam/"
                    HPOS="86"
                    VPOS="1057"
                    WIDTH="1388"
                    HEIGHT="106"
                    WC="0.993286685148875"></String>
          </TextLine>
          <TextLine ID="eSc_line_dac7b539"
                    TAGREFS="LT8"
                    BASELINE="85 1225 1481 1217" 
                    HPOS="80"
                    VPOS="1152"
                    WIDTH="1400"
                    HEIGHT="103">
            <Shape><Polygon POINTS="83 1223 83 1255 1477 1241 1480 1214 1471 1152 80 1157 83 1223"/></Shape>
	    <String CONTENT="cest adire/ ueneration de dieu. Icelle ueritable¬"
                    HPOS="80"
                    VPOS="1152"
                    WIDTH="1400"
                    HEIGHT="103"
                    WC="0.9959880235243816"></String>
          </TextLine>
          <TextLine ID="eSc_line_486317b3"
                    TAGREFS="LT8"
                    BASELINE="87 1308 1388 1300 1473 1302" 
                    HPOS="83"
                    VPOS="1223"
                    WIDTH="1388"
                    HEIGHT="116">
            <Shape><Polygon POINTS="86 1306 86 1339 1468 1333 1471 1300 1465 1223 83 1241 86 1306"/></Shape>
	    <String CONTENT="ment est louee quãt il est dit a lhõme ce qui est"
                    HPOS="83"
                    VPOS="1223"
                    WIDTH="1388"
                    HEIGHT="116"
                    WC="0.9922142881973117"></String>
          </TextLine>
          <TextLine ID="eSc_line_46ab807c"
                    TAGREFS="LT8"
                    BASELINE="85 1393 1487 1381" 
                    HPOS="83"
                    VPOS="1314"
                    WIDTH="1404"
                    HEIGHT="109">
            <Shape><Polygon POINTS="85 1393 85 1411 132 1423 134 1423 332 1409 356 1409 382 1409 609 1419 611 1419 699 1407 701 1407 730 1419 732 1419 734 1419 809 1405 817 1405 831 1405 952 1417 954 1417 1188 1403 1194 1403 1196 1403 1249 1415 1251 1415 1485 1399 1487 1381 1483 1330 1378 1330 1376 1328 1362 1318 1360 1318 1358 1318 1356 1318 1299 1328 1297 1328 1295 1328 1263 1314 1261 1314 1259 1314 1257 1314 1221 1328 1215 1330 1213 1328 1198 1314 1196 1314 1194 1314 1132 1314 1130 1314 1128 1314 1105 1328 1099 1330 1061 1328 934 1316 932 1316 930 1316 906 1326 895 1332 869 1326 845 1322 843 1322 841 1322 823 1326 800 1332 770 1326 728 1318 726 1318 724 1318 722 1318 712 1326 701 1334 647 1326 596 1318 594 1318 592 1318 590 1318 582 1326 572 1334 554 1326 544 1320 542 1320 540 1320 497 1324 405 1336 392 1324 388 1322 388 1320 386 1320 384 1320 340 1320 338 1320 336 1320 328 1324 301 1338 231 1324 219 1322 217 1322 215 1322 211 1324 182 1338 158 1324 158 1322 156 1322 154 1322 152 1322 83 1322 85 1393"/></Shape>
	    <String CONTENT="leut au liure de Iob. Uoicy pitie est la sapien¬"
                    HPOS="83"
                    VPOS="1314"
                    WIDTH="1404"
                    HEIGHT="109"
                    WC="0.9991948381066322"></String>
          </TextLine>
          <TextLine ID="eSc_line_95b94052"
                    TAGREFS="LT8"
                    BASELINE="87 1476 1491 1466" 
                    HPOS="85"
                    VPOS="1397"
                    WIDTH="1406"
                    HEIGHT="101">
            <Shape><Polygon POINTS="87 1476 87 1498 1489 1486 1491 1466 1485 1405 1435 1409 1421 1405 1398 1397 1396 1397 1394 1397 1392 1397 1390 1397 1376 1405 1368 1411 1289 1411 1269 1407 1209 1397 1207 1397 1146 1407 1126 1411 1108 1409 1061 1399 1059 1399 1057 1399 1055 1399 1039 1409 1035 1411 1023 1409 970 1399 968 1399 966 1399 934 1411 924 1415 809 1415 798 1411 736 1401 734 1401 732 1401 708 1413 706 1413 701 1413 617 1403 615 1403 613 1403 611 1403 598 1415 596 1415 590 1415 532 1403 530 1403 528 1403 526 1403 512 1415 512 1417 443 1417 443 1415 392 1403 390 1403 388 1403 386 1403 358 1417 356 1419 301 1419 297 1417 180 1405 178 1405 85 1419 87 1476"/></Shape>
	    <String CONTENT="ce. Si on uouloit interpreter uulgairement ce"
                    HPOS="85"
                    VPOS="1397"
                    WIDTH="1406"
                    HEIGHT="101"
                    WC="0.996981336010827"></String>
          </TextLine>
          <TextLine ID="eSc_line_c6f0826a"
                    TAGREFS="LT8"
                    BASELINE="89 1557 1491 1549" 
                    HPOS="87"
                    VPOS="1484"
                    WIDTH="1404"
                    HEIGHT="107">
            <Shape><Polygon POINTS="89 1557 91 1589 136 1575 201 1587 211 1589 213 1589 215 1589 217 1589 219 1587 239 1575 289 1587 302 1589 304 1591 437 1591 437 1589 439 1589 451 1585 475 1573 522 1583 544 1587 546 1587 605 1581 693 1573 722 1579 750 1587 752 1587 754 1587 756 1587 758 1587 758 1585 766 1579 774 1573 809 1579 857 1585 859 1585 861 1585 863 1585 873 1577 881 1571 910 1577 950 1585 952 1587 1138 1587 1138 1585 1194 1573 1211 1569 1239 1571 1336 1583 1338 1583 1489 1567 1491 1549 1487 1486 556 1484 554 1484 479 1494 471 1494 469 1494 441 1484 439 1484 437 1484 87 1496 89 1557"/></Shape>
	    <String CONTENT="mot icy Theosebia selon la signification du"
                    HPOS="87"
                    VPOS="1484"
                    WIDTH="1404"
                    HEIGHT="107"
                    WC="0.9895159657611403"></String>
          </TextLine>
          <TextLine ID="eSc_line_3340eac4"
                    TAGREFS="LT8"
                    BASELINE="93 1642 1507 1633" 
                    HPOS="91"
                    VPOS="1563"
                    WIDTH="1416"
                    HEIGHT="105">
            <Shape><Polygon POINTS="93 1642 93 1656 198 1668 200 1668 293 1658 479 1666 481 1666 483 1666 485 1666 495 1656 512 1666 514 1666 516 1666 1004 1662 1051 1652 1219 1662 1221 1662 1223 1662 1273 1650 1394 1660 1396 1660 1507 1646 1507 1633 1503 1581 1413 1581 1394 1563 1392 1563 1390 1563 1388 1563 1386 1563 1352 1581 1279 1581 1237 1565 1235 1565 1233 1565 1231 1565 1229 1565 1209 1581 1206 1581 669 1567 667 1567 665 1567 663 1567 663 1569 643 1585 639 1585 457 1569 455 1569 453 1569 451 1569 427 1585 186 1571 184 1571 182 1571 150 1587 126 1575 124 1575 122 1575 120 1575 91 1587 93 1642"/></Shape>
	    <String CONTENT="mot: il peult signifier/ la ueneration de dieu:"
                    HPOS="91"
                    VPOS="1563"
                    WIDTH="1416"
                    HEIGHT="105"
                    WC="0.9984086003709347"></String>
          </TextLine>
          <TextLine ID="eSc_line_0f7be669"
                    TAGREFS="LT8"
                    BASELINE="97 1724 1520 1710" 
                    HPOS="95"
                    VPOS="1652"
                    WIDTH="1425"
                    HEIGHT="99">
            <Shape><Polygon POINTS="97 1724 97 1741 229 1751 231 1751 287 1741 301 1739 334 1741 453 1749 455 1749 497 1739 510 1737 536 1739 602 1747 603 1747 605 1747 607 1747 615 1739 619 1735 726 1735 748 1739 788 1745 790 1747 908 1747 908 1745 910 1745 912 1745 922 1737 930 1733 950 1737 978 1743 980 1745 1112 1745 1112 1743 1114 1743 1128 1737 1140 1732 1251 1732 1259 1735 1267 1741 1269 1741 1271 1741 1273 1741 1275 1741 1295 1735 1318 1730 1518 1733 1520 1710 1514 1652 95 1664 97 1724"/></Shape>
	    <String CONTENT="laquelle principallemẽt est constitue en ce que"
                    HPOS="95"
                    VPOS="1652"
                    WIDTH="1425"
                    HEIGHT="99"></String>
          </TextLine>
          <TextLine ID="eSc_line_2c6e741e"
                    TAGREFS="LT8"
                    BASELINE="100 1805 1512 1791" 
                    HPOS="99"
                    VPOS="1726"
                    WIDTH="1413"
                    HEIGHT="114">
            <Shape><Polygon POINTS="100 1805 102 1840 142 1827 176 1834 178 1834 180 1834 372 1825 409 1836 411 1836 413 1836 415 1836 417 1836 419 1836 451 1825 483 1834 487 1836 489 1836 491 1836 504 1834 574 1823 651 1832 671 1834 673 1834 687 1832 738 1821 807 1830 829 1832 831 1832 859 1829 940 1819 1017 1827 1055 1830 1057 1830 1099 1827 1156 1819 1180 1825 1194 1829 1196 1829 1198 1829 1200 1829 1213 1825 1239 1817 1263 1823 1275 1827 1277 1827 1279 1827 1510 1819 1512 1791 1510 1739 1471 1726 1469 1726 1467 1726 1465 1726 1427 1735 1417 1726 1415 1726 1413 1726 1318 1726 1316 1726 1314 1726 1312 1726 1312 1728 1297 1741 1144 1741 1110 1728 1108 1728 1106 1728 990 1741 859 1732 857 1732 855 1732 853 1732 839 1743 778 1732 776 1732 701 1747 641 1747 623 1733 621 1733 619 1733 617 1733 615 1733 576 1745 536 1733 534 1733 532 1733 530 1733 499 1747 396 1735 394 1735 295 1749 118 1737 116 1737 114 1737 112 1737 99 1747 100 1805"/></Shape>
	    <String CONTENT="lame ne luy soit pas ingrate: dequoy aussi sõ¬"
                    HPOS="99"
                    VPOS="1726"
                    WIDTH="1413"
                    HEIGHT="114"
                    WC="0.9966478766279018"></String>
          </TextLine>
          <TextLine ID="eSc_line_e9fd29c1"
                    TAGREFS="LT8"
                    BASELINE="99 1892 1491 1876" 
                    HPOS="97"
                    VPOS="1809"
                    WIDTH="1394"
                    HEIGHT="111">
            <Shape><Polygon POINTS="99 1892 99 1908 231 1920 233 1920 235 1920 237 1920 251 1908 287 1916 289 1916 291 1916 293 1916 302 1906 304 1906 332 1906 603 1916 605 1916 607 1916 609 1916 625 1904 744 1914 746 1914 802 1900 809 1900 817 1900 881 1912 883 1912 1093 1900 1122 1910 1124 1910 1126 1910 1128 1910 1130 1910 1130 1908 1142 1896 1144 1896 1160 1896 1301 1908 1303 1908 1305 1908 1307 1908 1307 1906 1318 1896 1388 1906 1390 1906 1489 1892 1491 1876 1487 1823 1390 1809 1388 1809 1386 1809 1360 1821 1271 1811 1269 1811 1160 1823 1138 1825 1095 1823 944 1817 942 1817 887 1825 867 1827 861 1825 843 1815 841 1815 839 1815 780 1825 756 1829 736 1825 699 1817 697 1817 647 1825 617 1830 602 1825 584 1819 582 1819 580 1819 546 1827 522 1830 501 1827 465 1819 463 1819 429 1827 402 1832 380 1827 362 1821 360 1821 287 1821 285 1821 283 1821 281 1821 281 1823 275 1827 265 1834 97 1829 99 1892"/></Shape>
	    <String CONTENT="mes admõnestez de rendre graces a nostre sei¬"
                    HPOS="97"
                    VPOS="1809"
                    WIDTH="1394"
                    HEIGHT="111"></String>
          </TextLine>
          <TextLine ID="eSc_line_4898bea1"
                    TAGREFS="LT8"
                    BASELINE="95 1973 1485 1963" 
                    HPOS="93"
                    VPOS="1894"
                    WIDTH="1392"
                    HEIGHT="113">
            <Shape><Polygon POINTS="95 1973 95 2007 176 1993 328 2003 356 2005 358 2005 360 2005 362 2005 362 2003 364 2003 376 1991 443 2001 457 2003 459 2003 461 2003 467 2001 499 1991 536 2001 540 2001 542 2001 544 2001 564 1999 667 1989 764 1997 809 1999 811 1999 845 1995 891 1989 946 1993 1023 1999 1025 1999 1027 1999 1043 1991 1049 1989 1063 1991 1112 1999 1114 1999 1116 1999 1118 1999 1132 1989 1136 1987 1146 1989 1176 1997 1178 1997 1180 1997 1182 1997 1200 1989 1207 1985 1269 1985 1273 1987 1283 1997 1285 1997 1287 1997 1289 1997 1392 1987 1431 1997 1433 1997 1435 1997 1437 1997 1485 1983 1485 1963 1481 1894 1392 1894 1390 1894 1388 1894 1386 1894 1358 1908 1326 1896 1320 1894 1318 1894 1316 1894 1301 1896 1239 1908 1144 1898 1106 1896 1105 1896 1103 1896 1089 1900 1057 1910 1033 1900 1021 1896 1019 1896 1017 1896 1015 1896 1004 1902 984 1910 926 1902 885 1898 883 1898 815 1904 778 1908 768 1906 746 1898 744 1898 742 1898 740 1898 722 1906 712 1910 704 1906 683 1898 681 1898 679 1898 677 1898 659 1908 647 1914 637 1908 633 1904 631 1904 629 1904 627 1904 605 1908 582 1914 576 1908 566 1900 564 1900 562 1900 560 1900 558 1900 532 1910 520 1914 510 1910 493 1904 491 1904 489 1904 487 1904 485 1904 477 1910 471 1914 405 1914 403 1912 372 1900 370 1900 368 1900 366 1900 364 1900 364 1902 350 1912 346 1918 170 1918 170 1916 142 1902 140 1902 138 1902 136 1902 93 1916 95 1973"/></Shape>
	    <String CONTENT="gneur/ pource tres ueritable ⁊ singulier sacrifi"
                    HPOS="93"
                    VPOS="1894"
                    WIDTH="1392"
                    HEIGHT="113"
                    WC="0.9959799299637476"></String>
          </TextLine>
          <TextLine ID="eSc_line_13f666ac"
                    TAGREFS="LT8"
                    BASELINE="87 2056 1487 2046" 
                    HPOS="85"
                    VPOS="1979"
                    WIDTH="1402"
                    HEIGHT="105">
            <Shape><Polygon POINTS="87 2056 87 2074 582 2084 584 2084 659 2070 667 2070 671 2070 695 2082 697 2082 699 2084 821 2084 821 2082 823 2082 825 2082 837 2072 912 2082 914 2082 916 2082 918 2082 934 2068 936 2068 946 2068 1035 2080 1037 2080 1095 2068 1099 2066 1487 2064 1487 2046 1481 1979 1421 1993 1356 1993 1342 1981 1342 1979 1340 1979 1338 1979 1336 1979 1314 1981 1225 1991 1211 1983 1207 1979 1206 1979 1204 1979 1202 1979 1200 1979 1190 1983 1166 1993 1132 1983 1122 1981 1120 1981 1118 1981 1116 1981 1103 1985 1069 1993 1047 1985 1035 1981 1033 1981 1031 1981 1029 1981 1019 1985 1004 1993 908 1987 839 1983 837 1983 835 1983 833 1983 827 1989 817 1997 574 1997 564 1993 554 1985 552 1985 550 1985 394 1985 392 1985 390 1985 366 1995 358 1999 318 1997 203 1987 201 1987 200 1987 178 1999 174 2001 85 2001 87 2056"/></Shape>
	    <String CONTENT="ce. Car cestuy sera ingrat/ si ce quil a de dieu il"
                    HPOS="85"
                    VPOS="1979"
                    WIDTH="1402"
                    HEIGHT="105"
                    WC="0.9841473558369804"></String>
          </TextLine>
          <TextLine ID="eSc_line_a969c975"
                    TAGREFS="LT8"
                    BASELINE="91 2141 1485 2129" 
                    HPOS="89"
                    VPOS="2060"
                    WIDTH="1396"
                    HEIGHT="111">
            <Shape><Polygon POINTS="91 2141 93 2171 128 2159 504 2167 550 2167 552 2167 554 2167 556 2167 578 2155 639 2165 643 2165 645 2165 958 2163 960 2163 964 2161 990 2153 1009 2161 1015 2163 1017 2163 1019 2163 1021 2163 1027 2161 1051 2151 1105 2161 1114 2161 1116 2161 1138 2159 1261 2149 1481 2155 1485 2129 1481 2070 1328 2060 1326 2060 1265 2070 1241 2074 1225 2070 1202 2064 1200 2064 1198 2064 1158 2070 1138 2074 1130 2072 1112 2062 1110 2062 1108 2062 1106 2062 1073 2072 1061 2074 1047 2072 1007 2064 1005 2064 1004 2064 988 2072 980 2076 960 2072 922 2064 920 2064 918 2064 916 2064 906 2072 899 2078 782 2080 701 2080 695 2074 687 2066 685 2066 683 2066 681 2066 679 2066 657 2074 643 2078 623 2074 588 2066 586 2066 584 2066 582 2066 572 2074 568 2078 560 2074 544 2068 542 2068 540 2068 473 2074 421 2080 396 2076 370 2070 368 2070 366 2070 364 2070 356 2076 350 2080 340 2076 328 2070 326 2070 324 2070 89 2076 91 2141"/></Shape>
	    <String CONTENT="lattribue a soymesme/ ⁊ principalement la iu"
                    HPOS="89"
                    VPOS="2060"
                    WIDTH="1396"
                    HEIGHT="111"
                    WC="0.9903022633357481"></String>
          </TextLine>
          <TextLine ID="eSc_line_52b76d6a"
                    TAGREFS="LT8"
                    BASELINE="95 2224 1485 2209" 
                    HPOS="93"
                    VPOS="2145"
                    WIDTH="1392"
                    HEIGHT="113">
            <Shape><Polygon POINTS="95 2224 97 2258 142 2242 308 2252 310 2252 312 2252 336 2240 388 2250 390 2250 457 2238 514 2248 534 2252 536 2252 538 2252 548 2248 570 2240 594 2246 611 2252 613 2252 615 2252 617 2252 635 2246 665 2236 730 2244 786 2250 788 2250 790 2250 813 2242 825 2238 829 2242 837 2248 839 2248 841 2248 843 2248 845 2248 869 2240 881 2238 916 2240 1025 2246 1027 2246 1029 2246 1065 2236 1079 2232 1089 2236 1114 2246 1116 2246 1118 2246 1120 2246 1122 2246 1122 2244 1134 2234 1140 2230 1213 2230 1215 2232 1231 2244 1233 2244 1235 2244 1237 2244 1239 2244 1287 2232 1305 2244 1307 2244 1308 2244 1310 2244 1382 2242 1384 2242 1386 2242 1400 2230 1443 2242 1445 2242 1447 2242 1449 2242 1485 2226 1485 2209 1481 2153 1344 2149 1342 2149 1340 2149 1324 2153 1303 2159 1281 2153 1249 2145 1247 2145 1245 2145 1243 2145 1221 2153 1207 2161 1087 2161 1033 2155 962 2147 960 2147 958 2147 956 2147 946 2155 936 2163 904 2157 877 2151 875 2151 873 2151 857 2157 837 2163 815 2157 790 2149 788 2149 786 2149 784 2149 754 2157 732 2163 714 2157 695 2151 693 2151 691 2151 689 2151 687 2151 679 2157 669 2165 643 2159 617 2151 615 2151 613 2151 611 2151 609 2151 598 2159 582 2169 439 2169 336 2161 273 2155 271 2155 269 2155 267 2155 261 2161 247 2171 200 2161 174 2157 172 2157 93 2161 95 2224"/></Shape>
	    <String CONTENT="stice/ cõme acquise de soymesme ⁊ de ses pro¬"
                    HPOS="93"
                    VPOS="2145"
                    WIDTH="1392"
                    HEIGHT="113"
                    WC="0.9960422645444456"></String>
          </TextLine>
          <TextLine ID="eSc_line_517c1454"
                    TAGREFS="LT8"
                    BASELINE="100 2310 1489 2296" 
                    HPOS="99"
                    VPOS="2228"
                    WIDTH="1390"
                    HEIGHT="113">
            <Shape><Polygon POINTS="100 2310 102 2341 138 2331 188 2337 190 2337 192 2337 194 2337 207 2323 338 2323 366 2335 370 2337 372 2337 374 2337 376 2337 380 2335 409 2323 465 2323 483 2333 485 2335 487 2335 489 2335 491 2335 522 2333 641 2321 736 2329 807 2333 809 2333 811 2333 833 2325 855 2317 988 2317 1083 2321 1275 2329 1277 2329 1279 2329 1281 2329 1301 2315 1305 2313 1310 2315 1338 2327 1340 2327 1342 2327 1487 2311 1489 2296 1485 2244 1334 2244 1291 2228 1289 2228 1287 2228 1285 2228 1235 2242 1106 2230 1105 2230 1103 2230 1069 2246 1067 2246 1059 2246 893 2232 891 2232 889 2232 827 2248 823 2248 815 2248 695 2234 693 2234 691 2234 655 2248 651 2250 637 2250 516 2236 514 2236 512 2236 510 2236 495 2250 493 2252 491 2250 479 2242 477 2242 475 2242 473 2242 403 2250 390 2252 388 2250 374 2242 372 2242 370 2242 368 2242 314 2252 295 2254 99 2254 100 2310"/></Shape>
	    <String CONTENT="pres oeuures. Par lequel uice aussi grãs per¬"
                    HPOS="99"
                    VPOS="2228"
                    WIDTH="1390"
                    HEIGHT="113"
                    WC="0.9923180652701337"></String>
          </TextLine>
          <TextLine ID="eSc_line_5ec90682"
                    TAGREFS="LT8"
                    BASELINE="102 2391 1489 2379" 
                    HPOS="100"
                    VPOS="2317"
                    WIDTH="1389"
                    HEIGHT="103">
            <Shape><Polygon POINTS="102 2391 104 2420 138 2408 312 2408 326 2416 326 2418 328 2418 330 2418 332 2418 348 2416 415 2407 637 2412 760 2414 762 2414 764 2414 782 2408 804 2403 817 2408 825 2412 827 2412 829 2414 980 2414 980 2412 1487 2397 1489 2379 1483 2317 100 2327 102 2391"/></Shape>
	    <String CONTENT="sonnaiges ont este destournez de la stabilite de"
                    HPOS="100"
                    VPOS="2317"
                    WIDTH="1389"
                    HEIGHT="103"
                    WC="0.997931061933438"></String>
          </TextLine>
          <TextLine ID="eSc_line_126462c7"
                    TAGREFS="LT8"
                    BASELINE="93 2474 1505 2460" 
                    HPOS="91"
                    VPOS="2391"
                    WIDTH="1414"
                    HEIGHT="101">
            <Shape><Polygon POINTS="93 2474 93 2492 1097 2492 1097 2490 1099 2490 1105 2488 1126 2480 1265 2488 1287 2488 1289 2488 1291 2488 1293 2488 1308 2478 1503 2486 1505 2460 1501 2405 1376 2391 1374 2391 1372 2391 1370 2391 1356 2405 1336 2405 1299 2405 1237 2405 1150 2405 1128 2393 1126 2393 1124 2393 1122 2393 1099 2405 1095 2407 1071 2405 938 2395 936 2395 887 2407 873 2408 849 2407 764 2397 762 2397 712 2407 693 2412 643 2412 639 2407 629 2399 627 2399 625 2399 623 2399 621 2399 603 2407 600 2408 582 2407 495 2399 493 2399 425 2408 392 2412 360 2408 318 2403 316 2403 314 2403 302 2408 289 2416 225 2416 213 2408 203 2403 201 2403 200 2403 198 2403 91 2408 93 2474"/></Shape>
	    <String CONTENT="la diuine substance/ ⁊ se sont abandõnez a lin¬"
                    HPOS="91"
                    VPOS="2391"
                    WIDTH="1414"
                    HEIGHT="101"></String>
          </TextLine>
          <TextLine ID="eSc_line_354f6592"
                    TAGREFS="LT8"
                    BASELINE="100 2557 1514 2537" 
                    HPOS="99"
                    VPOS="2466"
                    WIDTH="1415"
                    HEIGHT="121">
            <Shape><Polygon POINTS="100 2557 100 2587 247 2573 271 2583 273 2583 275 2583 293 2583 805 2565 825 2571 843 2575 845 2575 847 2575 930 2567 988 2563 1019 2565 1087 2573 1089 2573 1221 2561 1249 2559 1265 2559 1370 2569 1372 2569 1374 2569 1376 2569 1390 2557 1471 2567 1473 2567 1475 2567 1514 2553 1514 2537 1510 2480 1407 2480 1378 2466 1376 2466 1374 2466 1372 2466 1336 2480 1334 2480 1328 2480 1275 2472 1273 2472 1271 2472 1241 2480 1231 2482 1180 2480 994 2472 992 2472 990 2472 956 2482 938 2486 887 2482 823 2476 821 2476 720 2482 602 2490 584 2482 570 2478 568 2478 566 2478 564 2478 550 2484 524 2492 481 2484 459 2480 457 2480 455 2480 453 2480 449 2484 439 2492 368 2484 346 2482 344 2482 342 2482 340 2482 338 2484 324 2494 219 2486 217 2486 164 2496 148 2484 146 2484 144 2484 142 2484 99 2484 100 2557"/></Shape>
	    <String CONTENT="famete de ydolatrie. Cest celle sapiẽce qͥ est ap¬"
                    HPOS="99"
                    VPOS="2466"
                    WIDTH="1415"
                    HEIGHT="121"
                    WC="0.9951520784228456"></String>
          </TextLine>
          <TextLine ID="eSc_line_6e6d927b"
                    TAGREFS="LT8"
                    BASELINE="100 2642 1516 2620" 
                    HPOS="99"
                    VPOS="2555"
                    WIDTH="1417"
                    HEIGHT="113">
            <Shape><Polygon POINTS="100 2642 100 2666 283 2658 314 2662 348 2668 350 2668 352 2668 370 2662 388 2656 427 2660 477 2666 479 2666 481 2666 510 2658 530 2654 590 2658 679 2662 681 2662 724 2654 752 2650 805 2652 897 2658 899 2658 901 2658 920 2650 928 2646 1140 2644 1162 2646 1243 2654 1245 2654 1247 2654 1249 2654 1267 2644 1269 2642 1279 2644 1332 2652 1334 2652 1336 2652 1380 2640 1388 2640 1400 2640 1491 2650 1493 2650 1495 2650 1516 2638 1516 2620 1510 2561 1194 2567 1186 2565 1144 2555 1142 2555 1140 2555 1138 2555 1136 2555 1136 2557 1124 2567 1120 2571 1065 2571 1059 2569 1000 2555 998 2555 859 2573 845 2573 839 2573 784 2559 782 2559 780 2559 744 2575 740 2575 726 2575 605 2563 603 2563 602 2563 600 2563 584 2575 524 2567 522 2567 461 2579 457 2579 455 2579 356 2565 354 2565 352 2565 318 2581 229 2567 227 2567 99 2585 100 2642"/></Shape>
	    <String CONTENT="pellee pitie par laquelle est adore le pere des lu"
                    HPOS="99"
                    VPOS="2555"
                    WIDTH="1417"
                    HEIGHT="113"
                    WC="0.9987822937965393"></String>
          </TextLine>
          <TextLine ID="eSc_line_ce3c9f67"
                    TAGREFS="LT8"
                    BASELINE="91 2723 1508 2705" 
                    HPOS="89"
                    VPOS="2636"
                    WIDTH="1419"
                    HEIGHT="113">
            <Shape><Polygon POINTS="91 2723 91 2749 1507 2725 1508 2705 1505 2648 1342 2636 1340 2636 1338 2636 1285 2650 1281 2650 1275 2650 1186 2638 1184 2638 1182 2638 1136 2652 1132 2652 1120 2652 1000 2642 998 2642 996 2642 964 2654 962 2654 960 2654 901 2642 899 2642 897 2642 857 2656 853 2656 849 2656 805 2644 804 2644 802 2644 800 2644 768 2656 766 2656 712 2646 710 2646 708 2646 667 2658 665 2658 661 2658 621 2646 619 2646 617 2646 615 2646 588 2658 554 2648 552 2648 550 2648 548 2648 520 2660 518 2660 514 2660 467 2650 465 2650 463 2650 461 2650 449 2660 447 2660 346 2652 344 2652 221 2664 205 2664 201 2664 168 2652 166 2652 164 2652 162 2652 160 2652 146 2664 146 2666 89 2666 91 2723"/></Shape>
	    <String CONTENT="mieres/ duquel est tout bon don. Et est adore"
                    HPOS="89"
                    VPOS="2636"
                    WIDTH="1419"
                    HEIGHT="113"
                    WC="0.9952264189720154"></String>
          </TextLine>
          <TextLine ID="eSc_line_f7dd821e"
                    TAGREFS="LT8"
                    BASELINE="95 2806 1491 2789" 
                    HPOS="93"
                    VPOS="2723"
                    WIDTH="1398"
                    HEIGHT="113">
            <Shape><Polygon POINTS="95 2806 95 2824 132 2836 134 2836 136 2836 138 2836 168 2826 245 2836 247 2836 249 2836 277 2822 279 2822 283 2822 346 2834 348 2834 350 2834 403 2820 405 2820 409 2820 449 2832 451 2832 453 2832 578 2818 584 2818 588 2818 653 2830 655 2830 831 2828 889 2816 998 2826 1000 2826 1002 2826 1029 2814 1049 2822 1051 2822 1053 2822 1055 2822 1057 2822 1069 2810 1089 2810 1186 2810 1188 2810 1318 2822 1320 2822 1491 2804 1491 2789 1485 2723 1142 2735 1101 2725 1085 2723 1083 2723 1065 2727 1015 2739 835 2741 746 2729 736 2729 734 2729 732 2729 730 2729 708 2743 457 2733 403 2731 402 2731 312 2733 310 2733 308 2733 308 2735 293 2747 209 2735 203 2735 201 2735 200 2735 198 2735 164 2749 93 2737 95 2806"/></Shape>
	    <String CONTENT="de sacrifice de louẽge ⁊ par actiõs des graces:"
                    HPOS="93"
                    VPOS="2723"
                    WIDTH="1398"
                    HEIGHT="113"></String>
          </TextLine>
          <TextLine ID="eSc_line_78dbc37e"
                    TAGREFS="LT8"
                    BASELINE="97 2891 1481 2876" 
                    HPOS="95"
                    VPOS="2808"
                    WIDTH="1386"
                    HEIGHT="117">
            <Shape><Polygon POINTS="97 2891 97 2915 150 2925 152 2925 154 2925 194 2915 209 2911 223 2915 265 2925 267 2925 269 2925 324 2913 344 2909 364 2911 396 2917 398 2917 437 2911 465 2907 471 2911 485 2921 487 2921 489 2921 491 2923 566 2923 566 2921 647 2907 669 2905 679 2907 716 2919 718 2919 720 2919 722 2919 724 2919 738 2907 742 2905 752 2907 813 2917 815 2917 817 2917 841 2905 847 2903 851 2905 869 2913 871 2913 873 2913 938 2903 962 2901 1043 2901 1047 2903 1071 2915 1073 2915 1075 2915 1285 2903 1301 2913 1303 2913 1305 2913 1307 2913 1479 2895 1481 2876 1477 2822 1316 2808 1314 2808 1312 2808 1259 2822 1184 2810 1182 2810 1180 2810 1152 2822 1093 2812 1091 2812 1089 2812 1087 2812 1067 2824 1015 2816 1013 2816 748 2828 724 2816 722 2816 720 2816 718 2816 685 2828 619 2816 617 2816 615 2816 613 2816 594 2832 499 2832 441 2818 439 2818 378 2832 289 2820 287 2820 285 2820 245 2834 156 2822 154 2822 95 2836 97 2891"/></Shape>
	    <String CONTENT="affin q̃ celuy qui le honnore ne se glorifie pas"
                    HPOS="95"
                    VPOS="2808"
                    WIDTH="1386"
                    HEIGHT="117"></String>
          </TextLine>
          <TextLine ID="eSc_line_7a9c7592"
                    TAGREFS="LT8"
                    BASELINE="100 2975 960 2967" 
                    HPOS="99"
                    VPOS="2901"
                    WIDTH="861"
                    HEIGHT="115">
            <Shape><Polygon POINTS="100 2975 100 2994 154 3010 156 3010 158 3010 160 3010 180 3000 194 3012 194 3014 196 3014 198 3014 200 3016 283 3016 283 3014 285 3014 320 2998 326 2994 334 2998 362 3012 364 3012 366 3014 425 3014 425 3012 427 3012 453 2998 455 2998 471 3012 473 3012 475 3012 477 3012 510 3010 512 3010 546 3000 576 2992 621 2992 637 3002 651 3010 653 3010 655 3010 657 3010 659 3010 661 3010 675 3002 691 2992 740 3002 762 3006 764 3006 766 3006 768 3006 768 3004 770 3002 786 2990 958 3004 960 2967 956 2917 774 2901 772 2901 770 2901 738 2919 603 2919 570 2903 568 2903 566 2903 564 2903 506 2917 384 2905 382 2905 380 2905 378 2905 378 2907 366 2919 336 2907 334 2907 332 2907 257 2921 209 2907 207 2907 205 2907 203 2907 176 2921 138 2907 136 2907 134 2907 132 2907 99 2921 100 2975"/></Shape>
	    <String CONTENT="en soymesme/ mais en dieu."
                    HPOS="99"
                    VPOS="2901"
                    WIDTH="861"
                    HEIGHT="115"
                    WC="0.9767811688093039"></String>
          </TextLine>
        </TextBlock>
        <TextBlock HPOS="1525"
                   VPOS="203"
                   WIDTH="182"
                   HEIGHT="97"
                   ID="eSc_textblock_dea0b61e"
                   TAGREFS="BT15">
          <Shape><Polygon POINTS="1525 203 1525 300 1707 300 1707 203"/></Shape>
          <TextLine ID="eSc_line_4acd0e85"
                    TAGREFS="LT8"
                    BASELINE="1534 275 1693 271" 
                    HPOS="1530"
                    VPOS="195"
                    WIDTH="163"
                    HEIGHT="111">
            <Shape><Polygon POINTS="1673 195 1530 213 1534 275 1534 304 1665 306 1667 306 1669 306 1693 292 1693 271 1687 199 1673 195"/></Shape>
	    <String CONTENT="147"
                    HPOS="1530"
                    VPOS="195"
                    WIDTH="163"
                    HEIGHT="111"></String>
          </TextLine>
        </TextBlock>
        <TextBlock HPOS="1496"
                   VPOS="319"
                   WIDTH="330"
                   HEIGHT="107"
                   ID="eSc_textblock_7032c49d"
                   TAGREFS="BT13">
          <Shape><Polygon POINTS="1496 319 1496 426 1826 426 1826 319"/></Shape>
          <TextLine ID="eSc_line_17269a88"
                    TAGREFS="LT8"
                    BASELINE="1507 395 1817 395" 
                    HPOS="1507"
                    VPOS="314"
                    WIDTH="310"
                    HEIGHT="117">
            <Shape><Polygon POINTS="1808 324 1782 318 1780 318 1778 318 1718 328 1709 330 1705 328 1689 314 1687 314 1685 314 1683 314 1681 314 1661 324 1596 314 1594 314 1507 330 1507 395 1507 431 1594 419 1631 427 1657 431 1659 431 1730 421 1754 419 1756 421 1770 431 1772 431 1774 431 1776 431 1778 431 1817 417 1817 395 1817 336 1808 324"/></Shape>
	    <String CONTENT="Geñ.2.d"
                    HPOS="1507"
                    VPOS="314"
                    WIDTH="310"
                    HEIGHT="117"
                    WC="0.9999990314245224"></String>
          </TextLine>
        </TextBlock>
        <TextBlock HPOS="1491"
                   VPOS="982"
                   WIDTH="291"
                   HEIGHT="357"
                   ID="eSc_textblock_abd8b81a"
                   TAGREFS="BT13">
          <Shape><Polygon POINTS="1491 982 1491 1339 1782 1339 1782 989"/></Shape>
          <TextLine ID="eSc_line_4c9c3320"
                    TAGREFS="LT8"
                    BASELINE="1530 1050 1756 1049" 
                    HPOS="1528"
                    VPOS="962"
                    WIDTH="226"
                    HEIGHT="121">
            <Shape><Polygon POINTS="1528 1048 1528 1083 1754 1074 1754 1048 1754 964 1528 962 1528 1048"/></Shape>
	    <String CONTENT="Pitie/"
                    HPOS="1528"
                    VPOS="962"
                    WIDTH="226"
                    HEIGHT="121"
                    WC="0.9999974767367045"></String>
          </TextLine>
          <TextLine ID="eSc_line_07a95682"
                    TAGREFS="LT8"
                    BASELINE="1493 1132 1776 1130" 
                    HPOS="1489"
                    VPOS="1045"
                    WIDTH="285"
                    HEIGHT="121">
            <Shape><Polygon POINTS="1727 1051 1697 1051 1667 1051 1638 1051 1608 1051 1578 1051 1575 1051 1489 1051 1492 1131 1492 1166 1774 1163 1774 1128 1766 1045 1727 1045 1727 1051"/></Shape>
	    <String CONTENT="est la ue¬"
                    HPOS="1489"
                    VPOS="1045"
                    WIDTH="285"
                    HEIGHT="121"
                    WC="0.9793287217617035"></String>
          </TextLine>
          <TextLine ID="eSc_line_a7ae86ad"
                    TAGREFS="LT8"
                    BASELINE="1495 1217 1768 1215" 
                    HPOS="1492"
                    VPOS="1137"
                    WIDTH="274"
                    HEIGHT="121">
            <Shape><Polygon POINTS="1492 1214 1492 1252 1650 1244 1763 1258 1766 1214 1766 1149 1608 1137 1605 1137 1492 1152 1492 1214"/></Shape>
	    <String CONTENT="neration"
                    HPOS="1492"
                    VPOS="1137"
                    WIDTH="274"
                    HEIGHT="121"
                    WC="0.9865291267633438"></String>
          </TextLine>
          <TextLine ID="eSc_line_8d8a54fd"
                    TAGREFS="LT8"
                    BASELINE="1502 1302 1762 1308" 
                    HPOS="1498"
                    VPOS="1223"
                    WIDTH="262"
                    HEIGHT="130">
            <Shape><Polygon POINTS="1498 1345 1623 1333 1754 1353 1760 1306 1757 1250 1617 1226 1614 1226 1611 1226 1596 1232 1560 1244 1504 1223 1501 1300 1498 1345"/></Shape>
	    <String CONTENT="de dieu."
                    HPOS="1498"
                    VPOS="1223"
                    WIDTH="262"
                    HEIGHT="130"></String>
          </TextLine>
        </TextBlock>
        <TextBlock HPOS="779"
                   VPOS="2975"
                   WIDTH="716"
                   HEIGHT="114"
                   ID="eSc_textblock_24923ebc"
                   TAGREFS="BT17">
          <Shape><Polygon POINTS="779 2989 793 3089 1495 3081 1493 2975"/></Shape>
          <TextLine ID="eSc_line_3f6a0699"
                    TAGREFS="LT8"
                    BASELINE="800 3062 1483 3046" 
                    HPOS="796"
                    VPOS="2967"
                    WIDTH="687"
                    HEIGHT="128">
            <Shape><Polygon POINTS="800 3062 800 3078 897 3089 899 3089 901 3089 922 3080 926 3078 952 3080 1011 3083 1013 3083 1049 3080 1095 3074 1114 3080 1160 3095 1162 3095 1164 3095 1483 3080 1483 3046 1481 2990 1431 2977 1429 2977 1427 2977 1425 2977 1400 2988 1392 2992 1380 2988 1358 2983 1356 2983 1354 2983 1352 2983 1350 2983 1342 2988 1340 2990 1336 2988 1289 2967 1287 2967 1285 2967 1166 2971 1164 2971 1162 2971 1162 2973 1144 2986 1130 3000 1049 3000 1013 2986 996 2979 994 2979 992 2979 990 2979 972 2985 952 2994 906 2994 891 2985 875 2977 873 2977 871 2977 796 2983 800 3062"/></Shape>
	    <String CONTENT="T .iii. ¶ Si nous"
                    HPOS="796"
                    VPOS="2967"
                    WIDTH="687"
                    HEIGHT="128"
                    WC="0.9993253525565652"></String>
          </TextLine>
        </TextBlock>
      </PrintSpace>
    </Page>
  </Layout>
</alto>
