2212 3563
122 310 1383 141 Christ: uous estes tõbez de grace.

124 437 1383 125 Car nous en esprit attendons par

158 548 1345 128 foy lesperance de iustice. Car en Ie

136 659 1361 132 suchrist/ la circõcision ne uault riẽs/

112 766 1377 151 ne lincircõcision/ mais la foy qui be

116 892 777 127 songne par charite.

285 1027 1023 111 ¶ Augustin au liure des.lxxxiii.

368 1116 871 107 questions/ au .lxxui. Chap̃.

118 1215 1377 117 ¶ Poͬce q̃ lapostre sainct Paul preschãt lhõ

104 1306 1388 98 me estre iustifie par la foy sãs les oeuures/ na

112 1389 1391 103 pas este bien entẽdu de ceulx qͥ ont tellemẽt re¬

106 1476 1399 101 ceu la parolle/ quilz estimoient que la ou une

118 1559 1392 103 foys ilz auoiẽt creu en christ/ uoire aussi quãt

118 1638 1412 101 ilz feroiẽt moꝰ/ ⁊ðdz uiue siecct ꝯer ricieuIsemẽt

126 1722 1394 105 ⁊ malicieusemẽt/ quilz pourroiẽt estre sourez

124 1805 1383 103 par l soy. Mars Le u// ge de ceste epistre

118 1886 1387 107 sainct Iacq̃s expose le mesme sens de lapostre

118 1969 1387 107 sainct Paul/ comment il le fault entendre. Et

114 2052 1385 107 poͬtãt use il de lexemple de Abraã/ ascauoir q̃

116 2139 1392 105 la foy est uaine son ne faict bien: pour ce aussi

124 2217 1383 101 que sainct Paul a use de lexemple du mesme

126 2308 1375 100 Abraã/ poͬ prouuer q̃ lhõme est iustifie sãs les

118 2384 1401 95 oeuures de la loy? Cor guõt   cercernore les

124 2461 1407 116 bõnes oeuures de Abraã qͥ ont suiuy sa foy: il

130 2544 1398 104 demõstre assez q̃ sainct Paul lapostre na pas

118 2627 1401 119 enseigne par Abraam que lhõme soit tellemẽt

121 2713 1386 107 iustifie sans les oeuures par la foy/ q̃ si quel¬

121 2799 1374 104 cun croit quil ne luy appartienne pas de bien

127 2880 1383 130 faire: mais a plus tost ce enseigne/ affin que

401 151 904 157 oeuues. Cha.x.

1554 151 179 172 148

1507 786 270 128 1.cor.7.d

1519 1309 217 163 Ro.3.d

1522 2212 247 109 Ro.4.a

1546 2384 258 107 La cõcor

1548 2473 250 98 dance de

1548 2550 250 107 Iacq̃s/ ⁊

1528 2624 267 113 de Paul

1528 2716 258 116 de la foy

1519 2820 270 83 Q

1522 2868 267 35 E O 9e

1537 2877 151 145 ures.

954 2969 556 118 T tiii nul ne
