2211 3563
1012 170 652 136 De la foy ⁊ des

679 312 1403 107 nul ne se estime paruenir au don de iustifica¬

683 401 1401 97 tion par les merites des precedentes oeuures/

685 484 1399 107 laq̃lle iustification est par la foy. Car en ce cõ

686 576 1397 106 tendoient les Iuifz de eulx preferer aux gen¬

655 651 1423 101 tilz qͥ croyoiẽt en Christ: qͥlz disoiẽt/ q̃ par les

647 738 1437 103 merites des oeuures precedẽtes qui sont en la

659 817 1421 107 loy/ ilz estoient paruenus a la grace de leuan

675 902 1405 105 gile: ⁊ pourtãt estoient plusieurs scandalisez

673 987 1409 103 de ceulx qͥ dẽtre eulx auoiẽt creu/ a cause que

671 1068 1411 105 la grace de Christ estoit dõnee aux gentilz in¬

671 1146 1400 104 circoncis. * Dequoy lapostre sainct Paul dit

647 1244 1418 101 que lhõme peult estre iustifie par la foy sans

644 1312 1427 119 les oeuures precedant la iustification. Main¬

653 1412 1424 96 tenãt celuy qui est iustifie par la foy/ commẽt

680 1490 1397 104 peult il faire sinon iustemẽt: combien que par

674 1561 1391 110 auãt na riens faict iustemẽt: ⁊ est uenu a la iu

679 1652 1393 99 stification de la foy/ non point par le merite

669 1733 1407 101 des bõnes oeuures/ mais par la grace de dieu/

663 1819 1411 99 laquelle maintenant ne peult estre oyseuse en

659 1888 1409 107 luy/ quant desia faict bien par charite. * Que

649 1983 1419 103 sil se part de ceste uie incõtinẽt quil aura creu:

649 2066 1421 101 la iustification de la foy demeure auec luy: et

649 2153 1417 101 ne paruiemt pas a icelle par aucunes oeuures

645 2234 1415 101 precedentes (car elle nest pas donnee par meri¬

641 2317 1423 99 te: mais par la grace) ne par oeuures suiuan¬

649 2397 1419 105 tes pource quil nest point permis destre en ce¬

657 2480 1407 107 ste uie. Et poͬtant les deux sentẽces des deux

653 2563 1411 109 apostres Paul ⁊ Iacques ne sont pas cõtrai¬

662 2642 1400 107 res lune a lautre: quant lung dit que lhomme

657 2729 1403 109 est iustifie par la foy sans les oeuures/ ⁊ lau¬

661 2814 1395 107 tre dit q̃ la foy est uaine sans les oeuures. Car

661 2897 1387 121 Paul parle des oeuures qͥ precedent la foy: ⁊

398 543 243 142 Ro.2.a

356 1116 291 128 Les bon

353 1229 262 113 nes oeu¬

347 1324 250 92 ures ne

350 1407 262 101 precedẽt

359 1478 244 110 pas la

380 1558 148 131 foy.

380 1873 223 134 Notez.

350 2624 280 140 Ro.4.a

1763 2994 289 111 Iacques
