2212 3563
151 279 1400 133 Iacques par se des oeuures qui suiuẽt la soy.

168 397 1362 141 1.Cor.13. A. ¶ Se ie parle lan¬

168 524 1352 133 gaies des hõmes ⁊ des anges/ ⁊ q̃

166 635 1372 136 ie naye pas charite: ie suis faict cõ¬

150 758 1394 126 me larain qui resonne/ ou la cymba

142 868 1390 135 le quitinte. Et si iay le don de pro¬

150 989 1384 127 phetie/ ⁊ congnois tous mysteres et

144 1098 1390 131 toute sciẽce: ⁊ si iay toute la foy tant

142 1217 1388 125 que ie transmue les montaignes/

144 1336 1388 128 et que ie naye pas charite/ ie ne

152 1446 451 125 suis riens.

231 1549 1297 123 ¶ Augustin en la premiere quinquagene/

360 1644 1127 103 ou orodogue de lo.xxxi. Uheaulme.

166 1707 1391 119 ¶ Ueritablement lapostre sainct Iacques en

163 1796 1374 122 son epistre a loue les oeres de Ba con¬

145 1888 1377 107 tre ceulx qͥ ne uouloiẽt nul biẽ faire/ ⁊ se pre¬

142 1965 1383 116 sumoient seullemẽt de la foy: duquel Abraã/

142 2060 1389 101 sainct Paul a loue la foy/ ⁊ si ne sont pas les

136 2131 1389 122 apostres ꝯtraires lung a lautre. Mais il par¬

148 2224 1382 107 le de loeuure qͥ est cõgneue a tous: ascauoir/ q̃

154 2308 1382 102 Abraam oFrit a dieu son filz pour en faire sa¬

142 2389 1404 105 crifice. Cest une grõde oeuure/ mois de la foy.

150 2464 1412 115 Ie loue ledifice de loeuure faict sur le fonde¬

148 2549 1418 113 mẽt/ mais ie regarde le fondemẽt de la foy. Ie

148 2636 1406 101 loue le fruict de la bõne oeuure: mais ie recon¬

146 2711 1400 125 gnois la racine en la foy. Car se Abraã faisoit

142 2802 1388 117 ceste chose sans droicte foy: riens ne luy proffi

146 2886 1380 126 teroit quelle oeuure que ce fust. Derechief si

466 136 928 157 oeuures. Chaq̃.x.

1599 148 184 154 149

1587 276 286 154 Iaco.2.d

1575 1671 247 137 Les apo

1554 1787 253 107 stres ne

1546 1858 255 119 sõt pas

1543 1944 249 119 ꝯtraires

1546 2039 225 104 lung a

1548 2125 215 125 lautre.

1257 2979 267 116 Abraam
