2211 3563
986 160 646 142 De la foy ⁊ des

661 302 1379 109 Abraam tenoit ainsi la foy/ q̃ quant dieu luy

661 389 1387 103 cõmanderoit de offrir son filz pour en faire sa

657 471 1389 105 crifice/ il pẽsast en soymesme/ ie ne le fais poĩt

651 558 1387 101 ⁊ toutesfois croy que dieu me deliurera cõbien

644 632 1385 113 aussi que ie contẽne ses cõmandemẽs: * la foy

635 718 1403 113 sans les oeuures seroit morte: ⁊ demoureroit

644 807 1388 110 cõe la racine seiche/ sãs fruict ⁊ sterile. Quoy

659 887 1379 113 doncq̃s? Ne debuõs nous preposer nulle oeu¬

659 977 1383 97 ure a la foy? cest adire/ nul nest il dit bien faire

665 1048 1370 101 deuant la foy? * Certainemẽt toutes les oeu¬

638 1125 1385 107 ures qui sõt faictes deuãt la foy/ cõbien q̃lles

622 1221 1404 105 soient estimees des hommes louables : neant¬

608 1308 1430 99 moins elles sõt uaines. Et me semble quelles

620 1391 1418 101 sont semblables aux grãdes forces/ ⁊ a la le¬

633 1472 1399 101 giere course sans uoye. Que nul doncques ne

643 1551 1383 105 estime ses oeuures deuãt la foy estre bõnes: la

659 1637 1371 104 ou foy nestoit pas/ la ny auoit aussi nulle bõ¬

671 1710 1367 101 ne oeuure. * Lintẽtion faict la bõne oeuure: la

665 1796 1373 104 foy dresse lintẽtion. Et ne regarde gueres q̃lle

653 1891 1385 107 chose lhõme faict/ mais quelle chose il regar¬

641 1968 1394 104 de quãt il le faict/ ⁊ la ou il dresse les oeuures

630 2042 1402 119 de sa bonne gouuernãce. * Parquoy mes fre¬

632 2137 1397 98 res/ Abraam a este iustifie par foy: mais si les

632 2214 1385 110 oeuures nont pas precede la foy/ toutesfoys

644 2304 1391 92 ont elles suyui. Ta foy sera elle sterile? Se tu

650 2387 1388 101 ne es sterile/ icelle ne sera pas sterile. Et ainsi/

659 2455 1382 122 la foy selle est sans dilectiõ/ elle sera sans oeu

659 2547 1382 110 ure: car la dilectiõ ne peult estre oyseuse. * Ne

662 2633 1379 110 opposons point dõcques lapostre sainct Iac¬

674 2710 1358 113 ques a Paul: mais le mesme Paul a soymes

677 2799 1352 98 me: ⁊ luy disõs. Par ceste parolle aucunemẽt

653 2886 1376 130 nous permetz tu pecher sans estre puny/ quãt

386 629 244 110 Il est ne

371 715 241 110 cessaire q̃

365 816 256 98 ceste foy

353 896 268 107 besõgne

353 1042 244 110 Notes

350 1134 178 121 bien.

380 1701 264 116 La foy

380 1799 255 95 faict lin

377 1873 247 116 tẽtion/ ⁊

371 1959 229 98 lintẽtiõ

371 2054 232 98 faict la

365 2131 244 110 bõne oeu

371 2217 125 95 ure.

374 2304 247 89 Les oeu

380 2387 252 98 ures da¬

377 2467 258 98 braã ont

371 2547 264 113 suyui la

365 2624 152 119 foy.

362 2722 288 98 Iacq̃s ne

356 2805 274 95 cõtrarie

371 2894 244 92 point a

378 2967 196 111 Paul.

1824 2977 212 101 tu dis
