2211 3563
828 207 792 135 De la transgression

680 329 1370 146 nostre fallace/ par la transgression de toꝰ. Si

674 445 1379 107 nous disons dõcques/ que nous nauõs point

692 519 1364 110 peche: noꝰ faisõs dieu mẽteur: mais il est im-

701 593 1355 119 possible quil mente. Parquoy il est manifeste

692 694 1105 107 que nous sommes tous soubz peche.

828 773 1228 105 ¶ Bernard/ au u. sermõ de la dedicasse.

674 849 1385 104 ¶ Quelle necessite est il maintenant de racõ¬

656 926 1400 131 ter toutes les miseres de lhõe: cõbiẽ il est char¬

656 1027 1403 110 ge de peche/ enuironne de tenebres/ occupe de

671 1101 1391 119 choses illicites/ bruslant en cõcupiscẽces/ em¬

661 1183 1395 117 ply de illusiõs/ tousioͬs prõpt a mal/ enclin

665 1270 1385 105 a tout uice/ ⁊ finablemẽt rẽply de toute confu

665 1353 1383 107 sion ⁊ uilennie? Car en uerite aussi si toutes

655 1439 1397 99 noz iustices qͥ sont regardees a la lumiere de

668 1511 1391 119 uerite/ sõt trouuees cõe le drap de la fẽme qui

665 1605 1389 105 esen ses fleurs: q̃lles serõt finablement repu

686 1677 1355 101 tees les iniustices?* Se la lumiere qͥ est en noꝰ

673 1769 1389 93 sõt tenebres: les mesmes tenebres cõbiẽ grãdes

657 1860 1399 97 serõt elles? Il est facile a ung chascun de noꝰ/

653 1935 1397 101 sil uient a cõsiderer toutes ses choses et sans

647 2015 1407 108 dissimulatiõ/ ⁊ qͥl iuge sãs acception de ꝑson¬

655 2100 1407 103 ne: de soy cõformer en toutes choses a la ueri-

671 2179 1377 111 te apostolicq̃: ⁊ de libremẽt confesser q̃ *celuy qͥ

683 2262 1367 111 se estime estre q̃lque chose/ la ou il nest riẽs: se

667 2339 1389 117 seduit soymesme.* Quest ce de lhõme/ q̃ tu le

665 2428 1383 111 magnifie ainsi (dit la fidele ⁊ deuote cõfessiõ)

671 2519 1377 97 ou poͬquoy tourne tu ton cueur enuers luy?

673 2593 1385 110 Quelle chose est ce? Sans doubte/ lhõme est

673 2676 1383 111 faict sẽblable a uanite: lhõme nest riẽs. Mais

665 2763 1383 107 toutesfoys/ cõmẽt nest riẽs ce que dieu a ainsi

668 2835 1373 125 magnifie? Cõmẽt nest riẽs lhõme/ auquel est

671 2921 1370 158 adiouste le cueur de dieu?* Mes freres prenõs

404 293 231 158 rieux/

401 421 226 101 quãt il

389 516 252 92 est iuge

386 587 285 104 de lhõe.

389 674 288 106 1.Ioã.1.d

398 828 240 107 Quel¬

395 920 246 110 les sont

392 997 238 119 les pei¬

380 1101 267 101 nes de pe

376 1177 135 103 che.

386 1484 258 143 esa.64.b

392 1662 285 116 matt.5.b

376 2145 242 105 Gał.6.

408 2321 223 113 Iob.7.c

382 2820 251 99 Lhõme

380 2897 276 179 nest riẽs

1753 3034 297 113 couraige
