2212 3563
154 269 1414 122 tu dis Nous estimons q̃ lhõme est iustifte par

184 353 1356 128 foy sãs les oeuures. Mais a ce diras tu.◊La

201 439 1329 123 foy qui besongne par charite/ cõmẽt par icelle

188 532 1334 109 suis ie faict comme asseur/ si ie ne fais riens?

176 613 1344 113 Mesme par icelle ne seray pas estime dauoir

160 694 1368 105 esperãce/ ne ceste bõne foy/ si ie ne besõgne par

146 773 1376 115 charite. O Apostre ie te oys. Me ueulx tu icy

142 861 1395 118 louer la foy sans les oeuures?? mais dilectiõ

145 935 1392 113 est loeuure de la foy/ laquelle dilectiõ ne peult

148 1021 1389 113 estre oyseuse quelle ne delaisse tout mal ⁊ q̃lle

145 1110 1392 101 ne faice tout le bien q̃lle peult. Et quelle chose

152 1187 1380 121 faict la dilection? Decline toy du mal/ si fais

148 1274 1388 119 bien. Tu loue dõcques ceste foy sans les oeu¬

142 1348 1392 124 ures: et tu dis en ung aultre lieu.? Se iay la

154 1443 1376 116 foy/ tellement que ie trãsmue les mõtaignes/

146 1528 1404 109 et que ie naye pas de charite/ il ne me proffite

152 1607 1418 109 riens. Doncques (i la foy ne grote a nulz

172 1686 1398 121 sans charite/ ⁊ que lo ou sera charite il est ne¬

164 1769 1388 121 cessaire q̃lle besongne/ car icelle /oy be/ ongne

152 1852 1386 121 par chartte: cõ// emt doncques est iustifie lhõ¬

146 1935 1386 121 me par la foy sãs les oeuures? Lapostre respõ

145 2024 1386 104 droit. O toy homme pour ce te ay ie dit ceste

142 2102 1389 124 chose/ affin que tu ne te presumas de tes oeu¬

154 2195 1386 103 ures: et que tu ne estime dauoir receu la grace

160 2271 1377 107 de la soy/ par le merite de tes oeuures.? Ne te

154 2354 1389 116 presume pas doncques des oeuures deuant la

154 2431 1412 125 foy: congnois que la soy toteoune pecheur: et

157 2511 1415 125 si la foy qui fest dõnee ta faict iuste/ doncques

154 2589 1406 115 elle trouue linfidele quelle a faict iuste.◊La

160 2684 1388 121 foy (dit il) est reputee a iustice a lhomme qui

156 2767 1386 121 croyt en celuy qui iustifie linfidele. Se hn¬

160 2852 1380 131 fidelle est iustifie/ de linfidelle est faict ung

457 127 928 149 oeuures. Chap̃.x.

1575 335 301 134 Gah.5.a

1635 154 125 113 150

1548 798 235 137 dilectis

1551 926 253 98 est loeu¬

1551 1006 265 104 ure de la

1554 1101 137 110 foy.

1548 1339 271 118 1.cor.13.b

1548 2004 218 133 Notes

1548 2119 158 98 bien.

1575 2256 253 125 La foy

1569 2354 277 104 dõnee de

1590 2425 256 113 dieu fait

1587 2523 247 104 lhomme

1581 2612 143 104 iuste.

1569 2687 232 127 Ro.4.a

1253 2947 295 115 iuste: se le
