2211 3563
639 320 1389 111 iuste: se le iuste est faict dung infidele/ quelles

645 405 1389 107 sont les oeuures des infideles? Que linfidele

631 496 1397 101 maintenãt se uante de ses oeuures/ ⁊ quil die.

618 576 1410 108 Iedõne aux pouures: ie ne oste riẽs a ꝑsonne:

600 661 1428 105 ie ne cõuoite pas la femme daultruy: ie ne tue

600 744 1426 109 personne: ie ne fais fraude a ꝑsonne: ie rendz

602 831 1424 95 ce quon ma baille en garde sans quelque tes¬

614 914 1412 99 moignage. Quil die toutes ces choses la. Ie

626 995 1394 99 demande ascauoir sil est fsidele ou infidele?

618 1074 1396 101 Et cõmẽt suis ie infidele (dit il) en saisant ces

600 1155 1402 111 choses? Cõmẽt sont ceulx infideles/ desquelz

594 1238 1417 110 il est dit.? Ilz ont seruy plus tost a la creatu¬

580 1326 1440 93 re q̃ au createur/ lequel est beneit a tousiours.

594 1411 1426 93 Cõment ne serois tu pas infidele? Quest ce/

616 1496 1400 99 si de toutes ces oeuures iey/ ou tu espere ce qͥl

626 1575 1382 97 en fault esperer/ mais nõ pas de celuy duquel

630 1656 1384 101 il le fault esperer: ou tu espere ce quil ne fault

635 1739 1387 105 pas esperer/ aussi de celuy duquel la uie eter¬

635 1826 1385 98 nelle doibt estre esperee?? Poͬ les bõnes oeu¬

630 1894 1390 110 tres/ tu as espere aucune felicite terriẽne: ⁊ de

606 1980 1405 107 ce es tu infidele: car ce nest̃ pas le loyer de la

597 2069 1405 104 foy. La foy est une chose chiere/ mais tu las

588 2158 1409 101 estime poͬ bõ marche. Tu es dõcq̃s infidele/ ⁊

603 2238 1399 107 tes oeuures ne sont de nuUe uaueux. Cõbien

618 2310 1399 109 q̃ tu remue les bras aux bonnes oeuures/ ⁊ qͥl

635 2393 1382 104 semble q̃ tu gouuerne tresbien ta nauire: tou¬

630 2488 1384 101 tesfoys tu te haste daller hurter aux roches.

641 2571 1373 98 Que si tu espere ce qͥl fault esperer/ cest adire

632 2642 1382 104 la uie eternelle/ mais nõ pas du seigneur dieu

632 2737 1376 98 par Iesuchrist/ par leq̃l seul est dõnee la uie

615 2823 1385 92 eternelle: mais q̃ tu cuide pouoir paruenir a la

615 2894 1387 140 uie eternelle/ par la noblesse du ciel/ par le so¬

962 190 640 134 De la foy ⁊ des

309 1199 270 157 Rom̃.1.c

350 1808 247 101 Ceulx

335 1885 274 116 sõt infi¬

320 1983 265 104 deles qui

315 2063 255 104 esperent

315 2131 258 116 felicite ꝑ

315 2223 270 98 leurs uõ

323 2307 277 106 nes oeu¬

329 2390 185 98 ures.

317 2541 277 113 ephe.1.a

317 2636 265 107 Act.4.c

315 2725 267 92 La uie

320 2820 277 86 eternelle

326 2888 265 143 estdõnee

1733 2986 273 129 leil ⁊ la
