2212 3563
172 288 1400 115 leil ⁊ la bme/ par les puissances de lair ⁊ de L

181 391 1367 98 mer/ ⁊ de la terre/ ⁊ des estoilles: tu es infidele.

184 469 1356 109 Mais croys en celuy qͥ iustifie linfidele/ affin

190 555 1353 113 aussi que tes bõnes oeuures puissent estre bõ¬

184 645 1374 99 nes oeuures. Car aussi ne les appelleray ie

170 724 1388 109 pas bõnes tandis quelles ne procederont pas

162 809 596 99 de la bonne racine.

168 912 1374 135 Rom̃.12.A ¶ A ung chascũ cõme

170 1031 1271 132 dieu a diuise la mesure de la foy.

301 1146 1097 114 ¶ Athanaise/ en son exposition sur

489 1237 720 99 lepistre aux Romains.

160 1306 1377 104 ¶ Et pourtant q̃ dieu a diuise a ung chascun

154 1392 1383 101 la mesure de la foy: ce doncq̃s qui est faict nest

154 1481 1386 110 pas faict par ta uertu/ mais par la grace ⁊ dõ

156 1565 1418 103 de dieu/ soit grand ou petit. Dieu luy mesme

164 1648 1412 97 la dõne Et en ce uieuiey Lauoy doibt estre prin

188 1733 1380 99 se poͬ la grace de dieu par laquelle souueilz

168 1815 1384 103 faisoiẽt les miracles. Oa/ nostre foy est de

160 1900 1386 101 deux sortes. Lune cõme celle dequoy il est dit

154 1974 1383 104 Ta foy ta sauue. Lautre est le don de dieu par

154 2066 1390 103 laq̃lle sont faictz les miracles: cõme ce qui est

154 2149 1386 113 dit.?Se uous auez la foy cõme ung grain de

158 2234 1299 107 moustarde: uous direz a ceste mõtaigne ⁊c.

394 2317 958 107 ¶ Dugustin au liure de la lettre

673 2399 386 103 et de lesorit.

160 2467 1412 125 ¶ Certes les auditeurs de la loy ne sont pas

164 2563 1412 103 iustes enuers dieu: mais les facteurs de la loy

168 2644 1418 109 seront iustifiez. Mais de quoy diroit il le grec

162 2731 1394 105 facteur de la loy estre iustifie sans la grace du

164 2818 1390 101 sauueur? Car en ce quil dit/ les facteurs de la

160 2899 1394 127 loy seront iustifiez/ il ne ueult pas dice que ce

490 142 940 169 oeuures. Chap̃.x.

1596 311 297 116 ꝑ christ ⁊

1572 406 318 95 nõ point

1563 478 313 145 p les oer¬

1569 570 155 115 ures.

1677 190 91 110 15.

1557 1303 280 128 1.Corin.

1557 1407 206 95 12.a.b.

1566 1484 283 122 ephe.2.b

1557 1950 265 155 Luc.7.g

1563 2134 262 143 Luc.17.b

1599 2458 211 151 Ro.2.c

1320 2985 236 112 se faice
