2212 3563
442 151 967 181 oeuures. Chap̃.x.

130 314 1386 137 quelle nous disõs a dieu. * Aye mercy de moy:

144 413 1364 109 gueris mõ ame/ car iay peche en toy. Et pour

146 492 1364 105 tant sont les hõmes naturellement les choses

152 570 1372 118 de la loy. Et ceulx qui ne font pas ainsi/ ilz

158 653 1370 126 uiuent uitieusement: par lequel uice la loy de

140 740 733 101 dieu est ostee des cueurs.

130 840 1380 151 Iob.9.B. ¶ Combien grand suis

134 969 1382 139 ie/ pour respõdre a luy: ⁊ pour parler

132 1080 1386 143 de mes parolles a luy? Quãt aussi

128 1199 1386 139 ie auroye aucune chose iuste/ si ne

126 1314 1388 136 respondray ie point/ mais feray de¬

128 1433 1382 128 precatiõ a mõ iuge. Se ie me ueulx

124 1543 1410 135 iustifier: ma bouche me condẽnera.

140 1672 1402 113 Se ie me monstre innocẽt: il me re¬

134 1775 1380 135 prouuera mauuais. Iauoye honte

124 1894 1040 128 de toutes mes oeuures ⁊c.

118 2019 1389 151 Iob.10.B. ¶ Tu mas dõne la uie

124 2147 1390 135 ⁊ la misericorde: ⁊ ta uisitatiõ a gar¬

132 2258 1380 141 de mon esprit. Et si ie suis infidele/

120 2379 1412 128 malediction est sur moy: mais si ie

130 2490 1406 130 suis iuste: aussi ne esleueray ie pas

126 2604 1408 141 mon chief comme saoule dafflictiõ

126 2723 503 127 ⁊ de misere.

124 2850 1383 166 Iob.15.B. ¶ Quest ce de lhomme

1596 219 152 113 152

1548 332 310 122 Ps̈.40.a

1198 2998 312 109 pour estre
