2211 3563
925 168 640 130 De la foy ⁊ des

647 304 1401 103 faict: mais quel chemin nous auons encore a

645 391 1399 105 parfaire. Nous debuons plus tost dõcques re¬

651 475 1395 102 garder les biens que nauõs point encore faict:

647 552 1397 101 q̃ ceulx desq̃lz nous resiouyssons de les auoir

618 639 1426 103 desia faict. Et aussi souuẽt sont les esleuz ten

616 724 1426 111 tez de tel uice/ ⁊ souuẽt est suggere a leur cueͬ/

620 809 1428 91 q̃ de reduire a memoire tous les biens qͥlz ont

641 888 1403 107 faict/ ⁊ de se resiouyr de la liesse de asseurance.

645 975 1401 103 Mais silz sõt urayemẽt elleuz: ilz destournẽt

647 1060 1395 95 leurs yeulx de leur pensee de ce en quoy ilz se

650 1131 1379 119 complaisent ⁊ reprimẽt en eulx toute la liesse

614 1223 1410 95 des biens desia faictz: ⁊ ont tristesse de ceulx

610 1304 1430 107 quilz entendent nullement auoir faict. Ilz se

616 1397 1434 95 estiment indignes: ⁊ eulx seullemẽt ne uoyent

643 1472 1395 101 point leurs biens/ qui sont de tous ueuz par

659 1557 525 103 bon exemple ⁊c.

857 1629 989 114 ¶ Hierosme/ au dialogue contre

1077 1722 513 101 les Pelagiens.

655 1799 1397 111 ¶ Mais ie te interrogueray ung petit/ quelle

641 1890 1405 99 chose tu sens de ce lieu de lapostre quil dit aux

638 1965 1409 116 Philippẽses. * Nõ point par ce q̃ desia ie laye

628 2054 1422 101 receu/ ou q̃ desia ie soye parfaict ⁊c. Et afferme

637 2133 1409 107 q̃ tousioͬs a mis en oubly les choses passees/

643 2214 1405 99 ⁊ sest estẽdu aux choses qͥ sont deuãt luy: par¬

635 2302 1421 106 quoy enseigne que les choses passees doibuẽt

635 2383 1423 105 estre oubliees/ ⁊ les choses a uenir doibuent

637 2466 1413 103 estre faictes: tellement q̃ ce quil a auiourdhuy

643 2549 1413 105 estime parfaict/ quãt il sest estẽdu aux choses

649 2638 1407 99 meilleures/ q̃ demain par raison il mõstre estre

653 2717 1395 99 ĩparfaict. Et ainsi par tous les degrez (ueu q̃

653 2798 1401 97 iamais il nest arreste/ mais q̃ tousioͬs est en la

639 2884 1399 120 course) qͥl enseigne la chose estre ĩparfaicte q̃

362 391 212 107 Note.

365 546 241 116 Gał.6.

362 645 153 93 a.b.

332 1122 295 119 1.cor.15.b

353 1944 265 137 Phil.3.c

1721 2977 323 110 nous qui
