2212 3563
122 302 1388 121 nous qͥ sommes hõmes estimõs estre parfaict/

145 391 1356 116 F ⁊ q̃ la seulle per fectiõ ⁊ la uraye iustice doibt

127 475 1374 115 estre a/tribuee seullement aux puissances de

136 561 1377 107 dieu. Selon le ꝓpos (dit il) ie poursuis le pris

136 635 1383 125 de la uocation supnelle de dieu par Iesuchrist.

130 727 1377 122 O Paul apostre/ pardonne moy cõme a ung

118 801 1386 122 petit hõme cõfessant ses pechez si hardimẽt ie

115 893 1380 113 demãde. Tu dis q̃ encore tu ne la pas receu/ ne

116 983 1387 103 encore cõprins/ ⁊ q̃ tu ne es point encore par¬

124 1062 1381 111 faict/ ⁊ que tu metz tousiours en oubly les cho

122 1140 1377 118 ses passees/ ⁊ te estẽdz aux choses aduenir/ poͬ

116 1231 1392 105 ueoir si aucunemẽt tu pourras uenir au deuãt

110 1316 1397 105 en la resurrection des mortz/ ⁊ obtenir le pris

114 1393 1398 111 de la uocation supernelle. Et cõment infere tu

116 1478 1392 109 incõtinent apres? Nous tous dõcques qͥ som¬

112 1561 1402 109 mes parfaictz/ nous sauourõs ceste chose? ⁊ q̃

124 1646 1408 103 sauourõs noꝰ? q̃ nous sommes uor◊caictz? que

124 1724 1396 108 nous auõs cõprins ce q̃ nous nauõs point cõ¬

122 1805 1385 115 prins? ou pems ce q̃ nous /os point? ou estre

116 1892 1387 115 parfaictz/ qͥ ne sõmes point encore parfaictz?

116 1971 1389 109 Quelle chose doncq̃s sauourõs nous? mesme

112 2054 1387 119 q̃lle chose debuõs noꝰ sauourer/ qͥ ne sommes

112 2131 1392 122 point encore parfaictz?◊ De nous ꝯfesser estre

112 2214 1389 122 imporfaictz: ⁊ q̃ ne lauõs point encore cõprins

110 2307 1385 115 ne receu. (cedle est la uraye sapiẽce de lhõme/ q̃

118 2381 1392 122 de se cõgnoistre estre imparfaict: ⁊ que (oͬ ma

118 2458 1407 137 niere de parler) la perfection de tous iustes ui

118 2555 1038 101 uant en ca chair est imparfaicte.

291 2618 1222 122 ¶ Le mesme Hierosme/ cõtre elagien.

118 2715 1400 123 ¶ Pour laq̃lle chose aussi le grãd poete Flac¬

114 2800 1396 107 cus a escript en une Satyre. Certainemẽt nuf

116 2886 1389 128 nest naiz sãs uice: cestuy est le meidleur qͥ est cõ¬

404 154 919 157 oeuures. Chap̃.x.

1525 359 291 139 Nr̃e pse

1525 463 285 113 ctiõ doit

1531 564 243 95 estre at-

1543 629 202 101 tribuee

1531 718 238 107 aux uer

1522 792 223 122 tus de

1516 878 175 107 dieu.

1574 188 140 112 II4

1566 2096 223 130 Nostre

1528 2209 261 109 ꝑfection

1522 2286 282 107 est la cõ¬

1540 2366 261 116 gnoissã¬

1540 2461 255 95 ce de no¬

1516 2541 279 107 stre imp¬

1525 2618 232 184 section.

968 2971 535 120 U .ii. trainct
