2211 3563
937 168 642 126 De la foy ⁊ des

680 296 1379 119 trainct par les plus petis. * Aucun des nostres

674 385 1385 113 a tres biẽ dit. Les philosophes patriarches des

674 472 1385 109 hereticq̃s/ ont macule la purete de leglise par

659 555 1406 101 doctrine ꝑuerse: tellemẽt qͥlz ne scaiuẽt pas ce

647 635 1418 116 estre dit de la fragilite humaine. De quoy se

647 724 1418 107 glorifie la terre ⁊ la cendre? Principalement

656 810 1406 107 quãt des mesmes lapostre dit. * Ie uoy une au

671 887 1391 113 tre loy en mes mẽbres. Et derechief. Ie ne fais

671 975 1397 101 pas le bien q̃ ie ueulx/ mais ie fais le mal q̃ ie

671 1057 1389 97 ne ueulx pas. Sil ne faict pas ce qͥl ueult: cõ

655 1142 1399 101 ment peult estre uray ce qui est dict: que lhõme

635 1223 1425 107 peult estre sans peche sil ueult? Par q̃lle rai¬

633 1310 1435 105 son peult il estre ce quil ueult: quant lapostre

630 1395 1436 101 afferme quil ne peult acomplir ce quil desire?

647 1476 1419 99 Quãt ie me estimeray estre uenu en la fin des

669 1555 1391 99 uertus: adonc auray ie le cõmencemẽt. * Celle

695 1627 1358 133 seulle perfection est aux hommes/ que de eulx

698 1725 897 109 congnoistre estre imparfaictz.

882 1799 1002 122 ¶ Fulgence/ en son premier liure

1097 1888 561 99 ad Monimum.

668 1947 1403 119 ¶ Certainemẽt encore nest pas maĩtenãt par¬

653 2045 1424 107 faicte (cõme par maniere de dire) la perfection

653 2128 1415 101 des dõs diuins: cõe la ou tout parfaict est indi

656 2226 1409 101 gne de ꝑfection. * Car celuy qͥ a dit. Noꝰ tous

665 2292 1406 121 dõcques qͥ sõmes parfaictz/ sentõs ceste chose:

677 2378 1406 107 le mesme dit. Non pas q̃ desia ie laye receu/ ou

683 2461 1400 116 q̃ desia ie soye parfaict. Il a este doncques par¬

698 2550 1382 119 faict par espoir de glorification a uenir: mais

687 2636 1393 101 il a este ĩparfaict par le fardeau de corruption

698 2710 1379 116 ⁊ de mortalite. * Car le corps qui se corrompt

686 2805 1391 107 apesanty lame: ⁊ la terriẽne habitation depri

671 2886 1403 139 me le sens ayant plusieurs cogitations. Il a

386 288 276 124 Les phi¬

389 385 190 116 loso¬

386 466 273 121 phes sõt

389 552 258 98 les patri

386 653 193 95 arches

383 739 223 83 des here

359 798 247 128 ticques.

359 884 232 140 Ro.7.d

386 1597 288 128 La perfe

389 1710 291 101 ctiõ des

395 1790 291 110 hões est

380 1870 288 119 qͥlz se cõ¬

380 1956 255 119 gnoissẽt

371 2054 241 101 impar¬

380 2137 190 89 faictz.

389 2206 226 104 Paul a

395 2310 211 97 este icy

401 2381 246 104 parfaict

392 2476 273 92 ⁊ impar¬

389 2541 187 125 faict.

380 2654 303 178 Sap.9d

395 2868 226 151 Ro.7.d

1668 2975 398 126 este parfaict
