2212 3563
151 276 1365 101 couraige: car cõbien q̃ ne soyons riens en noz

154 368 1350 89 cueͬs: par auẽture autre chose peult estre mu¬

168 453 1333 97 cee de noꝰ/ au cueur de dieu. O pere des mise¬

160 530 1343 101 ricordes/ O pere des miserables: poͬquoy ad¬

150 613 1358 107 iouste tu ton cueur enuers eulx? Ie scay biẽ ⁊

142 694 1339 107 si suis certain/ q̃ la ou est tõ tresor/ la aussi eft

132 783 1351 95 ton cueur. Cõmẽt dõcques ne sõmes noꝰ riẽs/

136 863 1349 106 si noꝰ sommes ton tresor?? Toutes gens sont

126 946 1365 101 deuãt toy cõme si elles nestoiẽt riẽs/ ⁊ seront

122 1029 1379 103 reputees cõe riens/ ⁊ chose uaine. Ouy uraye

120 1112 1381 105 ment deuãt toy: mais nõ pas ainsi dedãs toy.

120 1197 1379 95 Ainsi au iugement de ta uerite: mais non pas

112 1267 1383 119 ainsi en laffectiõ de ta pitie? Mais certaine¬

112 1353 1383 116 mẽt tu appelle les choses qͥ ne sont pas/ cõme

114 1444 1381 103 les choses qͥ sont. Elles ne sont pas dõcques/

126 1528 1371 103 car tu appelle les choses qͥ ne sõt pas: ⁊ si sõt/

138 1613 1380 101 pource q̃ tu les appelle.? Car cõbien õdues ne

136 1683 1386 110 soiẽt riẽs quãt a uoy: ne anrmoins toutesfoys

127 1766 1377 104 enuers toy elles som/ ffre cho/e⁊ce uerrra¬

118 1854 1367 111 blemẽt selõ le dit de lapostre.UNon point par

104 1932 1382 107 les oeuures: mais par dieu qͥ appelle. Car ue

104 2016 1382 115 ritablemẽt tu cõ sole en ta pitie tellement/ ce¬

108 2108 1385 106 luy q̃ tu as humilie en ta uerite: q̃ magnificq̃¬

122 2193 1381 107 mẽt il se resiouyt en tõ esperit ⁊ en tes entrail

130 2276 1369 105 les: la ou meritoirement il estoit angoisse en

124 2354 1371 113 soymesme.A Car aufitoutes tes uoyes sont

118 2440 1398 97 misericorde ⁊ uerite: a ceulx qͥrederẽt ton testa

118 2525 1406 103 mẽt/ ⁊ tes tesmoignages/ assauoir le testamẽt

128 2608 1382 103 de ta pitie/ ⁊ les fesmoignages de ta uerite. O

126 2696 1377 100 toy hõme lis en ton cueͬ/ ⁊ en toymesme/ ⁊ dõ¬

120 2777 1379 99 ne de toymesme les tesmoignages de uerite: ⁊

118 2862 1381 130 tu trouueras q̃ aussi tu es in digne q̃ le soleil

413 115 1014 173 de Adam. Chap̃.ii.

1534 288 267 112 quant a

1522 362 128 124 soy.

1608 118 89 140 14

1508 736 274 85 matt.6.c

1508 892 270 109 Esa.40.

1519 1273 261 101 rom̃.4.c

1519 1359 264 116 geñ.17.a

1548 1625 256 105 Enuers

1534 1707 243 101 dieu les

1516 1793 223 98 hõmes

1514 1886 262 99 sont q̃lq̃

1504 1956 202 104 chose.

1507 2042 273 137 rom̃.9.g

1519 2351 241 178 Ps̈.14.

1312 2951 187 119 luyse
