2212 3563
422 178 1011 145 oeuures. Chap̃.x.

118 320 1404 111 este parfaict par latẽte du don: il a este impar¬

130 409 1365 116 faict par la fatigation de la bataille. Il a este

134 492 1359 111 parfaict de ce quil seruoit de sa pẽsee a la loy

138 577 1363 103 de dieu: il a este imparfaict de ce q̃ de sa chair

142 659 1365 109 seruoit a la loy de peche. Il a este parfaict en

128 748 1377 105 ayant desir de estre deslie/ ⁊ destre auec Christ:

116 827 1389 111 mais il a este imparfaict q̃ aussi longuement

112 914 1392 101 quil fut au corps/ il estoit pelerin au seigneur.

132 991 1376 113 Il a este parfaict en cõgnoissant parfaictemẽt

126 1080 1386 101 q̃ dieu est puissant de faire tout ce qͥl a promis:

121 1152 1386 106 mais il a este imparfaict de ce q̃ * dieu na pas

121 1235 1380 118 faict encore en ses sainctz aucunes choses de

118 1315 1386 119 celles quil a promis. Poͬ laquelle chose aussi

115 1416 1389 101 tous les iustes anciens (cõme dit le mesme apo

124 1502 1380 101 stre) esprouuez par le tesmoignage de foy/ ne

130 1567 1395 122 sont point parfaictz/ sãs la perfectiõ de ceulx

136 1653 1410 116 qui suiuent: cõme aussi les sainctz qui suiurõt

136 1733 1401 113 ne peuuent estre parfaictz/ sans la perfection

139 1820 1368 112 des precedens. Et ainsi adonc sera donne le

134 1906 1376 115 don parfaict/ quant leternelle glorificatiõ se¬

128 2003 685 99 ra donne aux sainctz.

277 2072 1075 109 ¶ Chrysostome en son oeuure im¬

386 2159 835 105 parfaicte/ au .ui. Chapitre.

148 2238 1370 113 ¶ Si ung chascun considere les mouuemens

142 2325 1378 107 de sa chair/ il sera trouue qͥl ne fera nul bien:

134 2405 1408 112 car tout bien est de nous acomply en contredi¬

140 2482 1418 117 sant a nous mesme/ par ce que la nature de la

144 2575 812 101 chair est contraire a bien.

354 2648 1022 117 ¶ Augustin/ au liure de la lettre

657 2741 402 107 ⁊ de lesprit.

145 2799 1380 131 ¶ Pourtãt acõplirons nous ce premier cõmã

142 2891 1383 146 demẽt de iustice/ par lequel il nous est cõmãde

1602 175 149 148 155

1534 397 297 131 Phił.1.d

1525 902 241 116 Ro.4.d

1575 1157 202 116 Dieu

1528 1250 255 100 na pas

1519 1330 279 104 encore dõ

1522 1407 285 101 ne perfe¬

1528 1499 288 89 ctiõ a ses

1551 1579 238 104 sainctz

1569 1653 256 128 iusq̃s au

1560 1742 206 122 dernier.

1528 1840 154 107 iour.

1548 2788 235 139 Nul ne

1543 2900 231 104 acõplit

1551 2989 256 122 ces deux

921 2992 601 122 U .iii. de aymer
