2211 3563
383 302 267 128 cõmãde

380 412 288 104 mẽs/ ay¬

380 507 282 86 mer dieu

383 587 264 107 ⁊ son ꝓ¬

371 676 270 104 chain de

368 763 259 89 tout son

350 837 291 104 cueur en

344 923 309 122 ceste uie.

686 288 1367 139 de aymer dieu de tout nostre cueur et de toute

686 385 1373 131 nostre ame/ ⁊ de toute nostre pẽsee/ auquel est

683 478 1376 127 lautre cõsequent/ ascauoir de aymer son pro¬

671 564 1385 115 chain: nous lacõphirons dis ie en icelle uie la

659 641 1397 128 ou nous uerrons face a face. Mais pource

653 721 1400 125 au ssi nous estce cõmandemẽt commande icy:

671 795 1382 131 affin q̃ soyõs admõnestez q̃lle chose nous deb¬

686 896 1367 122 uõs demãder par soy/ ⁊ la ou noꝰ debuõs met¬

671 981 1389 111 tre nostre esperãce/ ⁊ cõmẽt nous debuons de¬

661 1060 1393 117 laisser les choses passees ⁊ noꝰegẽdre aux cho

647 1142 1389 120 ses a bente. Et par ce autãt qͥl me sedle/ cestuy

628 1229 1420 119 proffite beaucoup en ceste uie quãt a la iuf̃ice

633 1312 1417 121 qͥ se doibt parfaire: leq̃l en proffitãt cõ gnoit cõ

641 1397 1365 115 bien quid efrloing de uaperfection de iustice.

667 1476 1391 137 Esa.10.D. ¶ La coignee se glort

683 1593 1373 140 fiera elle cõtre celuy qͥ en frappe: ou

667 1706 1401 138 la sye se esleuera elle cõtre celuy qui

663 1823 1407 128 la tire? Cõme si la uerge se esleuoit

653 1935 1409 137 cõtre celuy qui la eslieue/ ⁊ que le ba¬

649 2054 1407 137 ston se eslieue/ lequel nest que boys?

649 2167 1409 131 Esaie.14.4. ¶ Certainement le

665 2286 1389 130 seigneur des armees a delibere: ⁊ qͥ

667 2395 1397 136 le pourra amolir? ⁊ sa main est esten

673 2513 1003 129 due/ ⁊ qui la destournera?

681 2622 1391 137 Esaie.64. C. ¶ Aussi maintenãt

689 2745 1379 127 seigñr/ tu es nostre pere/ mais nous

691 2858 1367 160 sommes terre: tu es aussi nostre for¬

988 176 648 142 De la foy ⁊ des

1777 2977 283 112 mateur/
