2211 3563
389 388 276 122 La craĩ¬

386 501 276 86 te et la¬

389 587 249 113 mour de

389 656 148 118 dieu.

675 316 1385 107 ¶ Certainement lamour ⁊ la crainte de dieu

683 397 1370 110 me esmeut fort.7 La crainte poͬce qͥl est iuste.

668 481 1388 115 Sõ amour/ poͬce qͥl est misericordieux. Qui

647 570 1409 109 seroit celuy qͥ luy diroit sil dãnoit le iuste/ q̃lle

638 650 1421 101 chose as tu faict? Cõbien dõcques est grãde sa

633 736 1427 107 misericorde de iustifier celuy qͥ est iniuste? De

647 827 1409 99 ce auõs nous ouy aussi lapostre qui noꝰ a este

659 910 1391 99 leut lequel princioalemẽt loue ceste grace: par

669 987 1383 97 laquelle louẽge il audit les Iuifz ennemis cõ

657 1070 1387 101 me eulx presumans de la lettre de la loy/ ⁊ cõ

637 1154 1399 104 me ay/a//tleuiustice/ ⁊ eulx uantãt/ desq̃lz

621 1229 1420 116 il dit.?Ie leur dõne tesmoignage/ quilz ont le

621 1312 1426 116 zele de dieu: mais non pas selon sciẽce. Et cõ

647 1395 1409 113 me sõ lux disoit: quest ce dauoir le zele de dieu

659 1493 1391 89 ⁊ non selon science: il dist apres incõtinent: car

665 1558 1376 101 eulx estãt ignorãs de la iustice de dieu: ⁊ uou¬

653 1650 1395 97 lant leur propre cõstituer/ ilz ne sont pas sub¬

655 1735 1401 103 iectz a la iustice de dieu. Eulx glorifiãs/ dit il

647 1821 1405 95 cõme des oeuures ilz se sorclosent de la grace:

637 1900 1411 101 et cõme presumant faulsement de leur sante:

624 1983 1422 103 refuesẽt la medecine. Cõtre telz auoit dit le sei¬

627 2060 1420 113 gneur.? Ie ne suis pot// Uem poͬ appeber les

612 2153 1428 95 iustes/ mais les pecheurs a penitẽce. Les sains

620 2232 1416 103 nont q̃ faire de medecm/ mais ceulx qͥ sõt ma¬

637 2313 1411 103 lades. Cest doncq̃s toute la plus grãde sciẽce

637 2403 1403 99 de lhõme/ q̃ de scauoir q̃ par soy il nest riẽs: ⁊ q̃

656 2473 1385 113 tout ce qͥl est/ il est de dieu ⁊ quil est pour dieu.

662 2571 1382 98 C este grace dõcques loue lapostre: de ce deser¬

665 2648 1382 113 uit il auoir les iuifz ennemis/ qͥ se glorifioient

665 2731 1092 103 de la lettre de la loy ⁊ de leur iustice.

665 2814 1367 109 ¶ Dõcq̃s en ta iustice ⁊ non pas en la miẽne.

643 2901 1385 115 Car q̃lle chose a p̃cede par ma iustice? Iniqͥte.

1020 184 644 134 De la foy ⁊ des

338 1226 244 127 Ro.10.a

335 1333 235 107 Le zele

341 1413 253 107 de dieu

350 1484 285 104 non uas

368 1582 276 116 selon sci

372 1672 194 77 ence.

350 2063 244 116 mat.9.b

368 2337 226 91 Lhõme

372 2424 204 95 de soy

362 2497 270 103 nest riẽs.

362 2589 276 101 Gał.6.a

344 2657 297 101 1.cor.19.b

350 2737 285 134 Act̃.17.f

1680 2990 352 113 7 Et quant
