2211 3563
368 412 285 116 1.cor.15.g

374 501 276 122 Nul hõ

374 593 253 110 me nest

371 674 235 112 icy sans

359 757 184 109 peche.

338 837 280 113 ephe.2.a

341 926 291 116 Iob.25.a

344 1018 119 86 ⁊.b

341 1092 274 122 Luc.1.a

671 332 1371 113 ¶ Mort ou est ta uictoire? Mort ou est ton a¬

674 412 1394 125 guillo? Mais le peche est laguillõ de la mort.

668 507 1370 104 YIl fault doncques traicter plus diligẽment/

644 587 1403 116 pour aucuns aultres qͥ ont entẽdu/ ⁊ ont mã-

635 671 1406 118 de en leurs lettres/ q̃ aussi en ceste uie les hões

630 763 1417 101 peuuẽt estre sans peche: nõ pas du cõmẽcemẽt

641 831 1397 110 de leur natiuite/ mais par la cõuersiõ des pe¬

662 923 1379 110 chez a iustice/ ⁊ de uie reprouuee/ a bonne uie.

659 1009 1379 110 Et ainsi ont ilz entẽdu ce qui est escript de za-

650 1083 1376 116 charie ⁊ de Elizabeth  ascaudir iceulx auotr

622 1171 1398 109 chemme en toutes les iustifications du seigñr

612 1260 1416 107 sans querelle. Ce qui est dit sans q̃relle/ ilzont

612 1332 1430 118 prins pour estre dit sans peche: nõ pas toutes¬

626 1421 1416 111 foys nyãt/ mesme (cõe aussi est trouue en au¬

635 1502 1393 107 tres lieux en leurs lettres) fidelemẽt cõfessãt

649 1581 1381 115 lay de de la grace de nr̃e dieu: non point par le

647 1670 1389 103 naturel esprit de lhõme/ mais par lesprit prin

643 1745 1395 113 cipal de dieu. Mais sẽble qͥlz ont peu cõsidere

659 1820 1373 127 q̃ zacharie estoit p̃stre. Et que adõc tous p̃stres

639 1918 1395 104 estoiẽt cõstrainctz par la loy de dieu de p̃mier

622 1997 1408 109 offri le sacrifice poͬ leurs pechez/ puis apres

615 2075 1414 116 pour le peueple.? Cõme mess/ /atntemamt par

615 2155 1402 122 le sacrifice de oraison nous sommes conuain¬

635 2238 1385 113 eus que nous ne Iommes point sãs peche: car

644 2318 1388 119 il nous est cõmande de dire.? Pardõne nous

650 2405 1379 118 noz debtes. Ainsi pareillement alors par les

649 2492 1383 110 oblatiõs des sacrifices des bestes/ les prestres

645 2579 1383 109 estoiẽt monstrez qͥlz nestoiẽt point sans peche:

647 2660 1383 109 ausquelz estoit commãde de offrir pour leurs

645 2745 1389 113 pechez. Que sil est ainsi/ q̃ par la grace du sau

631 2828 1387 105 ueur nous proffitõs en ceste uie/ quãt la cupi¬

626 2903 1386 131 dite fault ⁊ la charite croist: ⁊ que nous soyõs

982 201 652 137 De la foy ⁊ des

344 1823 291 124 Leui.6.d

326 2066 244 134 Oraisõ

329 2167 256 119 est sacri¬

341 2253 143 107 fice.

338 2339 280 107 Hebr.5.a

335 2419 297 122 mat.6.b

1713 2992 303 113 parfaictz
