<?xml version="1.0" encoding="UTF-8"?>
<alto xmlns:xsi="http://www.w3.org/2001/XMLSchema-instance"
      xmlns="http://www.loc.gov/standards/alto/ns-v4#"
      xsi:schemaLocation="http://www.loc.gov/standards/alto/ns-v4# http://www.loc.gov/standards/alto/v4/alto-4-2.xsd">
  <Description>
    <MeasurementUnit>pixel</MeasurementUnit>
    <sourceImageInformation>
      <fileName>321_ed93f_default.jpg</fileName>
      <fileIdentifier>https://www.e-rara.ch/i3f/v20/4106056/full/full/0/default.jpg</fileIdentifier>
    </sourceImageInformation>
  </Description>
  <Tags>
    <OtherTag ID="BT8" LABEL="DamageZone" DESCRIPTION="block type DamageZone"/><OtherTag ID="BT10" LABEL="DropCapitalZone" DESCRIPTION="block type DropCapitalZone"/><OtherTag ID="BT11" LABEL="GraphicZone" DESCRIPTION="block type GraphicZone"/><OtherTag ID="BT12" LABEL="MainZone" DESCRIPTION="block type MainZone"/><OtherTag ID="BT13" LABEL="MarginTextZone" DESCRIPTION="block type MarginTextZone"/><OtherTag ID="BT15" LABEL="NumberingZone" DESCRIPTION="block type NumberingZone"/><OtherTag ID="BT17" LABEL="QuireMarksZone" DESCRIPTION="block type QuireMarksZone"/><OtherTag ID="BT18" LABEL="RunningTitleZone" DESCRIPTION="block type RunningTitleZone"/><OtherTag ID="BT20" LABEL="StampZone" DESCRIPTION="block type StampZone"/><OtherTag ID="BT21" LABEL="TableZone" DESCRIPTION="block type TableZone"/><OtherTag ID="BT22" LABEL="TitlePageZone" DESCRIPTION="block type TitlePageZone"/><OtherTag ID="BT132" LABEL="MarginTextZone:handwrittenAddition" DESCRIPTION="block type MarginTextZone:handwrittenAddition"/>
    <OtherTag ID="LT7" LABEL="CustomLine" DESCRIPTION="line type CustomLine"/><OtherTag ID="LT8" LABEL="DefaultLine" DESCRIPTION="line type DefaultLine"/><OtherTag ID="LT9" LABEL="DropCapitalLine" DESCRIPTION="line type DropCapitalLine"/><OtherTag ID="LT10" LABEL="HeadingLine" DESCRIPTION="line type HeadingLine"/><OtherTag ID="LT11" LABEL="InterlinearLine" DESCRIPTION="line type InterlinearLine"/><OtherTag ID="LT125" LABEL="default" DESCRIPTION="line type default"/>
  </Tags>
  <Layout>
    <Page WIDTH="2211"
          HEIGHT="3563"
          PHYSICAL_IMG_NR="321"
          ID="eSc_dummypage_">
      <PrintSpace HPOS="0"
                  VPOS="0"
                  WIDTH="2211"
                  HEIGHT="3563">
        <TextBlock HPOS="1017"
                   VPOS="193"
                   WIDTH="676"
                   HEIGHT="134"
                   ID="eSc_textblock_f3c4d9f3"
                   TAGREFS="BT18">
          <Shape><Polygon POINTS="1022 193 1017 327 1693 327 1690 201"/></Shape>
          <TextLine ID="eSc_line_32bb79a6"
                    TAGREFS="LT10"
                    BASELINE="1034 287 1682 281" 
                    HPOS="1032"
                    VPOS="190"
                    WIDTH="650"
                    HEIGHT="140">
            <Shape><Polygon POINTS="1573 207 1571 205 1567 201 1547 201 1527 201 1507 199 1487 199 1472 199 1452 203 1428 207 1412 201 1398 197 1388 197 1368 197 1349 195 1329 195 1309 195 1289 195 1269 193 1250 193 1230 193 1228 193 1214 199 1188 209 1158 199 1139 192 1131 192 1111 190 1105 190 1042 195 1032 203 1034 287 1034 304 1052 314 1053 314 1055 314 1293 306 1325 328 1327 328 1329 328 1331 330 1426 330 1426 328 1428 328 1430 328 1442 318 1460 328 1462 328 1464 328 1539 326 1541 326 1543 326 1543 324 1555 314 1610 326 1612 326 1614 326 1682 296 1682 281 1676 221 1666 207"/></Shape>
	    <String CONTENT="De la foy ⁊ des"
                    HPOS="1032"
                    VPOS="190"
                    WIDTH="650"
                    HEIGHT="140"
                    WC="0.9980438907941183"></String>
          </TextLine>
        </TextBlock>
        <TextBlock HPOS="608"
                   VPOS="326"
                   WIDTH="1514"
                   HEIGHT="2675"
                   ID="eSc_textblock_05c31511"
                   TAGREFS="BT12">
          <Shape><Polygon POINTS="888 326 697 550 642 778 679 1072 627 1351 635 1516 685 1619 663 2031 629 2130 618 2162 656 2608 656 2612 608 2997 2079 3001 2122 566 1927 338"/></Shape>
          <TextLine ID="eSc_line_11b6f5d7"
                    TAGREFS="LT10"
                    BASELINE="879 411 1923 405" 
                    HPOS="877"
                    VPOS="330"
                    WIDTH="1046"
                    HEIGHT="113">
            <Shape><Polygon POINTS="1895 342 1810 346 1802 342 1790 336 1789 336 1787 336 1755 342 1741 346 1731 344 1697 330 1695 330 1596 330 1594 330 1592 330 1555 344 1545 350 1277 350 1275 348 1248 334 1246 334 1244 334 1242 334 1194 348 1180 336 1180 334 1178 334 1176 334 1125 334 1123 334 1121 334 1119 334 1097 350 1095 352 1061 352 1061 350 1044 336 1044 334 1042 334 1040 334 905 334 903 334 901 334 899 334 877 346 879 411 879 443 1034 429 1127 439 1166 443 1168 443 1170 443 1190 439 1232 427 1400 433 1571 441 1573 441 1575 441 1610 429 1628 425 1652 429 1705 439 1707 439 1814 429 1842 439 1844 439 1846 439 1848 439 1850 439 1868 425 1870 425 1923 425 1923 405 1917 344 1907 344"/></Shape>
	    <String CONTENT="¶ Hierosme contre les Pelagiens"
                    HPOS="877"
                    VPOS="330"
                    WIDTH="1046"
                    HEIGHT="113"
                    WC="0.9996677521736391"></String>
          </TextLine>
          <TextLine ID="eSc_line_dfddadd1"
                    TAGREFS="LT10"
                    BASELINE="1139 486 1684 490" 
                    HPOS="1137"
                    VPOS="423"
                    WIDTH="547"
                    HEIGHT="103">
            <Shape><Polygon POINTS="1137 508 1164 524 1166 524 1168 524 1170 524 1172 524 1188 512 1204 524 1206 524 1208 524 1210 524 1212 524 1242 512 1254 524 1256 524 1258 524 1260 524 1262 524 1299 514 1353 524 1355 524 1406 516 1418 526 1420 526 1422 526 1424 526 1682 510 1684 490 1684 437 1642 425 1640 425 1638 425 1636 425 1634 425 1620 435 1571 425 1569 425 1372 433 1370 433 1341 423 1339 423 1337 423 1139 431 1139 486"/></Shape>
	    <String CONTENT="au premier liure."
                    HPOS="1137"
                    VPOS="423"
                    WIDTH="547"
                    HEIGHT="103"
                    WC="0.9999341859537012"></String>
          </TextLine>
          <TextLine ID="eSc_line_736c6281"
                    TAGREFS="LT8"
                    BASELINE="711 591 806 595 2100 591" 
                    HPOS="707"
                    VPOS="504"
                    WIDTH="1391"
                    HEIGHT="122">
            <Shape><Polygon POINTS="710 590 710 626 2095 617 2098 590 2089 516 1551 519 1536 516 1474 504 1471 504 1372 519 1358 519 1340 519 1191 504 1188 504 1075 519 1072 519 1069 519 1001 504 998 504 861 519 745 504 742 504 739 504 707 516 710 590"/></Shape>
	    <String CONTENT="¶ Tout hõme qͥ est naiz de dieu ne peche pas:"
                    HPOS="707"
                    VPOS="504"
                    WIDTH="1391"
                    HEIGHT="122"
                    WC="0.9999116646206897"></String>
          </TextLine>
          <TextLine ID="eSc_line_dab48e9e"
                    TAGREFS="LT8"
                    BASELINE="692 684 2095 684" 
                    HPOS="689"
                    VPOS="602"
                    WIDTH="1403"
                    HEIGHT="110">
            <Shape><Polygon POINTS="689 703 2089 712 2092 682 2089 602 689 608 689 682"/></Shape>
	    <String CONTENT="il ne faict pas de peche. Mais si tout hõme qͥ"
                    HPOS="689"
                    VPOS="602"
                    WIDTH="1403"
                    HEIGHT="110"
                    WC="0.9901000565670907"></String>
          </TextLine>
          <TextLine ID="eSc_line_2e4b1571"
                    TAGREFS="LT8"
                    BASELINE="669 760 2096 760" 
                    HPOS="669"
                    VPOS="692"
                    WIDTH="1427"
                    HEIGHT="99">
            <Shape><Polygon POINTS="669 760 669 777 715 791 717 791 719 791 721 791 760 779 1162 779 1170 779 1220 791 1222 791 2096 783 2096 760 2094 696 1414 708 1384 702 1339 692 1337 692 1335 692 1333 692 1321 702 1313 710 1198 710 1190 704 1166 692 1164 692 1162 692 1160 692 1111 704 1095 692 1093 692 1091 692 1089 692 1087 692 1085 692 1073 702 1034 692 1032 692 1030 692 1028 692 1006 704 986 692 984 692 982 692 818 692 816 692 814 692 782 706 737 692 735 692 733 692 731 692 669 708 669 760"/></Shape>
	    <String CONTENT="est naiz de dieu ne peche pas/ pour ce que la se¬"
                    HPOS="669"
                    VPOS="692"
                    WIDTH="1427"
                    HEIGHT="99"
                    WC="0.9935444240667382"></String>
          </TextLine>
          <TextLine ID="eSc_line_7d6483cc"
                    TAGREFS="LT8"
                    BASELINE="673 843 2098 843" 
                    HPOS="673"
                    VPOS="777"
                    WIDTH="1425"
                    HEIGHT="99">
            <Shape><Polygon POINTS="673 843 673 868 1079 863 1093 866 1113 874 1115 874 1117 874 1119 874 1137 866 1149 863 1172 866 1216 874 1218 876 1602 876 1602 874 1745 863 1765 863 1771 863 1808 874 1810 874 1812 876 2040 876 2040 874 2098 861 2098 843 2098 795 2016 795 2014 793 1961 777 1959 777 1957 777 1955 777 1903 793 1899 793 1894 793 1840 783 1838 783 1836 783 1804 791 1800 793 1796 791 1771 779 1769 779 1767 779 1765 779 1723 791 1717 793 1713 791 1691 777 1689 777 1687 777 1685 777 1626 791 1612 793 1573 791 1481 783 1479 783 1477 783 1458 789 1446 795 1192 795 1180 787 1164 777 1162 777 1160 777 1158 777 673 783 673 843"/></Shape>
	    <String CONTENT="mence diceluy demeure en luy: et ne peult pe¬"
                    HPOS="673"
                    VPOS="777"
                    WIDTH="1425"
                    HEIGHT="99"
                    WC="0.9922490358352661"></String>
          </TextLine>
          <TextLine ID="eSc_line_d9cdbe6c"
                    TAGREFS="LT8"
                    BASELINE="681 922 2092 928" 
                    HPOS="679"
                    VPOS="855"
                    WIDTH="1413"
                    HEIGHT="105">
            <Shape><Polygon POINTS="681 922 679 940 746 956 748 956 750 956 776 944 867 944 881 956 883 956 885 956 887 956 889 956 891 956 913 944 1010 944 1087 956 1089 956 1091 956 1131 946 1166 958 1168 958 1170 958 1438 950 1622 960 1624 960 1866 948 2038 960 2040 960 2042 960 2090 946 2092 928 2092 874 2066 859 2064 859 2062 859 2060 859 1973 874 1971 874 1969 874 1894 859 1892 859 1890 859 1888 859 1864 872 1860 876 1622 876 1254 874 1200 863 1151 855 1006 855 1004 855 1002 855 984 861 954 868 903 859 875 855 873 855 871 855 869 855 865 859 847 870 818 859 810 855 808 855 806 855 681 855 681 922"/></Shape>
	    <String CONTENT="cher/ pour ce qͥl est naiz de dieu: par quelle cõse"
                    HPOS="679"
                    VPOS="855"
                    WIDTH="1413"
                    HEIGHT="105"
                    WC="0.991204613676438"></String>
          </TextLine>
          <TextLine ID="eSc_line_72f3fceb"
                    TAGREFS="LT8"
                    BASELINE="695 1003 2080 1009" 
                    HPOS="693"
                    VPOS="940"
                    WIDTH="1387"
                    HEIGHT="103">
            <Shape><Polygon POINTS="695 1003 693 1023 740 1039 742 1039 744 1039 746 1039 788 1027 994 1039 996 1039 998 1039 1034 1027 1083 1039 1085 1039 1087 1039 1206 1029 1222 1041 1224 1041 1226 1041 1228 1041 1361 1031 1642 1043 1644 1043 1646 1043 1648 1043 1664 1031 1757 1043 1759 1043 1761 1043 1787 1031 1816 1043 1818 1043 1820 1043 2078 1029 2080 1009 2074 946 2040 958 1969 958 1957 946 1955 944 1953 944 1951 944 1949 944 1917 946 1792 956 1765 946 1757 944 1755 944 1753 944 1739 946 1691 956 1596 956 1586 946 1584 944 1582 944 1580 944 1579 944 1577 944 1569 946 1551 956 1386 956 1370 948 1365 944 1363 944 1361 944 1335 948 1301 952 1291 948 1279 942 1277 942 1275 942 1214 948 1166 952 1158 948 1149 940 1147 940 1145 940 1143 940 1141 940 1109 948 1091 952 1042 948 948 940 947 940 895 948 873 952 867 948 859 940 857 940 855 940 853 940 695 948 695 1003"/></Shape>
	    <String CONTENT="quẽce luy mesme dit il au mesme lieu. Si noꝰ"
                    HPOS="693"
                    VPOS="940"
                    WIDTH="1387"
                    HEIGHT="103"></String>
          </TextLine>
          <TextLine ID="eSc_line_2de3576b"
                    TAGREFS="LT8"
                    BASELINE="695 1084 2090 1094" 
                    HPOS="695"
                    VPOS="1019"
                    WIDTH="1395"
                    HEIGHT="105">
            <Shape><Polygon POINTS="695 1084 695 1114 927 1106 947 1114 950 1116 952 1116 954 1116 976 1114 1044 1108 1052 1114 1055 1118 1057 1118 1059 1118 1061 1118 1087 1114 1127 1108 1137 1114 1141 1118 1143 1118 1145 1118 1147 1118 1283 1114 1424 1110 1430 1114 1436 1120 1438 1120 1440 1120 2000 1124 2002 1124 2088 1112 2090 1094 2086 1035 1864 1043 1820 1031 1804 1027 1802 1027 1800 1027 1798 1027 1796 1027 1792 1031 1775 1041 1604 1031 1602 1031 1539 1041 1519 1029 1517 1029 1515 1029 1513 1029 1511 1029 1509 1029 1497 1037 1418 1027 1416 1027 1414 1027 1412 1027 1410 1027 1392 1039 1363 1027 1361 1027 1341 1025 1226 1023 1224 1023 1222 1023 1220 1025 1194 1039 1014 1039 966 1021 964 1021 962 1021 960 1021 956 1021 881 1035 824 1021 822 1021 695 1019 695 1084"/></Shape>
	    <String CONTENT="disons que nous nauõs point de peche/ nous"
                    HPOS="695"
                    VPOS="1019"
                    WIDTH="1395"
                    HEIGHT="105"></String>
          </TextLine>
          <TextLine ID="eSc_line_bb478522"
                    TAGREFS="LT8"
                    BASELINE="683 1169 2086 1179" 
                    HPOS="681"
                    VPOS="1104"
                    WIDTH="1405"
                    HEIGHT="105">
            <Shape><Polygon POINTS="683 1169 681 1193 691 1201 693 1201 695 1201 697 1201 748 1191 758 1189 764 1191 790 1201 792 1201 794 1201 847 1191 861 1189 875 1191 923 1201 925 1201 982 1191 988 1191 990 1191 1002 1203 1004 1203 1006 1203 1008 1205 1091 1205 1091 1203 1093 1203 1095 1203 1107 1193 1111 1191 1242 1191 1250 1193 1291 1205 1293 1205 1295 1205 1410 1193 1422 1193 1426 1193 1468 1205 1470 1205 1472 1205 1586 1197 1620 1207 1622 1207 1624 1207 1626 1207 1628 1207 1638 1199 1646 1207 1648 1207 1650 1207 1652 1207 1705 1199 1842 1209 1844 1209 2084 1195 2086 1179 2086 1122 1915 1112 1913 1112 1874 1120 1854 1124 1850 1120 1840 1112 1838 1112 1836 1112 1771 1112 1769 1112 1767 1112 1765 1112 1753 1120 1747 1124 1575 1124 1563 1118 1527 1108 1525 1108 1523 1108 1521 1108 1497 1118 1491 1122 1414 1122 1410 1118 1400 1108 1398 1108 1396 1108 1394 1108 1392 1108 1367 1118 1365 1118 1353 1118 1228 1108 1226 1108 1224 1108 1190 1118 1186 1118 1184 1118 1170 1106 1168 1106 1166 1106 1042 1106 1040 1106 1038 1106 1012 1116 1006 1118 998 1116 943 1104 941 1104 939 1104 895 1116 893 1116 889 1116 851 1104 849 1104 847 1104 845 1104 843 1104 826 1116 824 1116 683 1116 683 1169"/></Shape>
	    <String CONTENT="nous seduysons nous mesmes/ ⁊ ny a pas de"
                    HPOS="681"
                    VPOS="1104"
                    WIDTH="1405"
                    HEIGHT="105"
                    WC="0.993688884304791"></String>
          </TextLine>
          <TextLine ID="eSc_line_dfa32dfc"
                    TAGREFS="LT8"
                    BASELINE="663 1256 2078 1262" 
                    HPOS="663"
                    VPOS="1189"
                    WIDTH="1415"
                    HEIGHT="101">
            <Shape><Polygon POINTS="663 1256 663 1282 887 1276 925 1282 950 1286 952 1286 954 1286 968 1282 988 1276 994 1282 998 1286 1000 1286 1002 1286 1004 1286 1036 1282 1065 1278 1135 1282 1252 1288 1254 1288 1256 1288 1283 1282 1297 1278 1535 1278 1541 1280 1551 1288 1553 1288 1555 1288 1557 1288 1592 1280 1604 1278 1614 1280 1648 1290 1650 1290 1652 1290 1725 1280 1729 1280 1731 1280 1761 1290 1763 1290 1765 1290 1767 1290 1790 1280 1804 1290 1806 1290 1808 1290 1810 1290 1870 1280 1872 1280 1874 1280 2032 1290 2034 1290 2036 1290 2076 1278 2078 1262 2076 1203 1981 1193 1979 1193 1977 1193 1975 1193 1963 1201 1955 1205 1905 1201 1850 1195 1848 1195 1806 1199 1757 1205 1721 1199 1689 1193 1687 1193 1662 1197 1626 1205 1575 1197 1533 1191 1531 1191 1529 1191 1527 1191 1519 1197 1507 1203 1485 1197 1470 1191 1468 1191 1466 1191 1464 1191 1448 1195 1424 1205 1279 1205 1220 1193 1200 1191 1198 1191 1196 1191 1186 1193 1151 1203 1135 1193 1133 1193 1131 1193 1129 1193 1125 1193 1059 1201 998 1191 978 1189 976 1189 974 1189 972 1189 970 1191 954 1201 925 1191 919 1189 917 1189 915 1189 913 1189 905 1191 865 1201 826 1189 822 1189 820 1189 818 1189 812 1189 756 1201 740 1189 738 1189 737 1189 663 1189 663 1256"/></Shape>
	    <String CONTENT="uerite en nous? Ignore tu la raiso: en doubte"
                    HPOS="663"
                    VPOS="1189"
                    WIDTH="1415"
                    HEIGHT="101"
                    WC="0.9872357169787089"></String>
          </TextLine>
          <TextLine ID="eSc_line_35d447b3"
                    TAGREFS="LT8"
                    BASELINE="643 1342 2078 1346" 
                    HPOS="641"
                    VPOS="1274"
                    WIDTH="1437"
                    HEIGHT="99">
            <Shape><Polygon POINTS="643 1342 641 1357 752 1371 754 1371 907 1361 1093 1371 1095 1371 1097 1371 1141 1361 1361 1373 1363 1373 1479 1363 1507 1373 1509 1373 1511 1373 1513 1373 1551 1363 1749 1363 1773 1373 1775 1373 1777 1373 1941 1363 2008 1373 2010 1373 2076 1361 2078 1346 2076 1290 2026 1278 2024 1278 1899 1288 1892 1288 1876 1278 1874 1278 1872 1278 1870 1278 1868 1278 1844 1288 1842 1288 1816 1276 1814 1276 1812 1276 1733 1288 1723 1288 1715 1288 1666 1276 1664 1276 1618 1286 1608 1288 1567 1286 1359 1274 1357 1274 1216 1284 1186 1286 1182 1284 1170 1274 1168 1274 1166 1274 1164 1274 1117 1284 1105 1286 1103 1284 1091 1274 1089 1274 1087 1274 1085 1274 1083 1274 1065 1284 1063 1284 1061 1284 1032 1274 1030 1274 1028 1274 974 1282 950 1286 643 1282 643 1342"/></Shape>
	    <String CONTENT="tu/ ⁊ en es tu trouble? Escoute le mesme euan"
                    HPOS="641"
                    VPOS="1274"
                    WIDTH="1437"
                    HEIGHT="99"></String>
          </TextLine>
          <TextLine ID="eSc_line_e2e744dd"
                    TAGREFS="LT8"
                    BASELINE="657 1429 2088 1429" 
                    HPOS="656"
                    VPOS="1350"
                    WIDTH="1430"
                    HEIGHT="113">
            <Shape><Polygon POINTS="656 1428 656 1463 2086 1448 2086 1428 2086 1356 656 1350 656 1428"/></Shape>
	    <String CONTENT="geliste. * Si nous confessons noz pechez: il est"
                    HPOS="656"
                    VPOS="1350"
                    WIDTH="1430"
                    HEIGHT="113"></String>
          </TextLine>
          <TextLine ID="eSc_line_bfc2fc63"
                    TAGREFS="LT8"
                    BASELINE="653 1504 2088 1514" 
                    HPOS="651"
                    VPOS="1437"
                    WIDTH="1437"
                    HEIGHT="104">
            <Shape><Polygon POINTS="653 1504 651 1520 685 1534 687 1534 689 1534 691 1534 727 1524 742 1534 744 1534 746 1534 748 1534 750 1534 776 1524 1044 1536 1046 1536 1240 1528 1256 1538 1258 1538 1260 1538 1262 1538 1432 1528 1438 1528 1446 1528 1802 1541 1804 1541 2086 1532 2088 1514 2084 1444 2024 1458 1987 1444 1985 1444 1983 1444 1981 1444 1979 1444 1957 1458 1933 1444 1931 1444 1929 1444 1927 1444 1872 1456 1789 1444 1785 1444 1783 1444 1781 1444 1779 1444 1765 1456 1668 1446 1666 1446 1547 1456 1515 1444 1503 1441 1501 1441 1430 1441 1428 1441 1426 1441 1424 1441 1418 1444 1400 1456 1228 1456 1178 1444 1143 1439 1141 1439 1139 1439 1121 1444 1097 1452 1044 1444 994 1439 992 1439 990 1439 974 1444 960 1452 948 1444 937 1437 935 1437 933 1437 931 1437 855 1444 810 1450 792 1444 764 1437 762 1437 760 1437 653 1444 653 1504"/></Shape>
	    <String CONTENT="iuste ⁊ fidele poͬ nous pardõner noz pechez/ et"
                    HPOS="651"
                    VPOS="1437"
                    WIDTH="1437"
                    HEIGHT="104"
                    WC="0.998386736959219"></String>
          </TextLine>
          <TextLine ID="eSc_line_c2078670"
                    TAGREFS="LT8"
                    BASELINE="684 1588 2078 1595" 
                    HPOS="680"
                    VPOS="1517"
                    WIDTH="1397"
                    HEIGHT="95">
            <Shape><Polygon POINTS="683 1585 680 1609 2071 1612 2077 1594 2071 1517 683 1520 683 1585"/></Shape>
	    <String CONTENT="poͬ noꝰ nettoyer de toute iniqͥte. * Lors dõcq̃s"
                    HPOS="680"
                    VPOS="1517"
                    WIDTH="1397"
                    HEIGHT="95"></String>
          </TextLine>
          <TextLine ID="eSc_line_31573913"
                    TAGREFS="LT8"
                    BASELINE="698 1668 2074 1676" 
                    HPOS="692"
                    VPOS="1600"
                    WIDTH="1379"
                    HEIGHT="95">
            <Shape><Polygon POINTS="695 1665 692 1695 2068 1695 2071 1674 2068 1615 695 1600 695 1665"/></Shape>
	    <String CONTENT="sõmes nous iustes/ quãt nous nous cõfessons"
                    HPOS="692"
                    VPOS="1600"
                    WIDTH="1379"
                    HEIGHT="95"
                    WC="0.9903416193049887"></String>
          </TextLine>
          <TextLine ID="eSc_line_22041504"
                    TAGREFS="LT8"
                    BASELINE="714 1749 2078 1757" 
                    HPOS="710"
                    VPOS="1683"
                    WIDTH="1367"
                    HEIGHT="95">
            <Shape><Polygon POINTS="713 1748 710 1778 2074 1778 2077 1754 2074 1689 713 1683 713 1748"/></Shape>
	    <String CONTENT="pecheurs: ⁊ nr̃e iustice nest pas de nr̃e ꝓpre me"
                    HPOS="710"
                    VPOS="1683"
                    WIDTH="1367"
                    HEIGHT="95"
                    WC="0.9946200105608726"></String>
          </TextLine>
          <TextLine ID="eSc_line_bb5fc2ef"
                    TAGREFS="LT8"
                    BASELINE="703 1835 2080 1840" 
                    HPOS="698"
                    VPOS="1760"
                    WIDTH="1379"
                    HEIGHT="98">
            <Shape><Polygon POINTS="701 1834 698 1855 2071 1858 2077 1837 2074 1775 701 1760 701 1834"/></Shape>
	    <String CONTENT="rite/ mais ꝯsiste de la misericorde de dieu. Car"
                    HPOS="698"
                    VPOS="1760"
                    WIDTH="1379"
                    HEIGHT="98"
                    WC="0.970432081570228"></String>
          </TextLine>
          <TextLine ID="eSc_line_3bc8ae20"
                    TAGREFS="LT8"
                    BASELINE="703 1918 2068 1929" 
                    HPOS="698"
                    VPOS="1846"
                    WIDTH="1367"
                    HEIGHT="116">
            <Shape><Polygon POINTS="701 1915 698 1941 2059 1962 2065 1926 2062 1852 701 1846 701 1915"/></Shape>
	    <String CONTENT="lescripture dit. * Le iuste est accusateur de soy"
                    HPOS="698"
                    VPOS="1846"
                    WIDTH="1367"
                    HEIGHT="116"></String>
          </TextLine>
          <TextLine ID="eSc_line_13aa2135"
                    TAGREFS="LT8"
                    BASELINE="682 2004 1810 2009" 
                    HPOS="677"
                    VPOS="1941"
                    WIDTH="1132"
                    HEIGHT="92">
            <Shape><Polygon POINTS="680 2001 677 2024 1803 2033 1809 2007 1809 1947 680 1941 680 2001"/></Shape>
	    <String CONTENT="mesme au cõmencemẽt de la parolle."
                    HPOS="677"
                    VPOS="1941"
                    WIDTH="1132"
                    HEIGHT="92"
                    WC="0.9999424583382077"></String>
          </TextLine>
          <TextLine ID="eSc_line_deb083b8"
                    TAGREFS="LT8"
                    BASELINE="643 2129 2076 2135" 
                    HPOS="641"
                    VPOS="2036"
                    WIDTH="1435"
                    HEIGHT="129">
            <Shape><Polygon POINTS="643 2129 641 2143 675 2161 677 2161 679 2161 768 2149 853 2161 855 2161 857 2161 901 2147 1053 2147 1119 2163 1121 2163 1123 2163 1125 2163 1166 2149 1224 2149 1252 2163 1254 2163 1256 2163 1339 2153 1386 2161 1388 2161 1390 2161 1426 2149 1539 2161 1541 2161 1543 2161 1571 2149 1596 2165 1598 2165 1600 2165 1602 2165 1604 2165 1646 2153 1822 2165 1824 2165 1826 2165 1828 2165 1850 2151 1888 2165 1890 2165 1892 2165 1973 2153 2030 2163 2032 2163 2034 2163 2074 2149 2076 2135 2074 2068 2036 2068 2036 2066 1997 2040 1995 2040 1993 2040 1991 2040 1917 2042 1915 2042 1862 2060 1794 2048 1792 2048 1790 2048 1745 2066 1743 2066 1737 2066 1598 2038 1596 2038 1594 2038 1503 2064 1432 2038 1430 2038 1428 2038 1349 2048 1283 2038 1281 2038 1279 2038 1277 2038 1244 2064 1242 2066 1212 2066 1210 2064 1182 2040 1180 2040 1178 2040 1176 2040 1174 2040 1149 2046 1123 2036 1121 2036 1119 2036 1117 2036 1069 2062 1067 2062 1016 2062 814 2062 782 2036 780 2036 778 2036 715 2036 713 2036 711 2036 709 2036 673 2062 669 2062 643 2062 643 2129"/></Shape>
	    <String CONTENT="Hiere.2.G. ¶ Et as dit. Ie suis"
                    HPOS="641"
                    VPOS="2036"
                    WIDTH="1435"
                    HEIGHT="129"></String>
          </TextLine>
          <TextLine ID="eSc_line_d052c39a"
                    TAGREFS="LT8"
                    BASELINE="637 2240 2074 2250" 
                    HPOS="635"
                    VPOS="2157"
                    WIDTH="1439"
                    HEIGHT="121">
            <Shape><Polygon POINTS="637 2240 635 2270 2070 2278 2074 2250 2074 2185 2018 2185 2016 2183 1983 2165 1981 2165 1907 2165 1905 2165 1903 2165 1878 2179 1836 2165 1834 2165 1735 2165 1733 2165 1731 2165 1729 2165 1713 2177 1707 2181 1680 2177 1628 2169 1626 2169 1596 2175 1571 2181 1549 2175 1531 2169 1529 2169 1527 2169 1525 2169 1515 2173 1499 2181 1454 2181 1446 2173 1432 2161 1430 2161 1428 2161 1361 2161 1359 2161 1357 2161 1339 2171 1321 2181 1214 2181 1157 2167 1115 2159 1113 2159 1053 2165 954 2177 929 2163 917 2157 915 2157 913 2157 911 2157 895 2163 861 2177 772 2177 756 2165 754 2165 752 2165 750 2165 748 2165 719 2175 689 2159 685 2157 683 2157 681 2157 637 2157 637 2240"/></Shape>
	    <String CONTENT="innocẽt ⁊ sans peche: ⁊ pourtãt q̃ ta"
                    HPOS="635"
                    VPOS="2157"
                    WIDTH="1439"
                    HEIGHT="121"
                    WC="0.9936043711809012"></String>
          </TextLine>
          <TextLine ID="eSc_line_dc7286cf"
                    TAGREFS="LT8"
                    BASELINE="667 2355 2058 2365" 
                    HPOS="665"
                    VPOS="2268"
                    WIDTH="1393"
                    HEIGHT="135">
            <Shape><Polygon POINTS="667 2355 665 2389 701 2393 703 2393 705 2393 713 2391 762 2373 849 2373 879 2385 881 2385 883 2385 941 2373 962 2393 964 2393 964 2395 966 2395 968 2395 970 2395 986 2393 1085 2375 1129 2375 1151 2395 1153 2395 1155 2395 1157 2395 1158 2395 1162 2395 1212 2377 1309 2389 1311 2389 1481 2377 1545 2393 1547 2393 1549 2393 1551 2393 1598 2381 1699 2399 1705 2399 1848 2401 1850 2401 1852 2401 1854 2401 1882 2385 1927 2401 1929 2401 1931 2401 1933 2403 2056 2403 2058 2365 2058 2292 1999 2274 1997 2274 1995 2274 1638 2284 1503 2288 1491 2282 1466 2270 1464 2270 1462 2270 1460 2270 1458 2270 1442 2282 1432 2288 1263 2288 1226 2278 1178 2268 1176 2268 1174 2268 1141 2276 1111 2286 1071 2286 1059 2276 1052 2268 1050 2268 1048 2268 964 2268 962 2268 960 2268 945 2274 919 2282 667 2270 667 2355"/></Shape>
	    <String CONTENT="fureur se destourne de moy. Uoicy"
                    HPOS="665"
                    VPOS="2268"
                    WIDTH="1393"
                    HEIGHT="135"
                    WC="0.9913844014659072"></String>
          </TextLine>
          <TextLine ID="eSc_line_1d4fff35"
                    TAGREFS="LT8"
                    BASELINE="671 2468 2070 2480" 
                    HPOS="669"
                    VPOS="2389"
                    WIDTH="1401"
                    HEIGHT="128">
            <Shape><Polygon POINTS="671 2468 669 2488 784 2507 786 2509 836 2509 836 2507 838 2507 869 2492 980 2492 996 2505 998 2505 1000 2505 1002 2505 1004 2505 1048 2494 1139 2511 1141 2513 1198 2513 1198 2511 1200 2511 1202 2511 1222 2496 1368 2511 1370 2511 1430 2498 1487 2513 1489 2513 1491 2515 1555 2515 1555 2513 1557 2513 1586 2500 1630 2515 1632 2515 1634 2515 1727 2502 1842 2517 1844 2517 1983 2507 1995 2515 1997 2515 1999 2515 2000 2515 2068 2500 2070 2480 2070 2403 1975 2399 1973 2399 1959 2401 1909 2412 1868 2401 1860 2399 1858 2399 1856 2399 1854 2399 1852 2399 1850 2401 1834 2412 1763 2401 1741 2397 1739 2397 1646 2399 1372 2408 1297 2397 1287 2397 1285 2397 1283 2397 1279 2397 1248 2407 1071 2407 1055 2397 1050 2391 1048 2391 1046 2391 1044 2391 982 2395 895 2403 863 2395 845 2391 843 2391 842 2391 840 2391 824 2395 788 2405 754 2405 744 2395 738 2391 738 2389 737 2389 735 2389 733 2389 671 2393 671 2468"/></Shape>
	    <String CONTENT="ie procederay auec toy en iugemẽt/"
                    HPOS="669"
                    VPOS="2389"
                    WIDTH="1401"
                    HEIGHT="128"
                    WC="0.9830457551138742"></String>
          </TextLine>
          <TextLine ID="eSc_line_31558c02"
                    TAGREFS="LT8"
                    BASELINE="675 2583 2066 2597" 
                    HPOS="675"
                    VPOS="2500"
                    WIDTH="1391"
                    HEIGHT="132">
            <Shape><Polygon POINTS="675 2583 675 2618 830 2604 941 2618 974 2622 976 2622 978 2622 980 2622 984 2618 1004 2606 1067 2606 1131 2618 1168 2624 1170 2624 1212 2618 1269 2608 1291 2618 1293 2618 1295 2618 1297 2618 1309 2618 1363 2610 1372 2616 1374 2620 1376 2620 1378 2620 1380 2620 1382 2620 1384 2620 1388 2616 1398 2610 1448 2616 1475 2620 1477 2620 1501 2616 1531 2612 1567 2616 1668 2630 1670 2630 1747 2616 1761 2614 1765 2616 1794 2630 1796 2630 1798 2630 1925 2618 1967 2632 1969 2632 1971 2632 1973 2632 2002 2616 2004 2616 2064 2616 2066 2597 2064 2523 1951 2511 1949 2511 1947 2511 1919 2521 1897 2529 1876 2521 1870 2519 1868 2519 1866 2519 1844 2521 1775 2527 1759 2519 1749 2515 1747 2515 1745 2515 1689 2519 1620 2525 1592 2519 1549 2507 1547 2507 1545 2507 1543 2507 1541 2507 1525 2519 1515 2525 1446 2525 1434 2517 1414 2505 1412 2505 1410 2505 1408 2505 1357 2517 1345 2519 1333 2517 1271 2503 1269 2503 1139 2515 1075 2521 1026 2515 945 2503 943 2503 941 2503 917 2513 903 2519 842 2517 836 2513 808 2500 806 2500 804 2500 802 2500 776 2513 772 2515 675 2513 675 2583"/></Shape>
	    <String CONTENT="poͬ ce q̃ tu as dit/ ie nay pas peche."
                    HPOS="675"
                    VPOS="2500"
                    WIDTH="1391"
                    HEIGHT="132"
                    WC="0.9992250972672513"></String>
          </TextLine>
          <TextLine ID="eSc_line_aae1867f"
                    TAGREFS="LT8"
                    BASELINE="669 2703 2066 2707" 
                    HPOS="667"
                    VPOS="2614"
                    WIDTH="1399"
                    HEIGHT="133">
            <Shape><Polygon POINTS="669 2703 667 2729 733 2741 735 2741 737 2741 766 2729 780 2725 804 2729 834 2735 836 2735 887 2729 927 2725 939 2729 970 2743 972 2743 974 2745 1125 2745 1125 2743 1127 2743 1157 2729 1162 2725 1168 2729 1192 2743 1194 2743 1196 2743 1198 2743 1200 2743 1202 2743 1218 2733 1250 2743 1252 2743 1254 2743 1256 2743 1297 2729 1309 2725 1475 2725 1477 2727 1515 2745 1517 2745 1519 2747 1648 2747 1648 2745 1751 2729 1804 2745 1806 2745 1808 2747 1927 2747 1927 2745 2064 2725 2066 2707 2064 2640 1925 2616 1923 2616 1921 2616 1882 2638 1781 2622 1779 2622 1777 2622 1775 2622 1749 2638 1747 2640 1630 2640 1628 2638 1588 2618 1586 2618 1584 2618 1582 2618 1523 2638 1521 2638 1493 2616 1491 2616 1489 2616 1487 2616 1485 2616 1483 2616 1454 2638 1452 2638 1446 2638 1400 2628 1398 2628 1396 2628 1394 2628 1380 2638 1357 2616 1357 2614 1355 2614 1353 2614 1254 2614 1252 2614 1250 2614 1248 2614 1248 2616 1228 2634 1196 2636 1194 2636 1160 2624 1158 2624 1157 2624 1155 2624 1153 2624 1139 2636 1139 2638 1002 2638 998 2636 921 2614 919 2614 731 2614 729 2614 727 2614 725 2614 697 2636 695 2636 669 2636 669 2703"/></Shape>
	    <String CONTENT="Cõbien es tu faicte infame/ en sou¬"
                    HPOS="667"
                    VPOS="2614"
                    WIDTH="1399"
                    HEIGHT="133"
                    WC="0.9938810666402181"></String>
          </TextLine>
          <TextLine ID="eSc_line_66a2d401"
                    TAGREFS="LT8"
                    BASELINE="667 2814 1693 2820" 
                    HPOS="665"
                    VPOS="2737"
                    WIDTH="1028"
                    HEIGHT="117">
            <Shape><Polygon POINTS="667 2814 665 2834 707 2846 709 2846 711 2846 713 2846 731 2838 742 2850 744 2850 746 2850 748 2850 750 2850 776 2838 1008 2852 1010 2854 1210 2854 1210 2852 1263 2844 1285 2840 1337 2844 1448 2854 1450 2854 1691 2848 1693 2820 1689 2751 1487 2755 1477 2751 1466 2741 1464 2741 1462 2741 1384 2741 1382 2741 1337 2751 1321 2753 1295 2751 1220 2741 1218 2741 1216 2741 1214 2741 1214 2743 1206 2751 1202 2755 1032 2755 1028 2751 1012 2737 1010 2737 1008 2737 1006 2737 915 2751 909 2751 903 2751 843 2737 842 2737 748 2751 742 2751 738 2751 697 2737 695 2737 693 2737 691 2737 667 2749 667 2814"/></Shape>
	    <String CONTENT="uent reiterant tes uoyes?"
                    HPOS="665"
                    VPOS="2737"
                    WIDTH="1028"
                    HEIGHT="117"
                    WC="0.9987145233154296"></String>
          </TextLine>
          <TextLine ID="eSc_line_ad315191"
                    TAGREFS="LT8"
                    BASELINE="651 2951 1321 2965 2050 2965" 
                    HPOS="651"
                    VPOS="2862"
                    WIDTH="1399"
                    HEIGHT="154">
            <Shape><Polygon POINTS="651 2951 651 2998 707 2998 707 2996 709 2996 711 2996 731 2983 748 2994 750 2994 752 2994 754 2994 834 2983 925 2996 927 2996 929 2996 970 2983 1018 2994 1020 2994 1022 2994 1024 2994 1026 2994 1042 2985 1137 2985 1155 2998 1155 3000 1157 3000 1158 3000 1160 3000 1162 3000 1170 2998 1212 2988 1244 2998 1277 3010 1279 3010 1501 3012 1503 3012 1505 3012 1531 3000 1557 3012 1559 3012 1682 3014 1684 3014 1685 3014 1713 3000 1735 2990 1798 2990 1812 3000 1830 3014 1832 3014 1834 3014 1836 3014 1838 3014 1840 3014 1858 3000 1870 2992 1915 2992 1929 3000 1951 3016 1953 3016 1955 3016 1957 3016 2048 3000 2050 2965 2050 2903 2010 2901 1961 2874 1959 2874 1917 2874 1915 2874 1913 2874 1911 2874 1874 2899 1761 2899 1727 2872 1725 2872 1723 2872 1676 2872 1674 2872 1672 2872 1626 2897 1474 2897 1420 2868 1418 2868 1416 2868 1414 2868 1380 2880 1353 2868 1351 2868 1349 2868 1287 2870 1285 2870 1236 2893 1176 2866 1174 2866 1127 2866 1125 2866 1123 2866 1121 2866 1089 2893 1050 2893 1034 2893 1034 2891 1012 2878 1010 2878 1008 2878 1006 2878 863 2889 814 2864 812 2864 717 2862 715 2862 713 2862 711 2862 683 2888 651 2888 651 2951"/></Shape>
	    <String CONTENT="Hiere.14.B. ¶ Se noz iniquitez"
                    HPOS="651"
                    VPOS="2862"
                    WIDTH="1399"
                    HEIGHT="154"
                    WC="0.9933318893114725"></String>
          </TextLine>
        </TextBlock>
        <TextBlock HPOS="419"
                   VPOS="509"
                   WIDTH="266"
                   HEIGHT="107"
                   ID="eSc_textblock_ec295fbc"
                   TAGREFS="BT13">
          <Shape><Polygon POINTS="419 509 419 616 685 616 685 509"/></Shape>
          <TextLine ID="eSc_line_02827f0c"
                    TAGREFS="LT8"
                    BASELINE="433 579 682 590" 
                    HPOS="427"
                    VPOS="489"
                    WIDTH="253"
                    HEIGHT="122">
            <Shape><Polygon POINTS="430 578 427 608 674 611 680 587 680 510 635 495 632 495 630 495 561 510 549 513 546 510 520 489 517 489 514 489 511 489 430 507 430 578"/></Shape>
	    <String CONTENT="1.Io.3.b"
                    HPOS="427"
                    VPOS="489"
                    WIDTH="253"
                    HEIGHT="122"
                    WC="0.988410122692585"></String>
          </TextLine>
        </TextBlock>
        <TextBlock HPOS="356"
                   VPOS="1367"
                   WIDTH="246"
                   HEIGHT="89"
                   ID="eSc_textblock_18c80ac2"
                   TAGREFS="BT13">
          <Shape><Polygon POINTS="356 1367 356 1456 602 1456 602 1367"/></Shape>
          <TextLine ID="eSc_line_0164c75e"
                    TAGREFS="LT8"
                    BASELINE="364 1429 601 1429" 
                    HPOS="362"
                    VPOS="1336"
                    WIDTH="238"
                    HEIGHT="130">
            <Shape><Polygon POINTS="362 1428 362 1466 600 1448 600 1428 600 1353 362 1336 362 1428"/></Shape>
	    <String CONTENT="1.Io.1.e"
                    HPOS="362"
                    VPOS="1336"
                    WIDTH="238"
                    HEIGHT="130"
                    WC="0.990392804145813"></String>
          </TextLine>
        </TextBlock>
        <TextBlock HPOS="349"
                   VPOS="1519"
                   WIDTH="351"
                   HEIGHT="601"
                   ID="eSc_textblock_c93c40e5"
                   TAGREFS="BT13">
          <Shape><Polygon POINTS="384 1519 385 1787 385 1791 349 2117 636 2120 673 1949 700 1714 679 1683 679 1569 644 1519 590 1519"/></Shape>
          <TextLine ID="eSc_line_6675b13b"
                    TAGREFS="LT8"
                    BASELINE="394 1587 663 1588" 
                    HPOS="392"
                    VPOS="1493"
                    WIDTH="270"
                    HEIGHT="128">
            <Shape><Polygon POINTS="392 1585 392 1621 662 1609 662 1585 662 1499 392 1493 392 1585"/></Shape>
	    <String CONTENT="Nr̃e iu¬"
                    HPOS="392"
                    VPOS="1493"
                    WIDTH="270"
                    HEIGHT="128"></String>
          </TextLine>
          <TextLine ID="eSc_line_4e58e0ec"
                    TAGREFS="LT8"
                    BASELINE="402 1666 655 1668" 
                    HPOS="401"
                    VPOS="1591"
                    WIDTH="252"
                    HEIGHT="110">
            <Shape><Polygon POINTS="401 1665 401 1698 561 1686 650 1701 653 1665 647 1594 591 1609 520 1600 457 1591 454 1591 451 1591 401 1603 401 1665"/></Shape>
	    <String CONTENT="stice est"
                    HPOS="401"
                    VPOS="1591"
                    WIDTH="252"
                    HEIGHT="110"
                    WC="0.9999854564666748"></String>
          </TextLine>
          <TextLine ID="eSc_line_5d95a115"
                    TAGREFS="LT8"
                    BASELINE="394 1747 690 1749" 
                    HPOS="389"
                    VPOS="1677"
                    WIDTH="300"
                    HEIGHT="92">
            <Shape><Polygon POINTS="392 1745 389 1766 683 1769 689 1748 686 1677 392 1680 392 1745"/></Shape>
	    <String CONTENT="la cõfes¬"
                    HPOS="389"
                    VPOS="1677"
                    WIDTH="300"
                    HEIGHT="92"
                    WC="0.9557084560394287"></String>
          </TextLine>
          <TextLine ID="eSc_line_438a55ac"
                    TAGREFS="LT8"
                    BASELINE="392 1834 673 1835" 
                    HPOS="386"
                    VPOS="1754"
                    WIDTH="285"
                    HEIGHT="110">
            <Shape><Polygon POINTS="389 1831 386 1864 668 1864 671 1834 668 1772 427 1754 424 1754 421 1754 389 1769 389 1831"/></Shape>
	    <String CONTENT="siõ de no"
                    HPOS="386"
                    VPOS="1754"
                    WIDTH="285"
                    HEIGHT="110"
                    WC="0.9981556415557862"></String>
          </TextLine>
          <TextLine ID="eSc_line_4d6bf6fb"
                    TAGREFS="LT8"
                    BASELINE="380 1916 671 1918" 
                    HPOS="377"
                    VPOS="1846"
                    WIDTH="291"
                    HEIGHT="107">
            <Shape><Polygon POINTS="377 1915 377 1953 668 1941 668 1915 665 1846 377 1852 377 1915"/></Shape>
	    <String CONTENT="stre iniu"
                    HPOS="377"
                    VPOS="1846"
                    WIDTH="291"
                    HEIGHT="107"
                    WC="0.9495051635636224"></String>
          </TextLine>
          <TextLine ID="eSc_line_c4cd9f2a"
                    TAGREFS="LT8"
                    BASELINE="376 2003 542 2004" 
                    HPOS="374"
                    VPOS="1921"
                    WIDTH="166"
                    HEIGHT="112">
            <Shape><Polygon POINTS="374 2001 374 2033 540 2019 540 2001 540 1941 460 1921 457 1921 454 1921 374 1932 374 2001"/></Shape>
	    <String CONTENT="stice."
                    HPOS="374"
                    VPOS="1921"
                    WIDTH="166"
                    HEIGHT="112"
                    WC="0.9542426764965057"></String>
          </TextLine>
          <TextLine ID="eSc_line_b654cb17"
                    TAGREFS="LT8"
                    BASELINE="362 2088 636 2092" 
                    HPOS="356"
                    VPOS="2022"
                    WIDTH="279"
                    HEIGHT="109">
            <Shape><Polygon POINTS="359 2087 356 2131 632 2114 635 2090 632 2024 359 2022 359 2087"/></Shape>
	    <String CONTENT="ꝓuer.18c"
                    HPOS="356"
                    VPOS="2022"
                    WIDTH="279"
                    HEIGHT="109"
                    WC="0.9994155168533325"></String>
          </TextLine>
        </TextBlock>
        <TextBlock HPOS="1667"
                   VPOS="2999"
                   WIDTH="378"
                   HEIGHT="95"
                   ID="eSc_textblock_9b12d3c2"
                   TAGREFS="BT17">
          <Shape><Polygon POINTS="1667 2999 1667 3094 2045 3094 2045 2999"/></Shape>
          <TextLine ID="eSc_line_383e7191"
                    TAGREFS="LT8"
                    BASELINE="1676 3060 2038 3056" 
                    HPOS="1674"
                    VPOS="2986"
                    WIDTH="364"
                    HEIGHT="121">
            <Shape><Polygon POINTS="1676 3060 1676 3107 1753 3107 1753 3105 1755 3105 1763 3103 1804 3085 1866 3085 1882 3099 1886 3101 1886 3103 1888 3103 1890 3103 1892 3105 1927 3105 1927 3103 1929 3103 1931 3103 1941 3095 1959 3085 1983 3095 1993 3097 1995 3097 1997 3097 2038 3091 2038 3056 2032 3000 1937 3002 1931 3002 1878 2986 1876 2986 1874 2986 1872 2986 1834 3000 1824 2990 1824 2988 1822 2988 1820 2988 1765 2988 1763 2988 1761 2988 1759 2988 1731 3006 1674 3006 1676 3060"/></Shape>
	    <String CONTENT="respondent"
                    HPOS="1674"
                    VPOS="2986"
                    WIDTH="364"
                    HEIGHT="121"
                    WC="0.968317860364914"></String>
          </TextLine>
        </TextBlock>
      </PrintSpace>
    </Page>
  </Layout>
</alto>
