2212 3563
419 130 1011 149 oeuures. Chap̃.x.

122 269 1430 156 respõdent a nous: seigneur fais le/

128 399 1388 139 a cause de ton nom: car noz auersiõs

146 520 1012 131 sont en grand nombre ⁊c.

142 639 1380 142 Ezech.20.G. ¶ Et aurez illec re¬

128 754 1406 144 cordatiõ de uoz uoyes ⁊ de tous uoz

126 866 1402 157 pechez/ par lesquelz uoꝰ estes souil¬

134 985 1398 145 lez en iceulx: ⁊ aurez la desplaisãce

128 1102 1400 141 de uous mesmes deuãt uoꝰ/ sur tou¬

122 1217 1392 144 tes uoz malices que uoꝰ auez faict:

126 1328 1406 150 ⁊ scaurez que ie suis le seigñr/ quãt

128 1444 1410 145 ie uous feray du bien/ a cause de mõ

142 1571 1418 137 nom: non pas selon uoz uoyes mau

146 1672 1422 149 uaises/ ne selon uoz tresmauuais pe

142 1772 1392 181 chez o maison de Israel dit le sei¬

138 1929 582 119 gneur dieu ⁊c.

133 2010 1392 178 Ezech.36.E. ¶ O maison de Is¬

140 2153 1368 143 rael/ ie le feray/ non pas pour uous/

154 2272 1390 131 mais pour mon nom que uous auez

146 2377 1422 146 souille entre les gens ausq̃lz uous

148 2488 1428 152 estes entrez ⁊c. Et respandray sur

148 2606 1398 145 uous de leaue nette ⁊ serez nettoyez

154 2737 949 135 de toutes uoz ordures.

330 2852 1145 140 ¶ Bernard au .iii. sermon de laduent.

1651 150 121 109 161

1551 1778 271 128 Ps̈.102.b

1554 2016 259 127 De ꝯsec.

1538 2125 285 95 distĩ.4.c.

1558 2203 261 134 nec ꝙ̃ꝙ̃.

820 2936 734 131 X ¶ Ueritablemẽt
