2212 3563
445 148 996 160 oeuures. Chap̃.x.

134 300 1404 123 nous au cueur du pere/ noꝰ soit reuele par son

145 394 1377 113 esprit * ⁊ que son esprit en dõnant tesmoigna¬

160 466 1356 136 ge persuade a nostre esprit q̃ nous sõmes filz

166 549 1350 122 de dieu. Quil le persuade (dis ie) en appellãt/

160 629 1368 140 en iustifiãt pour neãt par la foy: esquelles cho

154 712 1380 134 ses urayemẽt est cõme ung moyen passaige de

136 795 1392 140 leternelle predestination a la future magnifi¬

136 878 1392 131 cation. Pourtant ueritablement nous fault

142 982 1386 107 auoir ces deux cõsideratiõs: ascauoir lune du

150 1060 1386 121 iugement ⁊ de la uerite: ⁊ lautre de foy ⁊ de pi¬

146 1142 1390 122 tie par laquelle nous croyons opportunement

148 1225 1388 123 estre appellez. Dequoy aussi lhõme aucunes¬

154 1314 1384 117 foys desert de ouyr estre appelle Bariona/ ⁊ au

146 1391 1398 123 cunesfoys Satanas. Ne soyez esmerueillez de

150 1472 1392 127 ceste chose. Rememorez par leuãgile auq̃l fut

162 1559 1394 117 dit (⁊ tous deux en uerite/ car lũg ⁊ lautre fut

166 1644 1415 122 dit de la mesme uerite.) * Premieremẽt. Bien¬

169 1713 1397 133 heureux es tu Simon Bariona: ⁊ ung petit

166 1793 1377 136 apres. Tire toy arriere Satanas. Ung seul

154 1879 1386 128 dõcques estoit tous les deux/ combien q̃ tous

154 1962 1389 128 les deux ne uenissent pas dung. Car le pre¬

154 2048 1392 128 mier estoit du pere/ ⁊ le second estoit de lhõme.

157 2140 1386 131 Mais toutesfoys cestuy estoit lung ⁊ lautre:

169 2229 1382 119 Pourquoy Bariona? Pource que la chair ⁊

170 2310 1386 116 le sang ne luy a pas reuele: mais le pere luy

164 2387 1414 126 a reuele ce quil a parle. Pourquoy Sata¬

164 2464 1422 133 nas? Pource quil sauoure les choses des hõ¬

168 2571 752 99 mes ⁊ non pas de dieu.

166 2630 1388 158 Romañ.1.C. ¶ Ie nay pas hon¬

163 2749 1397 137 te de leuangile. Car cest la uertu de

166 2856 1394 166 dieu en salut a tout croyant au Iuif

1598 176 162 107 162

1540 371 321 121 Noꝰ sõ¬

1534 466 318 101 mes cer¬

1540 537 300 104 taĩs par

1551 620 280 113 le sainct

1548 700 238 116 esprit q̃

1548 786 268 113 nous sõ¬

1548 866 268 104 mes filz

1548 959 241 112 de dieu.

1602 1600 244 136 Matth.

1584 1704 232 98 16.c.⁊.d

1563 1775 271 122 Au mes¬

1560 1876 241 98 me lieu

1560 1947 271 122 pierre est

1563 2048 250 104 pecheur

1566 2108 220 130 ⁊ iuste.

1566 2200 274 115 mat.16d

1569 2633 265 104 Leuãgi¬

1576 2717 253 103 le est le

1578 2802 265 107 salut de

1581 2894 241 92 tout cro

1587 2972 167 118 yant.

990 2978 576 142 X .ii. premieremẽt
