2211 3563
1000 209 652 141 De la foy ⁊ des

667 340 1383 129 meilleur que destre mal/ la ou il est infidele du

673 441 695 107 fruict de sa conuersion.

810 510 1087 117 ¶ Du mesme au .iii. liure de la do¬

838 605 1004 103 ctrine chrestiẽne/ au .xui. Chap̃.

649 676 1415 125 ¶ Se uous ne mãgez la chair du filz de lhom

639 768 1423 116 me/ ⁊ si uous ne beuuez son sãg: uous naurez

659 855 1401 110 point de uie en uous: il semble quil comman¬

667 934 1367 111 de quelque chose illicite ou desraisonnable.

689 1023 1377 101 * Cest doncques figure/ commãdant de cõmu¬

671 1095 1394 116 nicquer la passion de Christ: ⁊ de doulcement

650 1172 1400 128 ⁊ utilemẽt reduire a memoire/ que la chair est

630 1276 918 107 crucifiee ⁊ nauree pour nous.

816 1359 1030 103 ¶ Au mesme liure/ au .ix. Chap̃.

669 1443 1399 98 ¶ Mais en ce tẽps icy/ apres que le tresmani

677 1528 1385 99 seste iugemẽt de nostre liberte est reuele par la

673 1601 1395 109 resurrection du seigñr nous ne sommes point

685 1680 1393 115 fort chargez par pesantes operations/ des si¬

677 1765 1411 113 gnes q̃ desia nous entendons: mais le mesme

671 1848 1415 111 seigñr en a baille par doctrine apostolicq̃ au¬

661 1933 1419 107 cuns en petit nõbre au lieu de plusieͬs/ lesq̃lz

661 2015 1421 112 sont faciles a faire/ ⁊ bons a entẽdre/ ⁊ trescha

657 2100 1419 113 stes a garder: cõe est le sacremẽt de baptesme/

668 2176 1409 119 ⁊ de la celebration du sang du seigñr. * Lesq̃lz

680 2256 1400 122 quant ung chascun en use en estãt instruict a

689 2354 1394 107 quelle chose ilz seruẽt: il congnoit bien que la

701 2440 1382 104 ueneration nest pas en la seruitude de la chair

692 2520 1391 98 mais plus tost en la liberte de lesprit. Et com¬

685 2602 1403 105 me cest une infirmite seruile de ensuyuir la let

681 2684 1407 110 tre/ ⁊ de prẽdre les signes pour les choses qui

697 2771 1387 107 sont signifiees par iceulx: aussi est ce mauuai¬

695 2854 1383 109 se erreur uagante: que de interpreter inutile¬

679 2941 531 107 ment les signes.

392 671 216 120 Ioã.6.e

362 1015 299 97 La com

356 1104 288 95 munica

356 1175 285 98 tiõ de la

350 1260 250 111 passion

344 1348 284 110 du seigͬ.

350 1428 274 95 1.Pe.1.a

370 1524 242 95 gał.4.d

395 2173 255 137 Cest les¬

401 2277 223 104 prit qui

398 2360 226 110 uiuifie.

407 2440 246 113 Ioã.6.f

392 2535 261 107 2.cor.3.a

1711 3016 365 125 ¶ Bernard
