2212 3563
269 324 1204 123 ¶ Bernayd sur la pseaulme de Qui ha¬

273 425 1115 101 bitat .xc. au .iii. sermon/ au .iii. uerset.

184 486 1356 116 ¶ Se bous ne mẽgez la chair du filz de lhom

174 585 1380 105 me ⁊c. Ceste parolle est dure: ⁊ sen allerẽt arrie

176 669 1374 112 re Mais quest ce mẽger sa chair ⁊ boire sõ sãg

166 756 1374 107 sinon cõmunicquer a ses passions/ ⁊ ensuyuir

164 837 1196 109 la cõuersation quil a mene en la chair?

192 999 1301 172 ¶ Lest yne mesme foi

200 1161 1297 123 du nouueau ⁊ de lãcien testament.

162 1290 1382 137 2.Corin.4. C. ¶ Ayãt aussi ung

150 1405 1400 135 mesme esprit de la foy/ comme il est

150 1522 1374 136 escript. Iay creu/ pour laq̃lle cause iax

168 1642 1414 121 parle. ⁊ nooss ceosõss ssgie ueq̃lle cau

172 1743 1396 143 se aussi nous parlons: cõgnoi/ nã

156 1860 1390 143 celuy qut a suscite Iesuis/ quil noꝰ su¬

154 1987 925 129 scitera aussi auec Iesus.

154 2092 1406 136 Hebre.4. A. ¶ Car aussi nous a il

158 2213 1396 130 este nonce/ comme a eulx: mais la pa

164 2333 1380 127 rolle ouye non cõioincte auec la foy

164 2440 1424 135 ne leir a pas prooffire/ ne caussi a

172 2559 826 127 ceulx qut lont ouye.

304 2664 1183 115 ¶ Augustin ad Dardanum/ de la pre¬

405 2757 929 107 sence de dieu/ au .xuit. Chap̃.

166 2826 1385 119 ¶ Certainement nous ne auons point la har

163 2921 1391 131 diesse de preferer les fideles de nost: e temps

475 172 901 160 oeumes. Cha.x.

1596 213 180 107 264

1569 475 265 166 Ioã.6.f

1596 1564 268 172 Ps̈.115.a

966 3004 597 146 F .iiii. aux amis

1581 2826 262 122 Cest une

1587 2936 202 92 mesme

1590 3004 196 119 foy du
