2211 3563
948 182 650 142 De la foy ⁊ des

680 299 1382 131 aux amis de dieu: par lesq̃lz ces choses nous

692 394 1376 122 ont este prophetisees: quãt dieu se dit souuent

683 478 1385 106 estre le dieu de Abraam/ le dieu de Isaac/ et le

668 570 1391 109 dieu de Iacob/ tellemẽt qͥl dit ce estre son nom

650 647 1421 116 eternel. * Que si on croit que la circõcision a

638 727 1427 122 este aux anciens sainctz au lieu de baptesme:

659 807 1406 128 quelle chose respondra on de ceulx qͥ ont pleu

677 896 1379 116 a dieu auãt que ce fust cõmande? Torrtesfoys

683 976 1388 104 ce na pas este sans foy * car sans foy (cõme il

680 1057 1385 121 est escript aux hebrieux) il est impossible de

659 1155 1397 106 plaire a dieu. Mais noꝰ ayant (dit lapostre) le

630 1220 1426 122 mesme esprit de foy. * Il ne diroit pas le mes¬

627 1306 1444 125 me/ se aussi a eulx napꝑtenoit le mesme esprit

632 1392 1442 122 de foy. Et cõme iceulx croyoiẽt lincarnatiõ de

656 1472 1409 116 Christ a uenir quant le mesme sacrement leur

674 1552 1382 122 estoit secret: ainsi le croyons nous estre faicte.

695 1636 1370 118 Et de nous ⁊ aussi de eulx est attẽdu son adue

695 1728 1218 109 nement second pour uenir au iugement.

689 1836 1393 137 Osee.6.A. ¶ Il nous uiuifiera

668 1950 1409 146 par deux iours: ⁊ au troiziesme iour

662 2063 1415 146 nous ressuscitera/ ⁊ uiurons en sa

651 2191 1419 122 presence: nous scaurons ⁊ suiurõs/

657 2304 1421 134 affin que nous congnoissons le

679 2420 426 127 seigneur.

683 2529 1397 133 Hebre.13.B. ¶ Ayez memoire de

685 2652 1395 127 uoz prelatz qui uous ont parle la pa

689 2761 1381 127 rolle de dieu: desq̃lz en regardant la

679 2878 1389 150 fin de leur conuersation ensuiuez la

383 317 252 113 nouue¬

383 400 261 95 au et de

383 478 285 124 lãcien te

389 573 261 103 stament.

380 644 252 110 Auãt la

365 736 256 110 circonci¬

350 831 285 107 siõ ⁊ ba¬

341 917 244 98 ptesme

341 991 283 86 aucuns

350 1065 312 104 ont pleu

344 1152 300 118 a dieu ꝑ

341 1235 140 113 foy.

329 1327 277 107 Heb.11.a

332 1410 277 101 2.cor.4.c

344 1481 288 119 Ung se¬

359 1567 282 113 ul ⁊ mes

368 1644 297 119 me esprit

374 1725 300 118 de foy est

386 1830 273 78 au nou¬

388 1906 265 95 ueau et

377 1989 273 89 anciẽ te¬

377 2072 264 101 stament.

395 2164 214 101 Io.14.a

394 2234 222 137 Ps̈.4.a

1620 2988 450 141 foy. Iesuchrist
