2212 3563
383 151 999 169 de Adam. Chap̃.iii.

128 316 1345 113 uous? Et ung petit deuant auoit dit de tous.

148 397 1323 110 *Lhõme animal ne cõgnoit pas les choses qͥ

142 486 1337 111 sont de lesprit de dieu: lesq̃lz aussi ilz appelle

134 572 1343 104 petis enfans: nõ pas de eage/ mais de raison.

122 653 1359 109 Et ainsi dõcques ilz ne cõgnoissoient pas le

114 740 1359 103 sainct esperit qui habitoit en eulx: ⁊ cõbien q̃

108 819 1365 113 le sainct esprit habitast en eulx/ neantmoins

102 904 1375 103 encore estoiẽt ilz animalz/ ⁊ nõ pas spirituelz:

106 987 1371 109 pource quilz ne pouoiẽt encore cõgnoistre par

104 1068 1379 109 cõgnoissance/ lesprit habitant en eulx. Et est

106 1159 1369 99 dit habiter en telle maniere de gens/ pource q̃

106 1233 1369 111 secrettemẽt il besongne en eulx tellement qͥlz

110 1320 1361 111 sont son tẽple: et parfaict ceste chose en ceulx

104 1398 1367 104 qui proffitẽt/ ⁊ en proffitãt perseuerẽt.* Car

112 1488 1365 105 nous sommes sauuez par esperance/ cõme dit

124 1567 1355 115 Lapostre: ia soit ce qͥl dise en ung aultre lieu

196 1659 1308 107 * Il nous a sauue par le lauement de regene¬

121 1733 1377 101 ratiõ.* Ueu dõcques qͥl dit icy: il nous a sau¬

118 1814 1362 112 ue: cõme si le salut estoit desia donne: toutes¬

112 1885 1365 134 fois en laultre passage il le expose cõment il

110 1980 1367 110 le fault entẽdre/ la ou il dit. Certainemẽt noꝰ

112 2057 1368 128 sommes sauuez par esperance.* Mais lespe¬

104 2149 1376 110 rance q̃ lon uoit/ ce nest pas esperãce. Car qui

118 2235 1368 104 est celuy qui a esperãce/ de ce quil uoit? Mais

130 2319 1357 107 si nous esperõs ce q̃ ne ueons point: noꝰ latẽ¬

124 2403 1361 102 dons par patience. Et ainsi plusieurs choses

128 2480 1380 113 sont dictes en lescripture/ cõme si elles estoiẽt

120 2565 1398 107 faictes: la ou elles sont entẽdues estre encore

122 2646 1383 117 en esperãce. De quoy aussi est ce q̃ le seigneur

118 2728 1368 113 dit a ses disciples.* Ie uous ay manifeste tou

118 2814 1377 113 tes les choses q̃ iay ouy de mõ pere. Laquelle

120 2897 1373 129 parolle est tellemẽt dicte selon lesperance des

1582 188 95 106 16

1489 359 297 151 1.cor.2.d

1492 1330 220 160 Ro.8.a

1519 1600 235 131 Tit.3.b

1522 1704 255 125 Noꝰ sõ¬

1498 1808 276 95 mes sau

1501 1873 265 101 uez seul

1498 1959 226 110 lement

1498 2048 265 110 par espe

1498 2125 161 110 rãce.

1504 2206 259 148 Rom̃.8.

1513 2722 258 119 Io.15.c. ⁊

1507 2823 119 107 8.d.

1269 2981 228 108 choses
