2212 3563
157 276 1386 178 foy. Iesachrist auiourdhuy ⁊ hier¬

150 415 1048 147 cestuyaussi est a tousiours.

316 548 1048 113 ¶ Ambroise ad Honoratianum/ en

350 633 941 109 la .xxxix. epistre/ au .uii. liure.

160 697 1371 140 ¶ Lescripture cõprent deux iours generaulx:

145 789 1386 131 ascauoir hier/ ⁊ auiourdhuy. Desquelz il dit:

142 875 1386 125 ensuiuez la foy de Iesuchrist: hier ⁊ auiour¬

151 953 1377 124 dhuy: aussi cestuy est a tousiours. La promes¬

154 1039 1377 130 se est faicte au premier iour ⁊ la solutiõ est fai¬

148 1125 1383 116 cte au iour ensuiuãt. Mais pour ce q̃ au iour

152 1213 1382 121 de hyer/ Moyses ne Iesus filz de Naue nont

150 1294 1388 123 pas mene le peuple en repos: auioͬdhuy christ

148 1368 1383 131 la mene: auq̃l le pere a dit.F Ie tay auioͬdhuy

145 1454 1386 122 engẽdre. Car Iesus a acqueste au peuple le re¬

160 1549 1392 121 pos par sa resurrection. Ueritablement le re¬

174 1633 1388 108 pos est ouded ⁊uon pos en uoterre Nostre re¬

172 1713 1388 124 pos est le seigñr Iesuchrist/ qui dit. Tu seras

168 1797 1374 117 auiourdhuy auec moy ex Uarads, Le iour

162 1878 1380 119 dhyer est passe/ le iour de auiourdhuy est ue¬

152 1963 1394 123 nu. Cest ce iour de auiourdhuy qui est promis:

154 2048 1392 119 auquel nous sommes admõnestez de ouyr ⁊ de

156 2129 1392 125 ensuyuir la uoix du seigneur. La iournee dõc¬

170 2214 1372 117 ques de lancien testament est passee/ le nou¬

172 2315 592 101 ueau iour est uenu.

344 2385 1048 111 ¶ Cyprian contre Demetrianum

623 2474 588 97 au premier traicte.

180 2545 1382 129 ¶ Croyez si uiuez: ⁊ uoꝰ qͥ nous ꝑsecutez poͬ¬

176 2626 1368 129 ung tẽps: soyez ioyeux auec noꝰ eternellem/ ẽt.

178 2713 1365 128 7Quãt on sera party dicy: il ny aura plus de

166 2788 1388 133 lieu de penitẽce/ ne plus deffect de satisfactiõ.

169 2877 1382 151 Icy est la uie ꝑdue/ ou gaignee/ cyest cõqueste

445 148 919 151 oeuures. Chaꝰ.4.

1560 276 292 130 1.cor.4.d

1538 380 212 106 ⁊.11.a

1602 158 146 117 165

1543 694 267 119 Il yade¬

1543 783 264 95 ux ioͬs/

1543 869 273 101 ascauoir

1543 947 276 118 hyer/ et

1543 1048 267 86 auiour¬

1543 1119 199 119 dhuy.

1554 1362 256 113 Ioã.11.c

1554 1445 247 119 Ps̈.2.b

1572 1686 262 128 Luc.23.f

1569 2704 259 110 Apres ce

1566 2788 256 127 ste uie ny

1560 2886 259 98 a aucun

1560 2969 235 112 lieu de

1296 2969 244 142 le salut
