2211 3563
954 176 644 140 De la foy ⁊ des

655 306 1387 111 le salut eternel par la ueneratiõ de dieu/ ⁊ par

653 399 1389 105 le fruict de la foy. Et q̃ nul ne soit retarde/ ou

651 484 1393 101 par pechez/ ou par lez ans/ de point auoir es¬

639 572 1405 97 poir de obtenir salut. Car tãdis quõ demeure

638 644 1400 113 encore en ce monde/ * nulle penitence nest trop

627 739 1420 101 tardiue. * Lẽtree pour auoir indulgẽce est ou¬

635 810 1406 113 uerte: ⁊ la uoye est facile a ceulx qui quierẽt ⁊

650 890 1391 116 qui entendẽt la uerite. Cõbien q̃ tu soye soubz

653 982 1382 92 lissue ⁊ en la fin de la uie tẽporelle: prie dieu/

656 1057 1379 103 lequel est ueritable ⁊ seul dieu: demãde la con

644 1149 1379 98 fessiõ ⁊ la foy de sa cõgnoissance: lindulgence

624 1241 1405 89 est dõnee a celuy qui le cõfesse: ⁊ le pardõ salu

612 1312 1429 98 taire est dõne au croyãt par la diuine bõte: et

624 1395 1423 110 soubz icelle mort on passe a limmortalite. Ce¬

635 1487 1394 92 ste grace dõne Christ/ ⁊ baille ce don de sa mi¬

659 1552 1367 107 sericorde/ en rẽdãt la mort subiecte par le triũ¬

665 1647 1370 110 phe de la croix/ en rachetãt le croyant par le

674 1733 1370 96 pris de son sang/ en recõseillant lhõme a dieu

668 1814 1373 98 son pere/ ⁊ en uiuifiãt le mortel ꝑ regeneratiõ

653 1906 1391 86 celeste. Sil se peult faire doncques/ ensuyuõs

622 1979 1426 113 cestuy icy: soyõs signez par le sacremẽt ⁊ le si¬

614 2068 1430 103 gne diceluy: car cestuy noꝰ ouure la uoye de la

610 2149 1424 95 uie: cestuy noꝰ faict retourner en paradis/ ce¬

614 2230 1426 107 stuy nous maine caux ⁊ royaulmes des cieulx:

620 2310 1424 110 noꝰ uiurõs tousioͬs auec luy: ⁊ sõmes faictz ꝑ

628 2393 1420 107 luy enfãs de dieu/ en estãt reparez ꝑ son sang/

641 2478 1312 111 poͬ tousioͬs auec luy estre en ꝑfaicte liesse.

653 2632 1393 131 1.Io.2.A. ¶ Si aucun a peche: noꝰ

644 2740 1397 140 auons ung aduocat enuers le pere/ a¬

626 2860 1400 154 scauoir Iesuchrist le iuste. Et cestuy

371 626 250 128 Nulle re

356 724 229 116 pentãce

338 825 259 95 nest trop

329 902 292 95 tardiue.

359 976 226 116 Tout

332 1059 277 104 nr̃e sa¬

329 1146 295 106 lut est en

323 1238 280 104 la ꝯfesse

315 1318 276 98 de dieu/

329 1395 265 113 ⁊ en la cõ

341 1472 268 107 gnoissã¬

344 1558 277 98 ce dice¬

353 1633 175 106 luy.

356 1716 297 113 gala.3.b

344 1814 303 101 1.Pet.1.d

338 1894 289 122 col.1.b.c.

1846 2983 200 124 est la
