2212 3563
448 151 943 163 oeuures. Cha.x.

138 302 1269 159 est la propitiatiõ pour noz pechez.

340 437 1046 129 ¶Gregoire sur Ezechiel au p̃mier

471 526 735 107 liure en la .uii. homelie.

170 595 1362 137 ¶ Doncq̃s nostre iuste aduocat/ nous deffend

166 684 1366 127 pour iuste au iugemẽt/ pource que nous nous

148 773 1370 121 cõgnoissons nous mesmes/ et nous accusons

146 857 1362 122 iniustes. * Ne nous cõfions point dõcques en

146 940 1359 124 noz pleurs/ ne en noz oeuures/ mais en lalle¬

162 1037 782 122 gation de nostre aduocat.

237 1128 1226 132 ¶ Augustin/ au p̃mier liure de la doctri¬

358 1221 984 121 ne chrestienne au .xxxix. Chap̃.

160 1300 1384 144 ¶ Lhõme dõcques qͥ est appuye sur la foy/ les¬

162 1393 1386 125 perãce/ ⁊ charite/ qͥ les tient ferme: il na q̃ faire

160 1478 1382 125 des escriptures/ sinõ poͬ instruire les aultres.

170 1555 1384 131 Et ainsi plusieurs par ces trois choses icy ui¬

182 1638 1392 129 uẽt sãs liures/ en solitude. De quoy en iceulx

181 1710 1391 136 estime q̃ desia est acõply ce qͥ est dit. * Soit que

174 1807 1382 130 les ꝓpheties soiẽt anichilees/ soit q̃ les lãgues

170 1892 1384 129 cessent/ soit q̃ la science soit destruicte. Ausq̃lz

174 1975 1384 129 toutesfois cõme par fortz engins/ la forteresse

176 2058 1386 127 de foy/ ⁊ de esperãce/ ⁊ de charite est tellement

178 2147 1380 125 edifiee en eulx: q̃ en tenant aucune chose par¬

190 2228 1366 121 faicte ne demãdẽt plus les choses qͥ sõt en par

194 2308 1378 122 tie: ie dis la chose parfaicte autant qͥl se peult

184 2381 1406 139 faire en ceste uie. Parquoy quãt ung chascun

190 2478 1404 122 cõgnoistra la fin du cõmencemẽt estre charite

198 2555 1378 125 de cueur pur/ ⁊ de bõne cõscience/ ⁊ de foy non

198 2636 1376 137 faincte: quãt il reserera toute lintelligẽce des

194 2723 1390 129 diuines escriptures a ces troys choses icy: il

201 2806 1381 135 sapprochera seuremẽt a traicter les liures di¬

198 2907 833 125 celles sainctes escriptures.

1580 170 156 113 166

1554 791 259 113 Il se fa¬

1538 880 281 103 ult ꝯfier

1536 963 279 107 en Dieu

1542 1053 170 108 seul.

1584 1713 265 127 1.corĩ.13.c

1611 2369 253 136 1.tim̃.1.a

1099 2973 481 132 ¶ Des mande¬
