2212 3563
158 279 1414 136 Esccie.29. D. ¶ Pour ce q̃ ce per¬¬

162 401 1380 135 ple icy/ approche de sa bouche/ et me

166 510 1382 131 glorfie de ses leures/ mais son cueur

168 627 1376 137 eslloing de moy: ⁊ mõt craint par le

154 745 1383 130 cõmandemẽt des hõmes ⁊ par leurs

148 846 1389 148 doctrines. Uoicy ie adiousteray pour

160 977 1390 137 faire admiration a ce peuple icy/ grãd

152 1090 1402 131 merueille ⁊ pour sesbahir. Car la sa

148 1201 1398 145 pience se perdra du saige: ⁊ lentende¬

150 1336 1129 124 ment des prudens sera muce.

148 1431 1395 181 Eccle.2.C. ¶ Ceulx qͥ craingnẽt

152 1579 1400 127 le seigneur ne seront pas incredules

160 1680 1421 140 a sa porode. ⁊ ceuux quiuayment gar

158 1795 1388 140 derõt/ a uiroͬ Qahaargnẽt

148 1910 1396 138 le seigneur enquesteront les choses

148 2030 1392 139 qui luy plaisent: ⁊ ceulx qui laymẽt/

148 2147 958 139 seront remplis de sa loy.

164 2260 1384 137 Prouerb.30. A. ¶ Toute parol¬

150 2379 1416 128 le de dieu est plcũne de fea: ⁊ est ung

154 2484 1424 142 escusson a tous ceulx qui ont esperã¬

152 2604 1402 133 ce en dieu. Ne adiouste riens a ses ua

150 2723 1394 157 rolles: que tu ne soye reprins/ trou¬

148 2858 519 134 ue menteur.

447 150 1024 131 des hõmes. Chah̃.4.

1588 372 291 103 Contre

1564 457 295 99 ceulx qͥ

1569 540 304 113 prient de

1566 619 283 89 bouche¬

1560 696 273 107 ⁊ le cueͬ

1563 777 271 116 est loing

1563 872 241 116 de dieu.

1633 170 149 115 109

1569 1416 277 148 Ceulx qͥ

1574 1543 275 95 ayment

1590 1627 277 103 dieu gar

1599 1704 256 119 dẽt sapa

1566 1789 166 89 eolle.

960 2939 577 151 Y ¶ Ambroise
