2211 3563
457 299 271 152 Ioã.16.e

742 290 1359 140 choses a uenir q̃ ap̃z aussi il leur dit. 7Ie uo¬

727 411 1384 99 ay beaucoup de choses a dire: mais uoꝰ ne les

729 492 1380 107 pouez porter maintenãt. Le saĩct esprit dõcq̃s

733 576 1376 110 faict ledificatiõ de son habitation es hõmes

721 661 1381 107 mortelz esquelz encore il habite: laquelle ne

705 746 1391 107 par fera pas en ceste uie/ mais en une aultre

713 831 1376 92 apres quant la mort sera absorbee en uictoire/

710 914 1373 110 et quon luy dira. Mort ou est ta uictoire?

734 982 802 110 Mort ou est ton eguillon?

976 1078 1056 109 ¶ Au mesme Hure/ au .xiii. Chap̃.

710 1146 1385 130 ¶ Mais quelle chose est ce de leguillon de la

698 1229 1391 119 mort/ sinõ le peche? Pour lequel nous aussi

695 1327 1388 98 qui sommes maintenãt regenerez par leaue ⁊

704 1395 1385 116 lesprit: ⁊ apres q̃ tous les pechez/ soit le peche

689 1494 1401 103 originel auquel tous ont peche/ soit de noz

701 1570 1388 101 oeuures/ de noz parolles/ ou de noz pensees/

711 1654 1369 105 sont adolis par le nettoyemẽt de ce lauemẽt:

697 1739 1387 105 toutesfois pour ce q̃ nous demourõs encore en

677 1821 1409 106 ceste uie humaime/ Lq̃. le nest̃ q̃ une tentation

683 1902 1397 109 sur la terre: nous disons deuemẽt.? Pardõne

671 1991 1403 103 nous noz debtes. Et adonc ueritablemẽt sera

685 2068 1387 111 acomply de faict en laultre uie: la ou mainte

691 2151 1379 107 nant en proffitait on chemine en esperance.

692 2223 1358 122 7Et est cõuenablemẽt dict habiter en ceulx/ q̃

677 2310 1385 109 apres qͥlz sont appellez selon le propos: il les

667 2405 1395 97 a receu pour les iustifier: ⁊ pour les glorifier:

679 2482 1387 115 uoire aussi deuant quilz puissent cõgnoistre

695 2568 1361 98 la nature de lesprit qui nest pas corporelle/

680 2639 1379 125 mais qui est par tout lie dis cõgnoistre/ autãt

677 2731 1376 104 quil peult estre cõgneu par lhõme qui a beau

674 2808 1373 125 coup proffite en ceste uie: ascauoir en partie/ ⁊

674 2900 1373 152 cõme par le miroir ⁊ par figure. Car il en ya

879 182 805 140 De la transgression

427 822 265 101 osee.13.d

410 899 285 104 1.Cor.15.

421 988 265 92 heb.2.d.

427 1146 238 109 que cest

421 1226 262 104 de leguil

410 1312 267 119 lon de la

404 1407 190 101 mort.

421 1552 262 164 Iob.7.a

388 1933 249 105 mat.6.b

404 2209 226 112 Notez

401 2301 169 109 bien.

380 2541 300 122 Noꝰ con

383 2636 238 116 gnois-

380 2722 250 107 sons en

377 2805 220 104 partie.

383 2891 270 113 1.cor.15.g

1723 2996 319 139 plusieurs
