2212 3563
350 148 1041 163 des hõmes. Cha.xi.

160 308 1394 113 ouy: le pere tesmoigne du ciel/ disant. Cestuy

154 388 1380 113 est mon filz le bien ayme: auq̃l ay mis mon cõ

172 489 1376 87 sentement: escoutez le. * Parquoy sil est ainsi

172 555 1365 107 q̃ Christ seul doibt estre escoute: nous ne deb¬

169 641 1368 104 uõs point regarder quelle chose a estime destre

166 739 1371 86 bon de faire aucun deuãt nous: mais q̃lle cho¬

157 807 1371 110 se Christ qͥ est deuãt tous les autres. Car aussi

148 890 1380 113 ne fault il pas ensuyuir la coustume de lhom

154 982 1377 98 me/ mais la uerite de dieu: quãt le seigͬ parle ⁊

160 1051 1371 106 dit par Esaie le ꝓphete. * Ilz me fõt hõneͬ sãs

154 1149 1380 86 cause en enseignãt les mandemẽs ⁊ doctrines

148 1226 1389 110 des hõmes. Et de rechief en leuãgile. * Uous

148 1306 1389 101 reboutez les cõmandemens de dieu/ pour esta¬

151 1389 1383 113 blir uostre tradition. Et pourtãt chier frere si

152 1480 1380 101 aucun de noz predecesseurs/ ou par ignorance

156 1559 1388 107 ou par simplesse na pas obserue ⁊ garde ce q̃

164 1646 1402 101 le seigñr nous a enseigne de faire par son exẽ¬

174 1728 1390 99 ple ou sa doctrine: cela peult estre admis par

174 1805 1366 109 sa simplesse/ ⁊ luy peult estre pardõne par lin

164 1898 1362 101 dulgence du seigñr. * Mais il ne nous pour¬

148 1971 1383 107 ra estre pardõne/ nous qui maintenant sõmes

148 2054 1380 116 admonnestez ⁊ instruictz du seigñr. Et aussi

148 2149 1380 92 en fault enuoyer lettres a noz cõpaignõs: que

160 2223 1371 98 la loy euangelicque ⁊ la doctrine du seigneur

170 2313 1362 107 soit gardee par tout: et quon ne se retire pas/

154 2395 1384 108 de ce que Christ a enseigne ⁊ faict. Que si plꝰ

156 2480 1414 99 oultre nous le contemnons/ ⁊ que nous perse

158 2563 1408 101 uerons en la premiere erreur: quelle autre cho

158 2642 1398 109 se est ce que de encourir en ceste sentence et in¬

148 2723 1388 113 crepation du seigneur qui reprent duremẽt en

148 2808 1383 101 la pseaulme/ ⁊ qui dit. * Pourquoy expose tu

154 2895 1380 113 mes iustifications: ⁊ pourquoy prens tu mon

1617 197 149 97 170

1560 385 316 116 mat.17.b

1623 469 241 112 Christ

1551 552 298 122 seul do¬

1566 650 229 98 ibt estre

1551 739 235 95 escoute

1551 816 265 101 sans re¬

1548 908 280 95 garder ce

1551 973 271 110 q̃ les au¬

1560 1065 256 101 tres ont

1554 1152 253 95 faict ou

1551 1235 274 95 cõmãde.

1551 1312 271 107 esa.29.d

1557 1398 271 107 mat.15.a

1562 1908 259 97 Lerreur

1548 1986 274 128 de plusi¬

1537 2087 240 83 eurs ne

1554 2152 212 119 excuse

1548 2256 149 110 pas.

1554 2793 265 152 Ps̈.49.c

921 2972 616 142 Y .ii. testament
