2211 3563
410 555 261 119 Noꝰ deb

407 659 252 92 uons de¬

395 733 223 113 mouter

377 816 297 107 en la pa

365 899 321 104 rolle du

374 976 267 131 seigñr.

693 308 1399 105 testamẽt en ta bouche? Car tu as hay la disci¬

695 397 1395 109 pline: ⁊ as deboute arriere mes parolles. Se tu

693 481 1395 106 ueois ung larrõ/ tu courrois auec luy: ⁊ met¬

692 552 1391 122 tois ta portion auec les paillardz.4 Car expo

671 644 1406 122 ser les iustificatiõs ⁊ le tesmoignage du seigͬ/

671 724 1415 110 ⁊ de non faire le mesme que le seigneur a faict:

701 807 1382 110 quelle autre chose est ce q̃ de rebouter arriere

710 893 1376 113 les parolles du Ieigneur/ ⁊ cõtẽner sa discipli¬

704 982 1382 98 neͬ ⁊ est cõmettre larcras u odulteres/ non pas

693 1062 1397 101 corporelz/ mais spirituelz/ quat oucun de la ue

671 1148 1405 104 rile eu angelicque uiẽt a desrober les parolles

651 1231 1429 105 ⁊ les faictz de nostre seigneur/ ⁊ corrõpt ⁊ adul

659 1306 1415 110 terise les cõmandemẽs du seigñr.? Car si noꝰ

683 1395 1406 107 sdmes les p̃stres de dieu ⁊ de ¶hrist ie ne trou¬

704 1484 1373 86 ue pas que nous debuõs plus ensuiuux q̃lcun/

713 1555 1367 116 que dieu ⁊ Christ: ueu que principalemẽt Udit

701 1636 1391 109 en leuãgile.? Ie suis ua lumiere du monde/ ce¬

695 1728 1397 106 luy qͥ me suit ne cheminera pas en tenebres/

695 1802 1400 110 mais aura la lumiere de la uie. Ne cheminõs

701 1888 1394 113 point dõcques en tenebres. Nous debuons en¬

704 1980 1388 104 suyuir Christ ⁊ debuons garder ses cõmande¬

683 2062 1415 103 mens: car aussi luy mesme en ung autre lieu/

683 2134 1412 113 enuoiant ses apostres/ i◊ dit? Toute puissan

679 2224 1411 107 ce ma este dõnee au ciel ⁊ en la terre. Allez dõc¬

689 2311 1405 103 ques si enseignez toutes gens/ en les baptisãt

699 2395 1399 105 au nom du pere ⁊ du filz ⁊ du saĩct esprit. En¬

709 2478 1389 103 seignez les de garder tout ce que ie uous ay cõ

703 2563 1391 101 mande. Parquoy si nous uoulons cheminer

703 2646 1395 101 en la lumiere de Christ: ne noꝰ retirõs point de

709 2727 1381 101 ses cõmandemẽs ⁊ de ses admonitions: en ren

697 2810 1389 101 dant graces/ q̃ la ou il nous instruict ce q̃ nous

695 2895 1389 127 debuõs faire au temps a uenir/ il pardonne le

925 174 731 132 Des mandemens

362 1312 273 110 Nous ne

365 1398 285 116 debuons

365 1481 321 113 ensuiure

380 1561 300 98 autre do

392 1641 270 113 ctrine q̃

401 1733 246 90 celle de

401 1805 267 113 dieu ⁊ de

401 1885 237 125 Christ.

398 1965 258 149 Ioã.8.b

386 2146 279 140 mat.28.d

1699 2979 387 120 tem ps passe
