2211 3563
691 352 1359 136 ferons par oeuure toute parolle qui

673 469 1040 136 sortira de nostre bouche ⁊c.

796 601 1179 113 ¶ Cyprian au fraicte troiziesme/ de la

1010 696 677 103 simplesse des prelatz.

653 760 1400 121 ¶ Qui escoine (dit il) mes ꝑolles/ ⁊ les faict:

661 855 1389 110 ie feray cestuy semblable a lhõme saige/ qui a

667 940 1383 105 edifie sa maison sur la pierre. La pluye est de¬

671 1021 1381 103 scẽdue/ les fleuues sont uenus/ les uentz ont

661 1100 1381 111 souffle/ ⁊ ont hurte cõtre ceste moson/ et nest

639 1185 1393 109 pas lõlee: car ele estott /õdee sur la ferme pier

627 1276 1411 107 re.7Nous debuons doncques de/ ourer en ses

635 1348 1412 112 parolles: ⁊ debuons apprendre ⁊ faire tout ce

653 1440 1391 100 guil a foict ⁊ enseigne. Mais oussi cõmẽt dit

674 1520 1355 98 aucun quil croit en Christ: lequel ne sonct pas

674 1591 1367 113 ce que Christ a cõmande de faire? Ou par q̃le

665 1677 1385 116 chose uiendra au loyer de la foy/ celuy qui ne

653 1763 1407 109 ueult pas garder la foy du cõmandement? Il

650 1858 1403 101 est necessaire qui soit en doubte ⁊ uagãt/ ⁊ occu

655 1933 1397 107 pe de lesprit derreur/ ⁊ quil soit souffle cõme

659 2010 1394 112 la pouldre que le uent eslieue. Et ne proffite-

635 2102 1419 111 ra pas au falut en cheminãt/ celuy qui ne tiẽt

633 2187 1407 101 pas la uerite de la uoye salutoire. Mais il se

643 2266 1401 107 fault garder des choses/ non seullemẽt de cel¬

641 2349 1405 109 les qui sõt appertemẽt manifestes/ mais aussi

647 2434 1401 105 de celles qui finemẽt deceoiuẽt par subtile de¬

662 2508 1379 116 ception.ͬ Et quelle chose est il plus fin ⁊ plus

659 2595 1385 118 subtil que la ou lennemy a este descouuert et

659 2681 1388 118 prosterne par la uenue de Christ (apres que la

668 2767 1373 98 lumiere des gẽtilz est uenue/ ⁊ que la lumiere

647 2854 1387 99 salutaire pour guerir les hõmes a reluit/ tel¬

637 2931 1395 129 lement que les sourdz ont ouy la uoix de la

374 769 235 133 mat.7.d

962 219 769 129 Des mandemens

383 1255 202 116 Nous

344 1336 262 115 debuons

344 1431 265 101 demou¬

353 1511 271 110 rer aux

374 1594 279 92 parolles

374 1668 279 125 de christ.

374 1796 238 169 Ps̈.1.b

356 1944 291 193 2.tim̃.3.c

368 2497 276 121 La frau

356 2595 262 86 de et la

359 2687 241 92 fallace

356 2770 274 127 du dea¬

377 2835 110 134 dle.

1832 3032 202 121 grace
