2212 3563
154 344 1372 111 grace spirimuelle/ ⁊ q̃ les aueugles ont ouuert

150 433 1374 105 leurs yeulx a dieu/ ⁊ que les malades se sont

162 518 1368 109 guens par sãte eternelle/ ⁊ que les boiteux ont

160 603 1374 105 coinu a leglise/ ⁊ q̃ les muetz ont prie a clere

164 682 1360 107 uoix) ⁊ que lẽnemy uoyoit q̃ les idoles estoiẽt

152 766 1366 108 delaissees/ ⁊ que par trop grand peuple des fi

142 851 1374 107 deles ses sieges ⁊ ses temples estoiẽt delaissez/

136 932 1382 107 il a pense une nouuelle cauillation/ que soubz

138 1015 1380 107 le tiltre du nom chrestiẽ il uient a deceuoir les

139 1092 1377 110 simples?  Il a trouue les heresies ⁊ les scis¬

130 1169 1383 131 mes/ par lesquelz il puist subuertir la foy/ et

127 1255 1383 125 corrõpre la uerite/ ⁊ diuiser lunite. Ceulx quil

130 1339 1389 121 ne peult detenir en laueuglissemẽt de la uoye

130 1419 1389 113 anciẽne/ il les enuirõne ⁊ les deceoit x lerreur

130 1505 1389 113 de la nouuelle uoye. Il rauit aussi me sme des

133 1585 1401 131 hõmes de legli se: que la ou ilz estimẽt estre oo¬

148 1683 1403 107 prochez de ro.lurerisore/ ⁊ esere ¶suopez des te¬

142 1754 1380 119 nebres de ce siecle: il uiẽt a respãdre des ooes

136 1834 1377 113 tenebres eul estans ignorans: fellement que

133 1929 1380 110 sans soy tenir auec leuangile de Christ/ ⁊ son

124 2016 1383 112 commandement ⁊ sa loy/ sappellent Chre¬

127 2099 1386 98 stiens: et la ou ilz cheminent en tenebres esti¬

124 2173 1395 116 ment auoir la lumiere/ par ce que laduersaire

130 2265 1383 116 les flatte ⁊ deceoit leq̃l selon lapostre se trans

133 2336 1398 113 forme en ange de lumiere/ ⁊ suborne ses mini¬

130 2431 1418 104 stres comme mimigtres de uo ce. ⁊ aIer mẽt lo

130 2511 1412 95 nuict estre le iour/ la mort estre le salut/ et

138 2597 1386 106 soubz de tiltre desperãce mainẽt en desespoir/

130 2678 1396 111 ⁊ cõferment infidelite soubz le tiltre de la foy/

126 2765 1416 95 et lantechrist soubz le nom de Christ: tellemẽt

126 2850 1402 105 que en disant telles mensonges ayant appa¬

126 2935 1402 111 rence de uerite/ ilz uiennẽt a frustrer par subti¬

445 190 1008 169 des hõmes. Chap̃.x/.

1576 239 160 115 ◊72

1540 1080 267 137 mat.13.d

1537 1199 261 116 Ceulx q̃

1534 1294 240 95 lẽnemy

1540 1368 267 104 ne peult

1546 1451 217 107 detenir

1537 1514 279 124 en lerreͬ

1554 1615 280 110 de lãcien

1560 1698 268 107 ne doctri

1540 1781 217 113 ne des

1546 1861 264 110 hões/ il

1537 1944 273 107 les ĩduit

1528 2027 288 113 anouuel

1543 2114 267 112 les inuẽ¬

1537 2203 196 98 tions.

1540 2289 282 101 Apoca.3.

1557 2363 229 104 a.b.c.d

1572 2449 244 143 2.cor.11.c

957 3010 583 149 Y .iiii. lesse la
