2211 3563
401 347 261 119 plusieͬs

398 433 240 110 maulx

407 516 267 113 se font ꝑ

401 611 255 101 la negl/

392 688 258 104 gence de

383 777 264 104 la parob

374 852 300 133 le ð dieu.

710 335 1361 128 lesse la uerite.?. Et cela se faict mes treschiers

704 439 1376 113 freres/ quãt on ne seretorne pas au ꝯmẽcemẽt

695 525 1382 110 de la uerite: ⁊ quon ne demande point apres le

680 608 1400 101 chief ⁊ si ne gardõs pas la doctrine du maistre

665 685 1406 110 celeste. Que si quelcun le cõsidere ⁊ examine/

683 783 1385 104 on na que faire de long traicte ne de nulz ar¬

701 855 1373 121 gumens. Le recueil de la uerite est une facile

691 952 676 101 probation pour la5oy.

822 1043 1139 112 ¶ Chrysostome en son deuure impar¬

792 1134 1155 103 faicte qu .ui. chapitre sur ce passoige.

643 1215 1423 138 Matth.7. ¶ Et les enseignoit cõ¬

655 1340 886 122 me ceq uenulaguissance.

698 1437 1370 112 ¶ Tout docteur est seruiteur de la uoy: car tl

689 1520 1379 101 ne peult riens adiouster par dessus la loy de

680 1603 1397 113 son sens/ ne soustraire q̃lq̃ chose selõ son ꝓpre

695 1701 1379 92 entendemẽt: mais seullemẽt annõce ce qͥ est en

698 1784 1385 101 la loy. Car aussi la pẽsee humaine ne peult ti

686 1852 1397 101 rer hors ce que la sapiẽce diuine a determine ⁊

695 1947 1382 95 dit. Car ainsi dit Salomõ.? Ne adiouste riẽs

677 2022 1406 97 au parolles de dieu/ si ne oste riẽs dicelles.7 Et

665 2102 1412 118 celuy qui a la hardiesse de faire ceste chose: il

680 2194 1397 110 se estime plus saige que dieu: ⁊ cõmence estre

683 2283 1397 95 faulx tesmoing/ car iꝰdit ce que nulle aureille

695 2360 1385 113 na ouy/ ⁊ q̃ nul oeil na regarde.7Mais christ

692 2446 1382 107 est le seigñr de la loy: ⁊ peult soustraire quelq̃

692 2532 1382 92 chose de la loy laq̃lle chose il a cõmande pour

707 2606 1370 104 la necessite du temps. Cõme pour la durete du

695 2704 1382 95 cueur/ auoit este cõmande de donner la libelle

704 2773 1370 115 de repudiation: mais le seigñr cõme ayant la

698 2856 1367 113 puissance a oste ceste chose/ disant. Ce q̃ dieu a

680 2939 1388 137 8toinct/ q̃ lhõe ne le separe point. ParoNemẽt

935 219 727 139 Des mandemens

383 1398 285 154 Tout do

395 1520 261 110 cteur est

398 1594 237 107 seruiteͬ

392 1671 273 122 de la loy

389 1769 279 104 ⁊ ne doit

395 1849 255 113 annõcer

395 1935 264 110 que ce qͥ

383 2022 279 145 est en la

389 2108 128 109 loy.

386 2161 267 131 xuer.30a

395 2265 258 116 Celuy qͥ

395 2354 261 107 adiouste

389 2440 279 92 a la pa¬

383 2529 252 86 rolle de

383 2606 291 101 dieu se e¬

386 2684 285 115 stime plꝰ

395 2770 237 113 saige q̃

410 2856 151 101 dieu.

460 2921 199 119 Christ

402 3020 261 135 est le sei¬

1878 3026 196 121 aussi
