2212 3563
445 154 1056 157 des hõmes. Chap̃.xi.

163 302 1400 116 aussi adiouste q̃lque chose laq̃lle poͬ linfirmi¬

169 394 1379 104 te de lhõme nauoit pas este cõmãde: ascauoir

178 469 1373 118 quil est dit aux anciẽs. * Tu ne occiras point:

184 570 1373 101 mais ie dis: tu ne te courrouceras point. Poͬ¬

184 641 1379 116 tant doncques sesmerueilloient les Iuifz que

176 724 1378 115 Christ enseignoit non pas seullemẽt ce qͥ auoit

168 811 1386 109 este cõmande/ cõme seruiteur de la loy cõstitue

176 896 1382 111 soubz quelque puissance/ mais aussi cõme sei

174 983 1382 109 gneur de la loy/ ⁊ ayãt la puissãce/ par son au

172 1060 1378 111 torite adioustoit par dessus ce qui auoit este cõ

166 1142 1384 114 mande/ disant. Ce est dit aux anciens: mais ie

172 1237 709 101 uous dis telle chose ⁊c.

163 1294 1380 166 Matth.23.A. ¶ Ilz eslargissent

166 1431 1388 132 les bendes de leurs robbes ⁊ magni¬

176 1547 796 131 fient leurs franges.

312 1654 1141 121 ¶ Chrysostome en son oeuure impar¬

447 1737 885 113 faicte sur le mesme passaige.

176 1813 1376 126 ¶ Il est uerite que les ungz interpretẽt ce pas¬

172 1904 1380 117 saige icy: pource que par les obseruatiõs (disẽt

164 1985 1382 119 ilz) des iours/ ilz eslargissẽt leurs parolles cõ

162 2074 1386 113 me les bẽdes de leurs robbes ⁊ mõstrẽt au peu

166 2157 1378 107 ple en les annõceant cõtinuellemẽt cõe deser¬

169 2235 1385 110 uãt a leur salut. Desquelz Christ disoit. * Ilz

172 2321 1378 119 me hõnorent sans cause/ en enseignãt les mã

166 2407 1394 110 demẽs ⁊ les doctrines des hõmes. * Et appelle

172 2488 1388 107 les frãges des uestemẽs estre magnifiees/ asca

166 2562 1385 125 uoir leͬs supereminẽces ⁊ leͬs supererogatiõs

166 2654 1382 113 des mãdemẽs. Car quãt il louẽt ces petites ⁊

166 2740 1397 119 superflues obseruatiõs de leurs iustices cõme

164 2826 1384 109 excellentes ⁊ grandemẽt plaisantes a dieu ilz

166 2911 1346 119 magnifient les franges de leurs uestemens.

1643 178 115 120 173

1584 296 292 131 gneur de

1563 383 313 118 la loy et

1572 472 280 124 du sab¬

1590 561 113 101 bat.

1575 632 232 142 mat.5.d

1566 1294 262 116 1.qõ.1.c.

1572 1393 237 115 omnia.

1572 2173 256 166 mat.15.a

1605 2390 229 104 Contre

1581 2485 241 104 les man

1566 2562 241 104 demens

1572 2642 235 116 des hõ¬

1578 2740 140 107 mes.

1124 2996 416 115 Ezechie.13.C.
