2212 3563
130 324 1390 158 ques aquant aussi assẽblera il cõtre

160 445 1345 160 soy la boue espesse? Ceulx qͥ te mor

144 556 1361 150 dront/ ne se leueront il point subite¬

142 665 1376 154 ment? Aussi ceulx qui te deschirerõt

136 791 1374 157 seront suscitez: ⁊ leur seras donne

142 934 545 126 en rapine ⁊c.

306 1045 1072 134 ¶ Hierosme sur lexposition de Hie¬

435 1150 776 112 remie/ au .xxiii. chapitre.

145 1235 1362 118 ¶ Quelle comparation ya il de la paille au

146 1322 1378 117 froment dit le seigñr? Et est deuemẽt la doctri

142 1407 1388 125 ne peruerse acõpare aux pailles qͥ nont pas de

144 1492 1386 117 moelle/ ⁊ ne peuuent nourrir les peuples des

152 1575 1384 121 croyans/ mais sont froissees de uaines esteul¬

168 1654 1394 109 les. Et oource q̃ les Heretieõs ed oc ꝯufeume

170 1739 1392 117 de tousiours promettre ꝓsperite/ ⁊ de manife¬

164 1819 1382 122 ster aux pecheͬs les royaues des aenH/ tel¬

152 1898 1394 124 lemẽt qͥlz disẽt/ les royaumes des cieulx te sõt

150 1987 1392 129 appareillez/ tu peulx ensuyuir la maieste de

148 2063 1386 125 dieu tellemẽt q̃ tu soye sans peche? car tu as re

151 2152 1383 116 ceu la puissance du franc arbitre/ ⁊ la sciẽce de

160 2238 1383 110 la loy par laquelle tu obtiẽdras ce q̃ tu uoul¬

169 2327 1368 107 dras: pouetãt deceoiuẽt ilz les miserables par

160 2405 1409 109 blandissemens? ⁊ prineroalement ues seredet¬

166 2485 1412 130 tes chargees de pechez: lesquelles sont empor¬

178 2562 1385 122 tees de tout uent de doctrine/ ⁊ deceoiuent pal

174 2658 1057 125 adulation tous leues auditeurs.

562 2743 610 109 ¶ Au mesme liure.

178 2808 1382 146 ¶ Et moy/ ie dis aux propheets/ dit le seigñr:

178 2905 1392 143 qui desrobẽt mes parolles/ ung chascun a son

423 192 1022 144 des hõmes. Cha.45.

1568 201 166 115 174

1540 1223 267 119 Hiet̃.23.e

1557 2054 265 119 Ceulx qͥ

1557 2146 253 107 faulce¬

1560 2226 277 101 mẽt en¬

1569 2310 283 109 seignent

1596 2402 247 98 le franc

1593 2491 217 86 arbitte.

1575 2559 262 113 2.tim̃.3.b

1578 2793 265 137 Hiet̃.23.f

1245 2994 311 115 prochain.
