2211 3563
365 296 267 131 Les here

365 409 273 107 ticq̃s de¬

359 489 271 101 prauent

359 573 265 101 les tes¬

356 647 247 116 moigna

356 736 244 110 ges des

347 834 259 98 escriptu

340 916 157 89 res.

659 290 1373 146 prochain.◊Ainsi prement les hereticques les

662 406 1376 98 tesmoignages des escriptures du nouueau et

659 481 1376 103 de lancien testamẽt: ⁊ desrobẽt les parolles du

644 564 1391 112 sauueur ung chascũ a son ꝓchain/ aux ꝓphe

627 659 1408 107 tes/ aux apostres/ ⁊ aux euãgelistes: ⁊ prẽnẽt

627 733 1399 131 leurs langues/ affin quilz puissent pronõcer

647 819 722 104 le uenin de leurs cueurs.

786 902 1084 113 ¶ Cyprian od Magnum en la .ui.

980 995 698 93 epistre au premuier uiure.

656 1057 1352 121 ¶ Celuy qͥ nest pas quec moy/ ilestgtre moy

620 1157 1394 103 Et celͬ qut ne tecuelbe pas auec moy/ id es¬

606 1237 1420 101 pard. Sẽblablemẽt sainct Iehan lepostre na

614 1320 1418 109 discerne ne ms deoiue entre nulles heresies

635 1399 1387 111 ne aucuns scismes: ⁊ nen a nulz)eciolement

647 1484 1367 105 separe des aultres: mais tous ceulx qͥ estdient

649 1561 1375 115 sortis de leglife/ ⁊ qͥ faisoient cõtre leglise/ les

644 1641 1379 119 appella Antechristz/ disant:? Uous auez ouy

653 1725 1370 115 (dit il) q̃ Antechrist est uenu: ⁊ maintenãt plu

656 1814 1373 104 sieurs sont faictz Antechristz. De quoy nous

647 1888 1379 119 auõs cõgneu q̃ la derniere heure est uenue: ilz

638 1983 1385 98 sont sortis hors de nous/ mais ilz nõt pas este

630 2060 1398 115 des nostres. Car silz eussent este des nr̃es ilz

633 2149 1391 103 fussent totallement demourez auec nous. De

631 2232 1395 107 quoy appert q̃ les aduersoires de Christ sont

631 2311 1397 117 tous Antechristz: desq̃lz est manifeste qͥlz se sõt

628 2397 1242 112 retirez de la charite ⁊ de lunite de leglise.

1069 2482 523 107 ¶ En la mesme.

635 2563 1389 111 ¶ Il est necessaire que ung chascũ afferme ce

632 2651 1391 101 quil faict: ⁊ ne ueullent nullement estre uain-

650 2731 1373 101 cus ne eulx rendre subiectz: cõbien qͥlz scaiuẽt

641 2820 1370 107 que ce quilz font nest pas licite.? Ce doibt on

621 2906 1384 113 admirer/ mesme plus tost en auoir dueil ⁊ in-

917 180 741 128 Des mandemens

350 1059 288 137 Luc.11.c

356 1644 247 101 1.Io.2.c

359 1725 262 118 Toꝰ he¬

356 1826 271 86 retiques

359 1894 268 110 sont an¬

350 1983 265 110 techristz.

332 2639 271 116 Le plus

338 2725 217 107 grand

344 2808 247 107 mal des

341 2900 244 134 chrestiẽs

1656 2996 354 107 dignation/
