2212 3563
386 151 1035 166 de Adam. Chap̃.iii.

134 304 1365 133 plusieͬs ausquelz il habite/ telz ausquelz dit

139 400 1353 107 Lapostre.* Ie nay peu parler a uous cõe aux

154 481 1337 114 spirituelz: mais cõme aux charnelz: ie uoꝰ ay

144 566 1353 107 dõne du laict a boire/ cõme aux petis enfans

128 645 1371 121 en Christ/ ⁊ non pas la uiande: car uoꝰ nauiez

122 730 1377 117 point encore la puissance/ mais aussi uerita¬

120 811 1381 117 blemẽt ne pouez uoꝰ encore. Et aussi aux mes¬

112 884 1383 119 mes dit ceste parolle. Ne scauez uous point q̃

118 979 1383 116 uous estes le tẽple de dieu: ⁊ q̃ lesperit de dieu

118 1065 1383 110 habite en uous?* Et ceulx aussi qͥ sõt telz: cõ¬

118 1146 1383 109 bien q̃ le dernier iour de ceste uie les preuient

115 1232 1389 113 auant quilz soiẽt paruenus a leage spirituel¬

118 1321 1380 101 le de la raison/ la ou ilz ne seroient pas nour¬

118 1392 1383 125 ris de laict mais de forte uiande: neantmoins

118 1478 1389 116 lesperit qͥ habite en eulx parfera/ tout ce quilz

127 1555 1380 113 nont pas entẽdu: car ilz ne sõt pas separez de

133 1647 1392 116 lunite du corps de Christ qͥ est faict nostre uie/

136 1719 1389 118 ne de ta societe du tẽple. Et affin qͥlz nen soiẽt

136 1802 1368 116 pas separez: ilz tiennẽt perseuerãmẽt en legli

130 1898 1373 117 se reigle de la foy/ commune aux petis et aux

130 1979 1377 121 grãs: ⁊ cheminent en ce/ en quoy ilz sõt parue

126 2060 1384 107 nus: iusques a ce q̃ dieu leur reuelera/ sil ya

128 2143 1384 121 q̃lque chose quil nentendẽt pas: ⁊ si nẽseignẽt

138 2226 1372 119 nulles cogitations charnelles/ car ilz ne sen¬

144 2308 1368 122 durcissent point par demourer en defensiõs cõ

130 2399 1380 118 tẽtieuses: mais aucunemẽt labeurent en che¬

130 2467 1398 122 minant/ cest adire/ en ꝓffitãt/ ⁊ en impetrãt la

138 2557 1365 123 parfaicte intelligẽce par la purete de la foy.

310 2640 1212 123 ¶ Augustin/ ad Ualerium/ traictãt des

295 2729 1215 115 nopces/ ⁊ de la cõcupiscence/ au premier

306 2816 800 111 liure/ au .xxu. Chapitre.

145 2891 1377 149 ¶ Mais si on demãde/ cõmẽt ceste cõcupiscẽce

1609 190 58 100 17

1519 406 291 98 1.cor.3.a

1516 866 273 122 1.corĩ.3.d

1513 979 279 98 2.cor.6.d

1522 1059 270 98 Tout ce

1519 1140 250 104 qui def¬

1522 1226 264 110 fault icy

1522 1309 267 104 aux es¬

1531 1392 267 92 leuz: il

1531 1484 270 95 sera par

1537 1549 255 113 faict au

1554 1636 256 106 temps a

1560 1725 173 95 uenir.

1531 1796 270 122 Io.14.a

1528 2372 279 116 2.tim̃.2 d

1554 2470 253 104 Titũ.3.c

1543 2888 258 110 La cõcu

1025 2969 500 136 C de la
