2211 3563
1012 158 673 125 Des mandemẽs

673 288 1385 145 rolles des ꝓphetes qui uous prophe¬

665 413 1409 139 tisent/ et uous deceoiuẽt. Ilz parlent

647 530 1413 133 la uision de leur cueur/ et non pas de

645 649 880 126 la bouche du seigneur.

762 750 1284 120 ¶ Hierosme sur lexpositiõ de sainct Mat¬

832 847 1113 103 thieu/ au .xxiiii. Chap̃. au .iiii. liure.

677 924 1371 99 ¶ Certainemẽt plusieͬs uiẽdrõt en mõ nom/

667 1009 1387 103 disant: Ie suis Christ ⁊c. Uous auez ouy que

667 1086 1375 109 Antechrist doibt uenir: maintenãt ya plusieͬs

645 1173 1389 111 Antechristz. * Ie estime q̃ tous les princes des

633 1254 1417 107 heresies sont Antechristz et enseignẽt soubz le

635 1342 1421 99 nom de Christ les choses qui sont cõtraires a

659 1423 1385 103 Christ. Et nest pas de merueille si noꝰ en uoy¬

675 1502 1357 103 ons aucuns estre seduictz diceulx/ quãt le sei¬

677 1583 1230 115 gneur a dit/ Et en seduyront plusieurs.

680 1668 1364 137 ¶ Quãt doncq̃s uous uerrez labhominatiõ.

751 1775 1299 122 Labhominatiõ de la desolation peult estre

665 1864 1385 107 entẽdue/ toute mauuaise doctrine: laq̃lle quãt

671 1947 1376 107 nous la uerrõs tenir au lieu sainct/ cest adire

668 2033 1379 107 en leglise/ ⁊ quelle se mõstrera cõme dieu: adõc

653 2117 1382 118 debuons nous fuyr de Iudee aux mõtaignes:

641 2197 1394 110 cest adire en delaissant la lettre qui tue/ et la

647 2280 1388 122 malice des iuifz: nous debuons approcher les

656 2378 1379 116 montaignes eternelles/ desquelles dieu enlu¬

659 2464 746 95 mine merueilleusement.

823 2538 1070 110 ¶ Hierosme sur Malachias/ au .ii.

919 2626 850 107 chapitre/ au. cxxxi. fueillet.

650 2701 1385 116 ¶ Mais uoꝰ uous estes retirez de la uoye ⁊ en

630 2785 1396 106 auez plusieͬs affoibly en la loy: uoꝰ auez cor¬

626 2872 1398 122 rõpu le testamẽt de Leui/ dit le seigͬ dieu tout

366 963 250 119 Matt.

370 1068 180 82 24.a

364 1134 254 101 1.Io.2.c

378 1219 230 101 Toꝰ ce¬

338 1302 264 107 ulx qͥ en

350 1391 260 101 seignent

348 1474 276 91 doctrine

350 1551 278 87 cõtraire

360 1625 287 107 a Christ

365 1710 276 107 sõt urais

365 1793 229 98 Ante¬¬

356 1870 226 119 christz.

350 1971 285 101 dañ.9.g

341 2042 306 110 La mau

338 2134 300 98 uaise do

341 2212 277 109 ctrine qͥ

341 2295 289 98 est en le¬

344 2372 291 116 glise/ est

341 2467 294 89 labomi¬

341 2541 262 134 nation.

350 2701 271 131 malach.

356 2802 110 125 2.b

1693 2951 327 145 puissant.
