2211 3563
419 460 279 118 Celuy qͥ

416 549 255 110 ꝑ coustu

413 650 255 95 me des¬

404 715 270 104 laisse la

392 801 306 98 uerite est

384 890 333 103 ĩgrat en¬

392 977 323 95 uers di¬

400 1066 150 78 eu.

416 1125 243 107 Uerite

386 1223 261 95 uaincra

383 1303 244 95 la cou¬

377 1389 217 101 stume.

380 1460 294 116 ephe.4.d

867 298 1082 119 ¶ Une sentence de Castus euesque

1145 387 513 105 au .u. Chapitre.

710 454 1388 130 ¶ Celuy qui se p̃sume de ensuyuir la coustu¬

695 552 1394 113 me en ꝯtẽnant la uerite: ou cestuy est enuieux

686 629 1409 119 ⁊ maling enuers les freres ausq̃lz la uerite est

695 715 1391 113 r euelee: ou il est ingrat enuers dieu: par linspi

719 816 1150 101 ration duquel son eglise est instruicte.

865 906 1030 107 ¶ Cxprian ad Uompeium contre

1087 989 595 103 lepistre de Estienne.

713 1060 1369 113 ¶ Aussi la coustume qui estoit e deuee enuers

689 1146 1391 104 naceens ne doit/ pas empescher/ parquoy la

674 1229 1418 113 herite aye moins de puissance/ et que elle ne

662 1312 1421 104 uaincque. Car coustume sans uer/fe/ cest an¬

674 1404 1415 110 ciennete derreue: oourquoy en delaissant ler-

695 1475 728 122 reur suyuons la uerite.

695 1577 1383 145 Miche.6. C. ¶ Iustifieray ie la ba

685 1702 1409 128 lãce iniuste/ ⁊ les faulx poidz du sac¬

687 1815 1413 136 chet? Esq̃lz ses riches sõt rẽplys dini

687 1935 1407 131 quite: ⁊ ceulx qui habitoient en icelle

680 2042 1412 137 parloiẽt mẽsonge: ⁊ leur langue estoit

677 2163 1064 131 fraudulente en leur bouche.

770 2286 1230 111 ¶ Augustin au .ii. liure du baptesme cõ¬

883 2377 1003 97 tre les Donatistes au .ui. Chap̃.

709 2462 1379 109 ¶ Ne apportõs point de faulses balances la

701 2551 1383 101 ou nous pesons ce que nous uoulons/ ⁊ ainsi

699 2634 1385 103 q̃ nous uoulons selon nostre arbitre/ en disãt:

687 2717 1397 103 Ce est legier: mais apportõs la diuine balãce

685 2798 1387 105 des escriptures sainctes cõme des thresors du

683 2874 1388 130 seigneur: ⁊ pesons en icelle les plus pes antes

1057 170 676 120 Des mandemẽs

389 2027 229 164 Ps̈.5.c

396 2502 277 102 des faub

394 2589 279 101 ses balã

388 2686 150 81 ces.

401 2874 255 127 mat.13.g

1804 2961 301 148 choses/
