2212 3563
445 158 1050 134 des hõmes. Chap̃.xi.

158 285 1416 120 choses/ mesme ne les pesons point/ mais recõ

160 374 1178 118 gnoissons les/ estre pesees du seigneur.

160 451 1392 144 Mat.23.A. ¶ Sur la chaiere de

168 558 1394 160 Moyse se sõt assis les scribes ⁊ les

162 686 1394 143 pharisiẽs. Gardez dõcques toutes

156 799 1394 139 les choses qͥlz uous dirõt: mais ne

158 922 1360 133 uueillez faire selon leurs oeuures.

243 1023 1232 129 ¶ Augustin sur sainct Iehan/ au .xlui.

497 1120 732 103 traicte/ au .x. Chapitre.

154 1184 1397 125 ¶ Ueritablement en seant sur la chaiere de

156 1284 1398 117 Moyse silz enseignẽt la loy de dieu: il sẽsuit

154 1359 1409 113 doncques q̃ dieu enseigne par eulx. * Mais si

148 1445 1392 113 ceulx icy uuellent enseigner leurs choses/ ne

148 1538 1398 95 les uueillez point ouyr/ ⁊ ne les faictes point.

154 1624 1406 98 Car ueritablemẽt telz quierent leurs propres

169 1701 1317 116 choses/ ⁊ non pas les choses de Iesuchrist.

261 1790 1207 116 ¶ Augustin au .iiii. liure de la doctrine

409 1880 892 111 chrestienne/ au .xxuii. chap̃.

154 1953 1392 119 ¶ Ilz disent ⁊ nen font riẽs. Dequoy dit lapo

154 2036 1403 134 stre. * Soit q̃ par occasiõ/ ou par uerite Christ

154 2125 1394 131 soit annõce. Christ aussi est la uerite: ⁊ toutes¬

164 2218 1378 105 foys il peult estre aussi annõce/ ⁊ non pas en

157 2301 1397 115 uerite * cest adire que par cueur depraue ⁊ mau

154 2378 1409 116 uois on annonce les choses qͥ sont ueritables.

154 2461 1409 113 Ainsi ueritablemẽt est Christ annõce de ceulx

160 2532 1394 125 qͥ demandẽt leu propre utilite/ ⁊ non pas ce qͥ

154 2624 1406 116 est de Iesuchrist. Mais pourtant q̃ les bõs fi¬

154 2701 1418 116 deles ne escoutent pas tous les hõmes/ mais

158 2792 1408 121 en obedience escoutent mesme le seigneur qui

160 2876 1398 140 dit. Faictes ce quilz uous diẽt/ mais ne faictes

1639 172 127 95 177

1572 1181 274 137 Phił.1.c

1638 1350 184 128 Que

1566 1457 250 98 nul ne

1563 1526 289 107 presume

1578 1609 283 113 de ensei¬

1587 1695 259 119 gner ses

1563 1790 259 104 propres

1551 1873 250 101 choses.

1560 1953 280 104 mat.23.a

1569 2036 271 107 Phił.1.c

1566 2119 277 110 Io.14.a

1635 2253 217 140 Christ

1593 2360 253 107 est dau¬

1584 2455 256 101 cuns an¬

1569 2526 274 104 nõce par

1593 2612 247 110 ung cueͬ

1599 2704 235 107 depraue.

1114 2951 443 175 Z point ce
