2211 3563
911 140 723 117 Des mandemens

649 279 1395 108 point ce quilz font: car ilz dient/ ⁊ si nen font

655 366 1387 103 riens: pourtant telz sont ouys utilemẽt lesq̃lz

653 447 1389 111 aussi sont inutilemẽt. Car ilz aduisẽt de cher¬

649 536 1405 103 cher leur ꝓpre utilite mais ilz ne osent pas en¬

633 615 1421 111 seigner leurs choses/ ascauoir eulx estant au

628 696 1426 115 hault lieu du siege de leglise/ laquelle eglise a

635 787 1417 101 este constituee par saine doctrine. Pour laq̃lle

657 863 1391 110 chose le seigñr par auãt quil parlast de telz q̃

657 956 1393 97 iay faict memoire/ il premist. Il se sont assis

674 1036 1373 101 sur la chaiere de Moyse. * Ceste chaiere donc¬

668 1122 1370 98 ques nestoit pas leur chaiere/ mais estoit la

644 1199 1391 107 chaiere de Moyse: elle les ꝯstraingnoit de biẽ

635 1273 1406 110 dire cõbien aussi quilz ne feissent pas bien. Ilz

635 1365 1415 107 faisoiẽt dõcques leurs propres choses en leur

665 1443 1391 106 uie: mais la chaiere dautruy ne parmettoit

677 1523 1367 107 pas quilz enseignassẽt leurs choses. Et ainsi

669 1615 1385 101 ilz proffitent a plusieurs en disant ce quilz ne

674 1698 1379 107 font pas: mais ilz proffiteroient a beaucoup

675 1779 1181 107 plus de gens/ en faisant ce quilz dient.

843 1858 1017 119 ¶ Origene sur sainct Matthieu

1006 1951 646 103 en la .xxu. homelie.

686 2024 1370 113 ¶ Sur la chaiere de Moyse se sont assis les

679 2116 1387 106 scribes ⁊ les Pharisiens ⁊c. Ce q̃ iestime estre

677 2203 1387 99 ainsi. Ceulx qui se dient interpreter la loy de

679 2282 1393 107 Moyse/ ⁊ en ce se glorifiẽt: ou ceulx qͥ se dient

671 2371 1405 101 monter sur ces choses/ telz sont assis sur la

680 2443 1397 110 chaiere de Moyse. * Ceulx doncq̃s qͥ ne se reti

671 2532 1406 95 rent pas de la lettre de la loy sõt appellez scri

677 2609 1400 107 bes. Et ceulx qui se diẽt estre plus grãs en au¬

680 2704 1391 92 cune chose/ ⁊ se diuisent eulx mesmes des au¬

683 2782 1376 98 tres cõe meilleurs q̃ plusieurs autres/ selon ce

667 2866 1393 128 sont appellez pharisiẽs/ lesq̃lz sõt interpretez/

344 994 309 137 Qui sõt

353 1107 262 113 ceulx qͥ

359 1202 250 92 droicte¬

359 1279 259 107 mẽt sont

350 1359 259 116 assis sur

341 1445 294 110 la chaie

347 1532 303 104 re ð moy

365 1606 119 113 se.

377 1692 261 116 mat.5.b

371 2024 288 122 mat.23.a

383 2425 273 119 Qui sõt

374 2526 279 101 les Scri

371 2618 285 95 bes ⁊ les

371 2684 288 133 Phari¬

383 2779 181 133 siens.

1804 2957 244 115 diuisez
