2212 3563
463 174 990 138 des hõmes. Chap̃.xi.

176 306 1412 113 diuisez ⁊ separez. Car Phares est appellee di¬

172 388 1382 110 uisiõ. * Mais apres la uenue de Christ/ ilz sõt

184 483 1367 104 assis sur la chaiere de leglise/ qͥ est la chaiere ⁊

190 564 1373 110 le throsne de Christ. Et cõe les scribes ⁊ phari¬

186 645 1390 115 siẽs estoiẽt mal assis sur la chaiere de Moyse/

176 728 1400 111 ⁊ ceulx qͥ entẽdoient bien la loy ⁊ la bailloiẽt

166 811 1398 109 bien estoiẽt bien assis: ainsi pareillemẽt aucũs

172 887 1376 113 sõt assis sur la chaiere de leglise * qͥ disent les

172 979 1380 109 choses qͥl fault q̃ ung chascun faice/ mais ne

168 1064 1386 107 les fõt pas: ⁊ liẽt pesantz fardeaux si les met¬

160 1148 1408 106 tẽt sur les espaules des hõmes/ ⁊ ne les ueullẽt

164 1229 1400 111 pas mouuoir de leur doigt. Desquelz disoit le

166 1312 1391 116 sauueur. * Quicõque brisera lung de ces tres

166 1399 1388 109 petis cõmandemẽs icy/ ⁊ que ainsi aura ensei¬

166 1482 1384 107 gne les hõmes: cestuy sera appelle le plus pe¬

164 1569 1394 91 tit au royaume des cieulx. Et ne faictes point

172 1653 1406 101 selon leurs oeuures: mais faictes tout ce qͥlz

178 1733 1400 101 uoꝰ dirõt. * Il reprẽt dõcq̃s telle maniere de pre

166 1814 1397 107 dicateurs: lesq̃lz non seullemẽt ne font pas ce

160 1903 1388 104 qͥlz dient: mais aussi cruellemẽt ⁊ sans miseri¬

154 1980 1389 101 corde/ ⁊ non pas selon lestimation des forces

160 2066 1388 101 dung chascun escoutãt/ mais plꝰ qͥlz nont de

157 2143 1394 116 puissãce leur enioignẽt: * cõe ceulx qͥ deffẽdẽt

160 2235 1383 92 de marier: ⁊ cõtraignẽt les gens a une ordure

160 2304 1394 124 ĩmoderee par ce qͥlz deffendẽt ce qͥ est expediẽt.

157 2387 1412 124 Ceulx aussi qui enseignẽt de soy abstenir des

166 2482 1388 110 uiandes ⁊ autres telles manieres de choses:

160 2550 1383 113 ausquelles choses ne doibuent nullement les

160 2633 1397 128 fideles estre constrainctz. Ilz imposent les

163 2722 1391 125 gros fardeaux par la parolle de leur expo¬

160 2802 1397 107 sition/ contre la uolunte de Christ/ disant:

160 2888 1383 140 * Mon ioug est doulx et mon fardeau est

1613 180 159 124 178

1581 394 303 110 La chaie

1569 483 283 98 re de le¬

1581 570 170 112 glise.

1572 878 268 128 mat.23.a

1584 1297 232 137 mat.5.c

1632 1618 238 115 Contre

1599 1716 250 113 ceulx qͥ

1575 1805 277 113 cõmãdẽt

1572 1888 265 107 les loix

1557 1980 268 92 importa

1569 2057 155 104 bles.

1569 2140 259 107 Ceulx qͥ

1560 2223 271 92 deffẽdẽt

1578 2310 274 97 le maria

1587 2384 247 116 ge: et soy

1575 2485 244 83 abstenir

1560 2550 280 104 des uian

1578 2639 259 104 des font

1584 2722 241 107 otre le cõ

1578 2811 247 98 mãdem̃t

1566 2886 244 106 de dieu.

1554 2972 271 127 mat.11.d

998 2966 539 154 Z .ii. legier
