2211 3563
371 279 267 130 Noꝰ deb

371 394 276 104 uõs fai¬

365 475 250 92 re ⁊ en¬

371 546 247 110 seigner.

371 638 253 125 mat.23a

665 282 1382 118 legier.7 Et souuent uoit on que ceulx qͥ ensei¬

665 380 1382 115 gnẽt telles choses cõtre leurs parolles: en fai¬

659 475 1388 106 sant toutes choses poͬ les persõnes des hões/

644 552 1406 113 ⁊ poͬ les uaines gloires: cõe la parolle ensuy¬

632 635 1418 110 uant le mõstre/ disant. Ilz font toutes leͬs oeu

612 724 1351 113 ures/ affin quilz soyent estimez des hõmes.

877 821 955 115 ¶ Origene eur Ezechiel/ en la

986 912 579 99 septiesme somelie.

659 976 1388 113 ¶ Faictes aussi tout ce quid) uous dient: mais

647 1076 1399 101 ne faictes point selon leurs oeuures. Ceste pa

626 1157 1412 107 rolle est pour moy qͥ enseigne les bonnes cho¬

610 1241 1440 107 ses/ ⁊ fais le ꝯtraire: ie suis asfĩs sur la chaiere

602 1324 1448 107 de Moyse cõe le scribe ⁊ le Pharisien. O toy

612 1411 1444 99 peuple:⁊ testcõmande/ que situ nas accresa-

631 1492 1413 101 tion de mauuaise doctrine/ ou dautre enseigne

645 1567 1405 109 mens q̃ ceulx de leglise/ ⁊ que tu uoye ma uie

649 1658 1411 101 coulpable ⁊ mes pechez: que tu ne ordõne pas

651 1739 1401 103 ta uie selon la uie de celuy qui parle/ mais q̃

671 1829 1388 100 tu faice ce que ie dis.? Ne ensuyuõs perfonne:

665 1900 1394 104 ⁊ si nous uoulons ensuyuir q̃lcun/ Iesuchrist

659 1983 1394 110 noꝰ est mis au derãt poͬ lensuyuit. Les faictz

656 2075 1397 110 des apostres sont escriptz: ⁊ congnoissons les

647 2149 1397 119 gestes des prophetes por les liures (ocrez: ceste

641 2242 1411 103 copie est ferme: ce qui est mis au deuant est sia¬

641 2323 1415 107 ble: tellemẽt que celuy qui desire de lensuyuir/

645 2410 888 111 il y peult entrer en seurete.

665 2503 1400 154 Ezechi.24.A. ¶ Maledictiõ sur

659 2634 1403 133 les pasteurs de Israel qͥ se nourris¬

675 2753 1375 131 soiẽt eulx mesmes. Les troppeaux

650 2871 1385 154 ne sõt ilz poĩt nourris des pasterts?

863 166 761 128 Des mandemens

332 967 315 155 mat.23a

365 1802 282 127 mat.23a

362 1912 270 104 Ne en¬

359 1986 268 122 suyuõs

356 2072 291 119 ꝑsonne q̃

359 2152 250 143 Christ.

398 2529 249 122 Contre

356 2638 281 91 les pa¬

362 2707 297 122 steurs qͥ

366 2804 273 97 au liere

383 2888 252 101 dnourir

382 2971 255 116 le trou¬

1808 2983 240 116 Uous
