2211 3563
338 323 268 101 piscence

338 409 268 89 demeure

332 489 262 107 en celuy

332 576 274 89 qui est re

341 671 238 100 genere.

627 296 1373 119 de la chair/ demeure en celuy qͥ est regenere: au

624 391 1376 119 quel a este faicte la remission de tous ses pe¬

624 475 1373 115 chez: ⁊ toutessoys quãt la generatiõ charnel¬

644 555 1361 121 le est engẽdree uoire aussi de celuy qͥ est bapti¬

638 644 1364 122 se/ icelle cõcupiscẽce est semee par ceste genera-

616 736 1384 105 tion? ou aultremẽt. Si le pere ou la mere qui

598 815 1404 109 est baptise peult faire ceste generation sãs pe¬

594 893 1403 119 che/ ou en peche: poͬquoy est la mesme cõcupi¬

603 982 1405 113 scẽce/ peche en lenfãt? A cela on respond: q̃ la

609 1054 1402 112 cõcupiscẽce de la chate est pardõnee au baptes¬

600 1148 1404 108 me: non pas tellement q̃lle ne soit plus: mais

600 1220 1394 119 tellemẽt q̃ le peche nest plus impute.◊ Et cõ¬

600 1312 1397 122 bien que lobligatiõ soit desia desliee: toutes¬

603 1389 1408 116 foys elle demeure iusques a ce q̃ toute infirmi

615 1472 1402 122 te soit guerie/ par ce q̃ la renouation de lhõme

627 1561 1390 104 interiore proffite de iour eniour/ iusques a ce

644 1638 1364 119 q̃ lhõme exteriore oura uesu incorruptiõ. Et

644 1731 1373 112 nous est cõmande de non obeir/ aux desirs ui¬

615 1811 1408 107 cieux de cesãe cõce/ cẽat poͬ /atechoses illi¬

600 1898 1412 109 cites: affin que peche ne regne en nostre corps

606 1975 1410 113 mortel. Aussi ceste cõcuxiscence est iournelle¬

622 2060 1404 109 mẽt diminuee en ceulx qͥ proffitẽt/ ⁊ qui sont

637 2145 1381 111 cõtinẽs: ⁊ beauconp plus en cerlx qut sappro

643 2232 567 99 chent de uieillesse.

798 2304 1232 112 ¶ Aug. en lepistre ad ganuarium. cxix.

647 2381 1385 113 ¶ Ignorez uous q̃ nous tous qͥ sommes bapti

647 2474 1381 113 sez en Iesuchrist: nous sommes baptisez en sa

662 2553 1367 119 mort? Nous sõmes doncques ensepuelis auec

656 2648 1367 107 luy par le baptesme en sa mort. F Parquoy/

650 2728 1379 110 sinõ par foy? Car aussi maintenãt nest pas ce

647 2814 1373 107 parfaict en nous qͥ encore gemissõs en nous

647 2883 1373 148 mesmes ⁊ attendõs ladoptiõ/ qͥ est la redẽptiõ

849 174 783 134 De la transgression

323 893 256 107 2.cor.4.d

320 979 253 113 ephe.4.f

326 1071 262 104 colos.3.b

326 1229 229 119 Lhõme

320 1324 253 98 est par¬

329 1413 214 98 faicte¬

338 1481 253 104 ment re¬

344 1558 259 113 nouuel¬

338 1647 262 98 le en la

335 1731 280 106 resurre¬

335 1831 188 107 ction.

356 2372 244 131 Ro.6.a

347 2556 294 110 Noꝰ sõ¬

350 2651 285 95 mes sau

356 2746 250 92 uez par

362 2808 268 107 foy ⁊ par

362 2894 270 140 esperãce.

1749 2971 275 107 de nostre
