2212 3563
431 166 1058 163 des hõmes. Chap̃.xi.

162 334 1372 137 dõner gloie a mon nom dit le seigͬ

170 461 1364 124 des armees/ ie enuoyeray pourete

180 572 1360 130 en uous: ⁊ mauldiray uoz benedi¬

170 692 1368 127 ctions/ ⁊ les mauldiray pour ce que

160 805 1123 129 ne lauez point prins a cueur.

330 932 1044 101 ¶ Cyprian au premier traicte con¬

493 1025 625 85 tre Demetrianum.

169 1074 1365 125 ¶ Escoutez la parolle du seigneur uous filz

160 1183 1370 113 de Israel: car le iugement du seigͬ est cõtre les

160 1270 1377 98 habitãs de la terre * pour ce qͥl ny a sur la ter¬

157 1348 1380 103 re/ ne misericorde/ ne uerite/ ne cõgnoissãce de

160 1425 1380 107 dieu: mais execration/ ⁊ mẽsonge/ homicides/

166 1505 1374 113 ⁊ larcins/ ⁊ adultere sont respãdus sur la ter¬

172 1591 1391 119 re ⁊c. Dieu dit quil est mal cõtent ⁊ courrou¬

178 1671 1400 113 ce/ de ce q̃ la congnoissance de dieu nest pas en

184 1765 1378 103 la terre: ⁊ dieu nest pas recongneu/ ne crainct.

175 1837 1388 119 Dieu accuse les pechez de mẽsõges ⁊ de pail¬

170 1927 1378 109 lardises/ de deceptiõs/ de crudelite/ de blasphe

168 2015 1382 106 mes/ dinfidelite/ ⁊ de fureur: ⁊ nul ne retourne

163 2093 1380 121 a innocẽce. * Uous estes mal content que dieu

172 2179 1379 116 se courrouce/ cõme si uous deseruiez quelq̃ biẽ

178 2256 1385 110 en mal uiuant/ cõme si toutes les choses qui

180 2349 1406 105 aduiennent nestoient pas moindres encore et

169 2422 1412 119 plus legieres que uoz pechez ⁊c. Tu te plains

175 2508 1379 101 de la sterilite ou de la famine/ comme si la sei¬

178 2586 1385 121 chere se faisoit plus grãde famine que les ra¬

172 2672 1406 121 pines ⁊ gourmandises/ cõme si la pourete ue¬

172 2755 1400 113 noit dautre part q̃ des exactiõs annuellement

172 2835 1388 110 prinses/ ⁊ de labondance des superfluitez. Tu

178 2921 1379 146 te plains que le ciel est ferme pour les pluyes/

1600 203 160 113 180

1551 1059 271 128 osee.4.a

1569 1241 250 107 Il ny a

1554 1333 274 107 sur la ter

1557 1416 280 89 re/ ne ue¬

1554 1481 289 113 rite ne cõ

1578 1564 274 125 gnoissã¬

1596 1665 253 113 ce ð dieu

1572 2075 265 119 Limpa¬

1566 2176 274 95 tiẽce des

1581 2259 241 98 hõmes.

1596 2419 244 107 Notez di

1566 2503 265 103 ligẽmẽt

1581 2589 268 112 don uiẽ¬

1593 2672 250 110 nent les

1581 2767 256 101 maulx q̃

1572 2850 262 116 noꝰ souf

1581 2942 196 145 frons.

1004 3013 574 131 Z .iiii. quant
