2211 3563
897 186 765 126 Des mandemens

679 316 1389 107 quant ainsi les greniers sont fermez en la ter¬

675 401 1399 99 re. Tu te plains que les choses croissent peu/

671 482 1393 107 cõme si les choses qui croissent estoiẽt baillees

661 570 1403 106 aux poures. Tu blasme la peste ⁊ la mort/

662 644 1409 110 quãt par icelle peste ou par la mort sõt descou¬

659 730 1409 110 uers ou augmentez les crimes ⁊ delictz/ quant

668 825 1391 107 quelque misericorde nest faicte aux malades/

683 899 1376 110 * ⁊ aux mortz abõde rapine ⁊ auarice: ⁊ ceulx

683 979 1379 107 mesmes sont craintifz aux oeuures de pitie/

677 1071 1382 107 lesquelz sont assez temeraires aux mauuais

647 1152 1406 115 gaignages: et fuyent la mort de ceulx qͥ meu¬

622 1239 1432 101 rent/ mais appetent les despouilles de ceulx qͥ

622 1322 1446 101 meurent/ tellemẽt quil semble que en leur ma

639 1405 1427 93 ladie sont par aduẽture delaissez poures ⁊ mi

661 1482 1391 101 serables affin quilz ne puissẽt eschapper de la

665 1563 1389 97 maladie. Car cestuy ueult bien q̃ le malade pe

667 1644 1393 107 risse quant il uient a mettre la main sur ses

669 1730 1397 100 biens. Telle terreur de mort ne peult dõner la

667 1817 1401 99 discipline dinnocẽce: ⁊ entre le peuple qͥ iour¬

653 1902 1415 97 nellemẽt ⁊ continuellemẽt se meurt/ nul tou¬

653 1974 1412 107 tesfoys ne cõsidere quil est mortel. * On court

656 2063 1406 104 dung coste ⁊ dautre/ on rauit/ on prent a tous

656 2140 1397 113 costez. Il ny a nulle dissimulation de piller/ on

650 2235 1403 95 nen faict quelque cõscience. Cõme sil estoit li¬

653 2318 1412 98 cite/ cõme sil estoit de necessite/ cõme celuy qui

659 2390 1400 115 est sãs rapiner ne cõgnoisse pas son ꝓpre coust

653 2484 1405 107 ⁊ dõmaige/ ainsi se haste ung chascun de rapi

651 2575 1407 93 ner. Il y a aux larrõs aucune uergõgne de pe

651 2648 1407 97 che: car ilz ne demãdẽt q̃ les lieux desertz ⁊ la

661 2731 1391 107 ou il ny a ꝑsonne/ ⁊ les fosses: ⁊ fõt illec telle¬

665 2814 1377 99 mẽt leͬ peche/ q̃ au moins le peche des pecheͬs

645 2899 1395 125 est couuert par les tenebres ⁊ ꝑ la nuict. Mais

395 626 252 140 ezec.34.a

389 739 252 104 Hier̃.7.b

374 825 270 95 mat.21.b

359 914 288 95 Auarice

359 997 253 95 enuers

365 1065 282 116 les tres¬

368 1146 226 124 passez.

368 1956 270 131 Lauari¬

368 2060 270 107 ce des p̃¬

368 2155 267 92 latz ⁊ la

380 2244 196 89 rapine

383 2315 238 116 dũg cha

392 2393 166 130 scun.

1745 2988 301 111 lauarice
