2212 3563
449 158 1040 146 des hõmes. Chap̃.xi.

156 294 1388 123 lauarice publicquement mõstre sa forsenerie:

160 384 1368 118 ⁊ icelle par son audace asseuree en la lumiere

164 477 1362 110 du marche establit les armures de la cupidite

174 564 352 101 inuincible.

320 635 1048 115 ¶ Cyprian au sermon de la Ieune

388 724 883 99 ⁊ de la tentation du seigneur.

157 786 1365 125 ¶ Se leglise auioͬdhuy auoit Moyse ⁊ Aa¬

148 872 1374 125 ron ⁊ Samuel: ilz seroient exaucez quant ilz

154 970 1368 122 prieroiẽt. Et si Iob ⁊ Noe ⁊ Daniel prioient/

154 1057 1368 112 pardon seroit dõne au peuple. * On ne treuue

145 1131 1383 116 auiourdhuy guere de Phinees/ qͥ uiẽne a tres¬

148 1220 1386 113 percer les impudicques: on ne treuue guere de

148 1306 1386 119 Moyses/ qͥ mette a mort les sacrileges: on ne

148 1377 1383 128 treuue guere de Samuelz/ qui pleure les ino¬

148 1469 1386 116 bediẽs: Iob nest guere trouue/ qͥ offre sacrifice

166 1553 1390 113 poͬ la negligence des enfans: Aarõ nest guere

166 1635 1406 112 trouue/ qͥ declaire deuãt Pharaon les mena¬

168 1714 1402 116 ces du seigñr: Noe nest guere trouue/ qui faice

154 1796 1377 128 ꝓuision dune arche plastree de colle poͬ ceulx

148 1885 1383 113 ausq̃lz est le peril de nyer. * En plourãt ie dis

145 1959 1389 122 auec lapostre/ les magistratz estre les ennemis

148 2039 1386 122 de Christ/ lesq̃lz saueurẽt les choses terriẽnes:

148 2134 1386 107 desq̃lz le uẽtre est leur dieu/ lesq̃lz cõme impu

154 2206 1371 136 dentz se resiouyssent ⁊ se glorifiẽt es choses qͥl

160 2298 1383 121 nest pas licite de dire. * Les tẽps perilleux sõt

154 2381 1406 119 uenus q̃ lapostre a p̃dit: ausq̃lz des amateurs

148 2467 1403 116 de uolupte plus que de dieu/ ayant apparence

151 2553 1380 110 de pitie mais renõceant a uertu/ sont trouuez

148 2624 1403 131 en fort grand nombre entre les prelatz et pre¬

148 2710 1403 134 uostz: lesquelz ne toucheroiẽt pas dung doigt

148 2805 1389 110 ne les ieunes ne les oraisons: lesquelz ont les

148 2891 1380 128 mains plaines diniquite/ ⁊ sont leurs mains

1633 164 119 124 181

1540 751 270 148 hier̃.15.a

1540 881 270 101 ezec.14.d

1540 956 246 112 Nume.

1540 1054 163 95 25.a.

1537 1116 270 113 1.reg.15b

1548 1208 250 104 Le petit

1546 1291 246 98 nombre

1548 1380 247 95 des bõs

1546 1451 261 134 prelatz.

1548 1769 268 125 Phił.2.d

1548 1879 265 101 Les supe

1548 1953 259 107 rieurs qͥ

1548 2045 262 86 ont plus

1546 2122 273 113 de soing

1540 2200 285 107 des cho¬

1560 2289 274 101 ses terre¬

1578 2375 250 104 stres que

1557 2455 256 98 du peu¬

1548 2532 274 116 ple/ sont

1563 2621 253 107 ennemis

1563 2696 247 115 de christ.

1554 2791 256 106 Les dan

1546 2874 255 118 giers de

1537 2963 267 118 nr̃e tẽps

1251 2960 274 145 chargees
