2211 3563
972 170 704 122 Des mandemẽs

677 290 1367 128 chargees de dõs. On demãderoit en uain des

680 394 1385 119 miracles de eulx/ ne aussi quelque ayde: car

680 489 1361 95 ceulx qui contemnent le seigneur ne sont pas

668 581 1382 95 ydoines intercesseurs: ⁊ ne peuuent cõuenable

650 644 1394 107 ment approcher pour rapaiser celuy qͥlz offen

650 733 651 110 sent continuellement.

823 807 1177 110 ¶ Au mesme sermõ au fueillet .ccccxlii.

677 893 1370 110 ¶ Le diable est mẽteur/ ⁊ ꝓmet de dõner gran

686 982 1361 98 des choses a ceulx qͥ obeissẽt a luy. * Ce mal

671 1059 1370 107 icy est espars en toute leglise: ⁊ est une cõmune

653 1152 1385 106 pestilẽce/ qͥ en a prins sans nõbre/ q̃ ceulx qui

638 1241 1412 101 estoiẽt en liberte/ poͬ la gloire de ce mõde se sõt

638 1324 1415 107 uẽdus en seruiteͬs: ⁊ sont deputez en seruitude

632 1413 1415 92 ꝑ uices ⁊ par pactiõ obligez uiẽnẽt a dõner au

656 1487 1382 89 diable le chirographe de tesmoignage. Les uo

677 1561 1358 101 luptez sõt achetees ꝑ toute chose illicite: ⁊ les

689 1638 1358 107 grosses paillardises sõt cherchees par tout pe

683 1725 1370 112 che. Le traistre Iudas uoulant uẽdre Christ/

671 1813 1383 107 demãda aux prĩces des p̃stres ung pris taxe/

680 1888 1379 107 disant: * Que me uoulez uous donner/ ⁊ ie le

653 1983 1403 109 uous liureray? Lamour de gaignage se boute

633 2070 1417 103 iusq̃s a la mort du seigñr: ⁊ le desir de gaigna

647 2149 1394 98 ge ne espargne pas la uie du sauueur. * Aussi

647 2235 1400 92 ambition doit au sein des p̃stres/ la repose elle

653 2321 1400 86 en lõbre/ ⁊ se muce fraudulentemẽt au lieu se¬

656 2387 1403 113 cret de la chãbre. * Simõ du tẽps des apostres

650 2482 1409 95 estimãt q̃ le saĩct esprit se uẽdit: il uint a Pier¬

653 2565 1399 105 re auec dõs/ ⁊ uoulut acheter la puissance par

659 2648 1393 107 laquelle il peult gaigner plus grãdes choses.

683 2722 1370 104 * Ceste forme de sacrilege court ꝑ tous les of¬

677 2817 1364 98 fices ⁊ les degrez de leglise: ⁊ ambitiõ ne laisse

647 2897 1388 128 riẽs q̃lle ne espreuue. Et ne fault pas doubter

389 302 264 116 sõt a cau

383 403 276 92 se des p̃¬

377 486 279 101 latz ⁊ au

377 573 267 101 tres qui

389 647 243 113 soubz co

371 730 253 107 leͬ de de¬

350 807 291 101 uotiõ de¬

344 896 303 98 coiuẽt le

347 976 285 113 peuple.

359 1059 265 116 Ioã.8.f

353 1143 262 115 Esa.1.f

347 1232 265 104 Lambi¬

341 1309 274 101 tiõ et la

347 1395 259 101 uolupte

350 1475 277 116 des pre¬

365 1561 190 110 stres.

368 1636 300 112 2.Pe.2.d

386 1722 255 124 Ioã.8.e

380 1894 282 110 mat.26b

371 2122 247 119 Ambitiõ

380 2232 232 92 dort au

392 2310 229 100 sein des

386 2405 235 86 prestres.

383 2488 226 95 Act.8.d

362 2704 297 122 De la si

359 2808 297 101 monie ð

371 2894 223 116 leglise.

1747 2996 303 111 que ce ne
