<?xml version="1.0" encoding="UTF-8"?>
<alto xmlns:xsi="http://www.w3.org/2001/XMLSchema-instance"
      xmlns="http://www.loc.gov/standards/alto/ns-v4#"
      xsi:schemaLocation="http://www.loc.gov/standards/alto/ns-v4# http://www.loc.gov/standards/alto/v4/alto-4-2.xsd">
  <Description>
    <MeasurementUnit>pixel</MeasurementUnit>
    <sourceImageInformation>
      <fileName>364_4c3c4_default.jpg</fileName>
      <fileIdentifier>https://www.e-rara.ch/i3f/v20/4106099/full/full/0/default.jpg</fileIdentifier>
    </sourceImageInformation>
  </Description>
  <Tags>
    <OtherTag ID="BT8" LABEL="DamageZone" DESCRIPTION="block type DamageZone"/><OtherTag ID="BT10" LABEL="DropCapitalZone" DESCRIPTION="block type DropCapitalZone"/><OtherTag ID="BT11" LABEL="GraphicZone" DESCRIPTION="block type GraphicZone"/><OtherTag ID="BT12" LABEL="MainZone" DESCRIPTION="block type MainZone"/><OtherTag ID="BT13" LABEL="MarginTextZone" DESCRIPTION="block type MarginTextZone"/><OtherTag ID="BT15" LABEL="NumberingZone" DESCRIPTION="block type NumberingZone"/><OtherTag ID="BT17" LABEL="QuireMarksZone" DESCRIPTION="block type QuireMarksZone"/><OtherTag ID="BT18" LABEL="RunningTitleZone" DESCRIPTION="block type RunningTitleZone"/><OtherTag ID="BT20" LABEL="StampZone" DESCRIPTION="block type StampZone"/><OtherTag ID="BT21" LABEL="TableZone" DESCRIPTION="block type TableZone"/><OtherTag ID="BT22" LABEL="TitlePageZone" DESCRIPTION="block type TitlePageZone"/><OtherTag ID="BT132" LABEL="MarginTextZone:handwrittenAddition" DESCRIPTION="block type MarginTextZone:handwrittenAddition"/>
    <OtherTag ID="LT7" LABEL="CustomLine" DESCRIPTION="line type CustomLine"/><OtherTag ID="LT8" LABEL="DefaultLine" DESCRIPTION="line type DefaultLine"/><OtherTag ID="LT9" LABEL="DropCapitalLine" DESCRIPTION="line type DropCapitalLine"/><OtherTag ID="LT10" LABEL="HeadingLine" DESCRIPTION="line type HeadingLine"/><OtherTag ID="LT11" LABEL="InterlinearLine" DESCRIPTION="line type InterlinearLine"/><OtherTag ID="LT125" LABEL="default" DESCRIPTION="line type default"/>
  </Tags>
  <Layout>
    <Page WIDTH="2212"
          HEIGHT="3563"
          PHYSICAL_IMG_NR="364"
          ID="eSc_dummypage_">
      <PrintSpace HPOS="0"
                  VPOS="0"
                  WIDTH="2212"
                  HEIGHT="3563">
        <TextBlock HPOS="124"
                   VPOS="312"
                   WIDTH="1469"
                   HEIGHT="2712"
                   ID="eSc_textblock_c1ddbad6"
                   TAGREFS="BT12">
          <Shape><Polygon POINTS="124 336 156 3024 872 3016 872 2928 1580 2928 1593 2711 1593 2695 1576 2559 1591 2414 1571 2274 1557 1910 1588 1802 1590 1796 1586 1658 1552 1528 1541 1163 1537 651 1540 312"/></Shape>
          <TextLine ID="eSc_line_d9ad2690"
                    TAGREFS="LT8"
                    BASELINE="148 401 1528 376" 
                    HPOS="146"
                    VPOS="302"
                    WIDTH="1382"
                    HEIGHT="137">
            <Shape><Polygon POINTS="146 342 148 401 148 439 249 435 251 435 253 435 269 423 427 431 463 433 465 433 489 431 572 417 600 427 607 429 609 429 611 429 762 425 764 425 770 421 788 413 839 419 879 425 881 425 883 425 885 425 885 423 891 419 899 411 944 417 996 423 998 423 1000 423 1002 423 1002 421 1009 415 1017 409 1089 413 1207 419 1209 419 1267 407 1281 405 1291 407 1324 415 1326 415 1328 415 1330 415 1360 405 1368 403 1382 405 1449 413 1451 413 1528 399 1528 376 1524 302 1435 302 1433 302 1431 302 1429 302 1429 304 1404 322 1229 314 1227 314 1225 314 1200 326 1168 314 1166 314 1164 314 1162 314 1124 326 1029 312 1011 310 1009 310 924 312 922 312 914 314 867 334 833 334 815 318 813 318 811 318 809 318 807 318 805 318 778 336 740 336 706 318 699 316 697 316 695 316 635 318 633 318 631 318 629 320 611 336 588 322 584 320 582 320 580 320 578 320 576 320 574 322 556 334 497 324 483 322 481 322 479 322 477 322 475 324 455 340 316 330 314 330 312 330 310 330 291 344 201 344 158 334 146 342"/></Shape>
	    <String CONTENT="que ce ne soi laffaire du diable/ ⁊ ses marchã¬"
                    HPOS="146"
                    VPOS="302"
                    WIDTH="1382"
                    HEIGHT="137"
                    WC="0.9755374751985073"></String>
          </TextLine>
          <TextLine ID="eSc_line_52a39371"
                    TAGREFS="LT8"
                    BASELINE="150 486 1520 463" 
                    HPOS="148"
                    VPOS="399"
                    WIDTH="1372"
                    HEIGHT="119">
            <Shape><Polygon POINTS="150 486 150 510 261 518 263 518 265 518 283 508 295 502 324 508 376 516 378 516 380 516 407 506 421 500 497 504 598 508 600 508 602 508 603 508 615 500 623 496 645 500 695 510 697 510 699 510 701 510 718 498 724 494 730 498 742 508 744 508 746 508 748 510 835 510 835 508 932 494 962 490 990 492 1079 502 1081 502 1083 502 1085 502 1101 490 1136 500 1138 500 1140 500 1223 488 1237 500 1239 500 1241 500 1243 502 1291 502 1291 500 1360 484 1362 484 1364 484 1402 498 1404 498 1406 498 1407 498 1409 498 1433 482 1435 482 1467 496 1469 496 1471 496 1473 496 1520 481 1520 463 1512 399 1481 411 1419 401 1406 399 1404 399 1402 399 1400 399 1398 401 1380 413 1312 403 1291 401 1289 401 1261 405 1172 417 1097 409 1063 405 1061 405 1059 405 1057 405 1053 409 1041 417 994 411 964 407 962 407 960 407 950 411 928 421 881 413 851 409 849 409 847 409 829 415 798 423 701 417 621 413 619 413 617 413 615 413 607 419 598 429 483 429 457 423 433 417 431 417 429 417 427 417 402 425 374 433 302 433 293 427 277 419 275 419 273 419 271 419 243 427 233 431 225 429 205 421 203 421 201 421 148 429 150 486"/></Shape>
	    <String CONTENT="dises: ⁊ tous ceulx qui font telz marchez sont"
                    HPOS="148"
                    VPOS="399"
                    WIDTH="1372"
                    HEIGHT="119"
                    WC="0.9803701924241107"></String>
          </TextLine>
          <TextLine ID="eSc_line_27ef14da"
                    TAGREFS="LT8"
                    BASELINE="166 574 1524 544" 
                    HPOS="162"
                    VPOS="481"
                    WIDTH="1362"
                    HEIGHT="118">
            <Shape><Polygon POINTS="166 574 166 589 231 599 233 599 235 599 257 589 338 597 340 597 342 597 344 597 358 587 360 587 433 595 435 595 516 583 528 583 538 583 613 591 615 591 703 589 704 589 706 589 706 587 708 587 712 581 714 579 728 579 796 587 798 587 800 587 821 579 827 576 1524 566 1524 544 1520 490 1413 481 1411 481 1336 492 1316 494 1289 492 1160 482 1158 482 1099 484 1097 484 1075 496 1065 500 988 496 839 490 837 490 835 490 811 500 794 508 659 508 641 502 619 494 617 494 615 494 613 494 592 502 572 510 542 504 516 498 437 498 435 498 433 498 431 498 421 506 405 514 162 510 166 574"/></Shape>
	    <String CONTENT="ses marchãs: ⁊ q̃ par telle marchãdise ne leur"
                    HPOS="162"
                    VPOS="481"
                    WIDTH="1362"
                    HEIGHT="118"
                    WC="0.993236935387055"></String>
          </TextLine>
          <TextLine ID="eSc_line_2f1ebee8"
                    TAGREFS="LT8"
                    BASELINE="168 655 1528 627" 
                    HPOS="166"
                    VPOS="558"
                    WIDTH="1362"
                    HEIGHT="124">
            <Shape><Polygon POINTS="168 655 168 682 279 669 475 667 514 674 522 676 524 676 566 674 716 663 794 669 843 673 845 673 847 673 859 667 869 663 901 667 938 671 940 671 942 671 958 665 984 657 1015 663 1039 669 1041 669 1043 669 1057 663 1071 657 1097 663 1122 667 1124 667 1126 667 1140 661 1156 655 1186 659 1215 665 1217 665 1219 665 1221 665 1227 659 1233 653 1245 659 1255 663 1257 663 1259 663 1287 657 1316 651 1336 657 1352 661 1354 661 1356 661 1390 655 1431 647 1459 653 1483 659 1485 659 1487 659 1528 651 1528 627 1522 558 1388 560 1386 560 1384 560 1384 562 1368 576 1330 576 1291 568 1289 568 1231 577 1182 566 1170 564 1168 564 1166 564 1160 566 1130 579 1073 568 1055 566 1053 566 1051 566 1043 570 1021 581 910 574 863 570 861 570 859 570 849 574 829 585 780 576 752 572 750 572 712 577 651 589 639 579 637 579 635 579 633 579 625 579 578 589 540 583 508 577 506 577 504 577 502 577 495 583 491 587 483 583 469 579 467 579 465 579 463 579 461 579 461 581 459 581 457 585 449 593 417 585 388 579 386 579 384 579 356 587 328 595 304 589 293 585 291 585 289 585 287 585 271 589 245 597 237 591 229 583 227 583 225 583 223 583 166 591 168 655"/></Shape>
	    <String CONTENT="sera/iens dõne de luy/ silz ne sont p̃mier faitz"
                    HPOS="166"
                    VPOS="558"
                    WIDTH="1362"
                    HEIGHT="124"
                    WC="0.9798403783720366"></String>
          </TextLine>
          <TextLine ID="eSc_line_3983a29e"
                    TAGREFS="LT8"
                    BASELINE="166 736 1524 707" 
                    HPOS="160"
                    VPOS="650"
                    WIDTH="1362"
                    HEIGHT="121">
            <Shape><Polygon POINTS="163 733 163 771 508 754 544 763 567 766 570 766 573 766 588 760 615 751 668 757 713 763 716 763 719 763 746 754 775 748 960 748 1326 751 1328 751 1331 751 1367 736 1370 736 1376 736 1465 748 1468 748 1471 748 1522 730 1522 706 1513 650 160 674 163 733"/></Shape>
	    <String CONTENT="ayostatz ⁊ separez de dieu. Le tẽteur sapproche"
                    HPOS="160"
                    VPOS="650"
                    WIDTH="1362"
                    HEIGHT="121"
                    WC="0.9886129051446915"></String>
          </TextLine>
          <TextLine ID="eSc_line_d13a000c"
                    TAGREFS="LT8"
                    BASELINE="158 819 1518 791" 
                    HPOS="154"
                    VPOS="727"
                    WIDTH="1362"
                    HEIGHT="125">
            <Shape><Polygon POINTS="157 816 157 852 1516 825 1516 789 1507 727 154 754 157 816"/></Shape>
	    <String CONTENT="sans uergõgne des ambitieux/ ⁊ en proposant"
                    HPOS="154"
                    VPOS="727"
                    WIDTH="1362"
                    HEIGHT="125"
                    WC="0.9955987700007178"></String>
          </TextLine>
          <TextLine ID="eSc_line_315d64a4"
                    TAGREFS="LT8"
                    BASELINE="152 898 837 892 1518 873" 
                    HPOS="148"
                    VPOS="807"
                    WIDTH="1368"
                    HEIGHT="116">
            <Shape><Polygon POINTS="151 896 151 923 1516 902 1516 872 1507 807 148 837 151 896"/></Shape>
	    <String CONTENT="une cõdition ꝑuerse/ promet les choses oultre"
                    HPOS="148"
                    VPOS="807"
                    WIDTH="1368"
                    HEIGHT="116"
                    WC="0.9916429364162943"></String>
          </TextLine>
          <TextLine ID="eSc_line_846331b1"
                    TAGREFS="LT8"
                    BASELINE="150 983 1033 971 1519 965" 
                    HPOS="145"
                    VPOS="887"
                    WIDTH="1371"
                    HEIGHT="128">
            <Shape><Polygon POINTS="148 982 148 1015 1022 1009 1025 1009 1028 1009 1046 997 1052 994 1079 997 1180 1006 1183 1006 1287 991 1299 991 1308 991 1412 1003 1415 1003 1513 985 1516 964 1510 899 1269 887 1266 887 1165 902 1159 902 1153 902 1088 890 1085 890 1082 890 1040 905 1034 905 1013 905 903 893 900 893 823 908 808 908 781 908 627 896 624 896 621 896 579 911 570 911 544 911 383 899 380 899 377 899 374 899 356 914 353 917 145 917 148 982"/></Shape>
	    <String CONTENT="lesquelles la cõuoitise ne se peult estẽdre: asca¬"
                    HPOS="145"
                    VPOS="887"
                    WIDTH="1371"
                    HEIGHT="128"
                    WC="0.9880782148012748"></String>
          </TextLine>
          <TextLine ID="eSc_line_8e632efb"
                    TAGREFS="LT8"
                    BASELINE="154 1066 1531 1038" 
                    HPOS="148"
                    VPOS="970"
                    WIDTH="1380"
                    HEIGHT="119">
            <Shape><Polygon POINTS="151 1065 151 1089 1525 1062 1528 1036 1519 985 1376 985 1373 985 1346 970 1343 970 1340 970 1260 985 1242 988 1046 988 567 985 564 985 561 985 558 985 558 988 555 988 553 991 547 1000 535 991 532 988 529 988 526 988 523 988 478 994 374 1006 330 994 315 991 312 991 309 991 285 994 214 1009 148 997 151 1065"/></Shape>
	    <String CONTENT="uoir la seulle dignite de tous les royaulmes/"
                    HPOS="148"
                    VPOS="970"
                    WIDTH="1380"
                    HEIGHT="119"
                    WC="0.9979360951317682"></String>
          </TextLine>
          <TextLine ID="eSc_line_3dc3259d"
                    TAGREFS="LT8"
                    BASELINE="160 1152 1533 1125" 
                    HPOS="154"
                    VPOS="1051"
                    WIDTH="1377"
                    HEIGHT="133">
            <Shape><Polygon POINTS="157 1149 157 1169 208 1184 330 1169 434 1181 466 1166 1376 1166 1376 1163 1531 1143 1531 1122 1525 1059 1385 1051 1281 1068 1248 1054 1111 1071 1067 1057 963 1074 915 1059 814 1077 805 1077 781 1062 773 1062 606 1083 454 1068 392 1086 228 1074 154 1092 157 1149"/></Shape>
	    <String CONTENT="⁊ la domination de tout le mõde: tellemẽt que"
                    HPOS="154"
                    VPOS="1051"
                    WIDTH="1377"
                    HEIGHT="133"
                    WC="0.9911218767470502"></String>
          </TextLine>
          <TextLine ID="eSc_line_e2f1d694"
                    TAGREFS="LT8"
                    BASELINE="150 1233 1532 1209" 
                    HPOS="148"
                    VPOS="1144"
                    WIDTH="1384"
                    HEIGHT="120">
            <Shape><Polygon POINTS="150 1233 150 1251 225 1264 227 1264 229 1264 267 1251 388 1260 390 1260 392 1260 425 1249 544 1258 546 1258 635 1245 813 1254 815 1254 817 1254 849 1241 952 1252 954 1252 1055 1251 1057 1251 1059 1251 1059 1249 1075 1237 1154 1247 1156 1247 1158 1247 1186 1235 1211 1247 1213 1247 1215 1247 1277 1235 1316 1245 1318 1245 1320 1245 1431 1235 1489 1243 1491 1243 1493 1243 1532 1227 1532 1209 1530 1155 1507 1144 1505 1144 1503 1144 1411 1157 1404 1157 1398 1157 1299 1146 1297 1146 1295 1146 1257 1159 1257 1161 1124 1161 1101 1161 1065 1150 1063 1150 1061 1150 974 1163 867 1155 865 1155 863 1155 861 1155 847 1167 732 1167 708 1157 706 1157 704 1157 607 1171 596 1171 588 1171 487 1159 485 1159 483 1159 441 1173 439 1173 427 1173 205 1165 203 1165 148 1177 150 1233"/></Shape>
	    <String CONTENT="entre tous les mõdains ung hõme ait la puis¬"
                    HPOS="148"
                    VPOS="1144"
                    WIDTH="1384"
                    HEIGHT="120"
                    WC="0.9887521850026172"></String>
          </TextLine>
          <TextLine ID="eSc_line_96e94bb3"
                    TAGREFS="LT8"
                    BASELINE="158 1316 1532 1294" 
                    HPOS="156"
                    VPOS="1229"
                    WIDTH="1376"
                    HEIGHT="117">
            <Shape><Polygon POINTS="158 1316 158 1346 263 1334 295 1344 297 1344 299 1344 301 1344 330 1332 429 1342 435 1342 437 1342 449 1342 590 1328 716 1336 778 1338 780 1338 851 1332 936 1324 974 1328 1013 1334 1015 1334 1017 1334 1019 1334 1027 1328 1033 1322 1041 1328 1047 1330 1049 1330 1051 1330 1091 1326 1158 1318 1176 1324 1196 1330 1198 1330 1200 1330 1202 1330 1229 1322 1247 1318 1257 1322 1277 1330 1279 1330 1281 1330 1283 1330 1285 1330 1299 1320 1307 1316 1320 1320 1344 1328 1346 1328 1348 1328 1530 1314 1532 1294 1526 1231 1433 1241 1413 1231 1407 1229 1406 1229 1404 1229 1402 1229 1390 1233 1350 1243 1206 1235 1162 1233 1160 1233 1158 1233 1152 1235 1132 1247 1061 1239 1059 1239 1057 1239 1027 1249 934 1239 912 1237 910 1237 908 1237 906 1237 904 1239 887 1251 802 1241 782 1239 780 1239 778 1239 772 1241 738 1254 653 1254 574 1243 562 1243 560 1243 542 1245 445 1256 372 1247 366 1247 364 1247 362 1247 360 1247 346 1260 279 1260 156 1251 158 1316"/></Shape>
	    <String CONTENT="sance cõme dieu: ⁊ auquel toutes choses soyẽt"
                    HPOS="156"
                    VPOS="1229"
                    WIDTH="1376"
                    HEIGHT="117"
                    WC="0.9822394061595836"></String>
          </TextLine>
          <TextLine ID="eSc_line_3a1dc834"
                    TAGREFS="LT8"
                    BASELINE="162 1399 1532 1377" 
                    HPOS="160"
                    VPOS="1316"
                    WIDTH="1372"
                    HEIGHT="111">
            <Shape><Polygon POINTS="162 1399 162 1427 409 1417 483 1421 588 1427 590 1427 592 1427 611 1419 619 1415 627 1417 653 1427 655 1427 657 1427 659 1427 687 1417 697 1413 750 1415 904 1423 906 1423 958 1411 968 1409 992 1409 1126 1419 1128 1419 1184 1407 1213 1417 1215 1417 1217 1417 1219 1417 1221 1417 1237 1405 1277 1417 1279 1417 1281 1417 1407 1415 1532 1397 1532 1377 1528 1328 1425 1318 1423 1318 1366 1328 1364 1328 1360 1328 1307 1316 1305 1316 1182 1330 1152 1332 1095 1330 906 1322 904 1322 827 1332 780 1338 738 1332 689 1326 687 1326 685 1326 669 1334 655 1342 568 1342 554 1334 542 1328 540 1328 538 1328 504 1334 477 1340 415 1336 370 1332 368 1332 366 1332 358 1336 340 1344 160 1338 162 1399"/></Shape>
	    <String CONTENT="subiectes/ ⁊ q̃ toutes choses luy payẽt ung ge¬"
                    HPOS="160"
                    VPOS="1316"
                    WIDTH="1372"
                    HEIGHT="111"
                    WC="0.9764233628908793"></String>
          </TextLine>
          <TextLine ID="eSc_line_13700423"
                    TAGREFS="LT8"
                    BASELINE="156 1482 1538 1462" 
                    HPOS="154"
                    VPOS="1399"
                    WIDTH="1384"
                    HEIGHT="113">
            <Shape><Polygon POINTS="156 1482 158 1512 203 1500 419 1506 429 1506 431 1506 435 1506 487 1496 508 1504 512 1506 514 1506 516 1506 552 1504 667 1494 691 1500 704 1504 706 1504 708 1504 778 1498 875 1490 928 1494 982 1500 984 1500 1108 1498 1110 1498 1132 1490 1146 1486 1184 1490 1259 1496 1261 1496 1536 1480 1538 1462 1532 1399 1382 1413 1291 1403 1259 1399 1257 1399 1255 1399 1253 1399 1247 1403 1227 1415 1126 1405 1097 1403 1095 1403 1057 1407 940 1419 861 1409 833 1407 831 1407 829 1407 819 1411 790 1423 651 1423 617 1413 600 1409 598 1409 596 1409 594 1409 582 1415 564 1423 548 1415 538 1411 536 1411 534 1411 532 1411 530 1411 524 1415 512 1425 495 1417 485 1411 483 1411 481 1411 441 1417 413 1421 380 1419 326 1413 324 1413 322 1413 308 1419 289 1429 154 1423 156 1482"/></Shape>
	    <String CONTENT="neral tribut/ cõe au plus excellẽt ⁊ principal."
                    HPOS="154"
                    VPOS="1399"
                    WIDTH="1384"
                    HEIGHT="113"
                    WC="0.9936041272416407"></String>
          </TextLine>
          <TextLine ID="eSc_line_9ac4cc23"
                    TAGREFS="LT8"
                    BASELINE="160 1569 1540 1549" 
                    HPOS="158"
                    VPOS="1476"
                    WIDTH="1382"
                    HEIGHT="121">
            <Shape><Polygon POINTS="160 1569 160 1587 211 1597 213 1597 322 1585 336 1585 344 1585 394 1595 396 1595 473 1583 483 1583 491 1583 542 1593 544 1593 546 1593 572 1583 578 1581 594 1583 673 1591 675 1591 752 1581 766 1579 778 1579 845 1589 847 1589 904 1579 914 1577 924 1577 984 1587 986 1587 1095 1575 1128 1573 1154 1575 1235 1583 1237 1583 1285 1573 1299 1571 1540 1571 1540 1549 1530 1476 1516 1486 1417 1480 1382 1478 1380 1478 1378 1478 1376 1478 1376 1480 1374 1480 1358 1494 1295 1482 1265 1478 1263 1478 1261 1478 1245 1484 1213 1496 1138 1486 1124 1486 1122 1486 1112 1488 1065 1498 1045 1490 1029 1482 1027 1482 1025 1482 1023 1482 1021 1482 1021 1484 1013 1490 1004 1500 936 1500 924 1492 916 1486 914 1486 912 1486 910 1486 908 1486 906 1486 899 1492 889 1502 847 1502 758 1496 683 1492 681 1492 679 1492 651 1500 633 1504 617 1500 574 1488 572 1488 570 1488 568 1488 520 1502 508 1506 502 1504 479 1490 477 1490 475 1490 386 1502 336 1492 334 1492 332 1492 297 1508 293 1510 281 1508 186 1494 184 1494 182 1494 180 1494 158 1506 160 1569"/></Shape>
	    <String CONTENT="Quelle chose desire tu plus par auarice? Ton"
                    HPOS="158"
                    VPOS="1476"
                    WIDTH="1382"
                    HEIGHT="121"
                    WC="0.9989619851112366"></String>
          </TextLine>
          <TextLine ID="eSc_line_1c64b7fb"
                    TAGREFS="LT8"
                    BASELINE="170 1650 1558 1625" 
                    HPOS="168"
                    VPOS="1561"
                    WIDTH="1390"
                    HEIGHT="117">
            <Shape><Polygon POINTS="170 1650 170 1666 316 1666 322 1668 338 1678 340 1678 342 1678 344 1678 396 1666 409 1664 411 1666 423 1676 425 1676 427 1676 429 1678 489 1678 489 1676 594 1674 596 1674 619 1664 633 1660 748 1664 914 1668 916 1668 918 1668 944 1662 964 1656 980 1660 998 1666 1000 1666 1002 1666 1004 1666 1005 1666 1013 1660 1027 1652 1073 1660 1101 1664 1103 1664 1105 1664 1118 1660 1144 1650 1180 1658 1198 1662 1200 1662 1202 1662 1204 1662 1207 1658 1217 1652 1283 1658 1316 1660 1318 1660 1320 1660 1330 1658 1362 1648 1406 1656 1417 1658 1419 1658 1421 1658 1425 1656 1453 1644 1554 1654 1558 1625 1552 1567 1508 1573 1485 1567 1457 1561 1455 1561 1453 1561 1451 1561 1427 1569 1411 1575 1398 1571 1380 1563 1378 1563 1376 1563 1374 1563 1352 1571 1336 1577 1320 1573 1295 1565 1293 1565 1291 1565 1251 1573 1235 1577 1223 1575 1188 1567 1186 1567 1067 1579 1019 1583 1002 1581 948 1571 946 1571 833 1585 811 1587 800 1585 738 1575 736 1575 605 1591 596 1593 558 1593 528 1593 514 1579 512 1579 510 1579 508 1579 285 1583 283 1583 281 1583 263 1597 184 1585 182 1585 180 1585 178 1585 178 1587 168 1595 170 1650"/></Shape>
	    <String CONTENT="ambition se peult elle cõtẽter en ceste chose: ou"
                    HPOS="168"
                    VPOS="1561"
                    WIDTH="1390"
                    HEIGHT="117"
                    WC="0.9884575009346008"></String>
          </TextLine>
          <TextLine ID="eSc_line_5730deac"
                    TAGREFS="LT8"
                    BASELINE="180 1733 1574 1708" 
                    HPOS="178"
                    VPOS="1646"
                    WIDTH="1396"
                    HEIGHT="115">
            <Shape><Polygon POINTS="180 1733 180 1749 299 1761 301 1761 302 1761 304 1761 318 1749 318 1747 485 1747 487 1747 502 1759 504 1759 506 1759 508 1761 598 1761 598 1759 600 1759 637 1747 647 1743 661 1745 712 1757 714 1757 716 1757 740 1745 748 1741 758 1745 786 1755 788 1755 790 1755 792 1755 794 1755 805 1745 807 1745 817 1745 1033 1751 1035 1751 1037 1751 1055 1743 1069 1735 1105 1743 1140 1749 1142 1749 1190 1741 1251 1732 1291 1741 1308 1745 1310 1745 1312 1745 1372 1743 1374 1743 1376 1743 1380 1739 1394 1730 1572 1737 1574 1708 1570 1658 1503 1646 1501 1646 1413 1658 1411 1658 1409 1658 1366 1646 1364 1646 1362 1646 1360 1646 1328 1660 1324 1660 1318 1660 1257 1648 1255 1648 1253 1648 1251 1648 1251 1650 1239 1660 1237 1664 1075 1664 1067 1662 1043 1652 1041 1652 1039 1652 912 1662 825 1670 800 1664 786 1660 784 1660 782 1660 722 1664 605 1674 540 1666 506 1662 504 1662 502 1662 501 1662 501 1664 497 1666 487 1676 336 1668 291 1666 289 1666 287 1666 283 1668 261 1680 178 1670 180 1733"/></Shape>
	    <String CONTENT="ta famine Iedeulte deroTohier por la souppe"
                    HPOS="178"
                    VPOS="1646"
                    WIDTH="1396"
                    HEIGHT="115"
                    WC="0.978632966446322"></String>
          </TextLine>
          <TextLine ID="eSc_line_12ac925f"
                    TAGREFS="LT8"
                    BASELINE="174 1815 1570 1789" 
                    HPOS="172"
                    VPOS="1726"
                    WIDTH="1398"
                    HEIGHT="114">
            <Shape><Polygon POINTS="174 1815 174 1832 302 1840 304 1840 366 1830 382 1840 384 1840 386 1840 388 1840 481 1829 497 1827 508 1827 600 1836 602 1836 722 1823 734 1823 740 1823 796 1832 798 1832 930 1819 944 1819 950 1819 1005 1829 1007 1829 1120 1817 1132 1827 1134 1827 1136 1827 1138 1827 1281 1813 1289 1813 1293 1813 1340 1823 1342 1823 1344 1823 1370 1811 1372 1811 1378 1811 1441 1821 1443 1821 1445 1821 1447 1821 1463 1809 1469 1809 1530 1819 1532 1819 1534 1819 1570 1807 1570 1789 1566 1726 1459 1726 1457 1726 1455 1726 1451 1728 1415 1739 1364 1730 1354 1728 1352 1728 1350 1728 1348 1728 1348 1730 1326 1743 1241 1745 1124 1745 1083 1733 1079 1733 1077 1733 1075 1733 1073 1733 1069 1733 1023 1747 912 1737 901 1737 899 1737 897 1737 895 1737 881 1749 837 1741 835 1741 833 1741 800 1751 746 1741 734 1739 732 1739 730 1739 726 1741 704 1753 655 1743 653 1743 651 1743 649 1743 627 1753 611 1743 609 1743 607 1743 605 1743 603 1743 602 1743 602 1745 600 1745 594 1755 522 1755 502 1745 497 1743 495 1743 493 1743 443 1747 275 1761 253 1751 249 1749 247 1749 245 1749 172 1751 174 1815"/></Shape>
	    <String CONTENT="de ce mõde icy iectee en tes dẽtz/ ⁊ por toute la"
                    HPOS="172"
                    VPOS="1726"
                    WIDTH="1398"
                    HEIGHT="114"
                    WC="0.9904303609156141"></String>
          </TextLine>
          <TextLine ID="eSc_line_0936a826"
                    TAGREFS="LT8"
                    BASELINE="170 1900 1546 1870" 
                    HPOS="168"
                    VPOS="1805"
                    WIDTH="1378"
                    HEIGHT="130">
            <Shape><Polygon POINTS="170 1900 170 1922 188 1933 190 1933 192 1933 194 1935 259 1935 259 1933 261 1933 263 1933 277 1922 304 1931 306 1931 308 1931 310 1931 362 1916 598 1925 600 1925 602 1925 603 1925 631 1910 671 1910 701 1924 703 1924 704 1924 788 1922 790 1922 792 1922 815 1906 914 1906 946 1918 948 1918 950 1918 952 1918 1013 1902 1198 1912 1200 1912 1202 1912 1204 1912 1219 1898 1231 1908 1233 1908 1235 1908 1237 1908 1299 1898 1358 1910 1360 1910 1546 1888 1546 1870 1542 1819 1449 1805 1447 1805 1445 1805 1413 1821 1411 1823 1344 1823 1340 1823 1324 1811 1322 1811 1320 1811 1318 1811 1316 1811 1314 1811 1299 1823 1297 1825 1223 1825 1221 1825 1209 1815 1207 1815 1206 1815 1204 1815 1106 1827 1091 1815 1089 1815 1087 1815 1085 1815 1083 1815 1081 1815 1081 1817 1069 1829 1041 1817 1039 1817 1037 1817 964 1830 960 1830 958 1830 924 1817 922 1817 920 1817 918 1817 916 1817 893 1832 889 1834 847 1834 845 1832 823 1819 821 1819 819 1819 817 1819 815 1819 776 1834 774 1834 772 1834 726 1821 724 1821 722 1821 720 1821 718 1821 697 1836 693 1836 623 1823 621 1823 619 1823 584 1838 582 1838 576 1838 489 1829 487 1829 485 1829 443 1842 437 1842 429 1842 348 1829 346 1829 168 1846 170 1900"/></Shape>
	    <String CONTENT="masse de coerses choses Co¬/te en les machoi¬"
                    HPOS="168"
                    VPOS="1805"
                    WIDTH="1378"
                    HEIGHT="130"
                    WC="0.9893671340412564"></String>
          </TextLine>
          <TextLine ID="eSc_line_e3e0bb22"
                    TAGREFS="LT8"
                    BASELINE="162 1985 1544 1951" 
                    HPOS="157"
                    VPOS="1891"
                    WIDTH="1386"
                    HEIGHT="116">
            <Shape><Polygon POINTS="160 1983 160 2007 1543 1977 1543 1950 1534 1891 761 1912 740 1909 671 1900 668 1900 603 1915 594 1915 585 1915 532 1903 529 1903 526 1903 523 1903 508 1915 502 1918 463 1918 261 1909 258 1909 157 1924 160 1983"/></Shape>
	    <String CONTENT="res? Tu as le mõde/ mais tu nas poĩt dieu: le"
                    HPOS="157"
                    VPOS="1891"
                    WIDTH="1386"
                    HEIGHT="116"
                    WC="0.9886926323809522"></String>
          </TextLine>
          <TextLine ID="eSc_line_b254995c"
                    TAGREFS="LT8"
                    BASELINE="164 2066 1550 2042" 
                    HPOS="162"
                    VPOS="1975"
                    WIDTH="1388"
                    HEIGHT="121">
            <Shape><Polygon POINTS="164 2066 164 2084 194 2096 196 2096 198 2096 200 2096 201 2096 213 2086 225 2094 227 2094 229 2094 231 2094 299 2082 306 2082 314 2082 382 2096 384 2096 386 2096 388 2096 388 2094 390 2094 398 2084 506 2094 508 2094 602 2078 625 2076 706 2076 710 2078 736 2090 738 2090 740 2090 742 2090 782 2080 835 2088 837 2088 839 2088 861 2076 869 2072 891 2076 952 2086 954 2086 956 2086 986 2074 994 2072 1011 2074 1085 2084 1087 2084 1263 2070 1356 2064 1431 2064 1439 2068 1449 2076 1451 2076 1453 2076 1455 2076 1457 2076 1473 2068 1485 2062 1548 2066 1550 2042 1546 1987 1449 1975 1447 1975 1445 1975 1443 1975 1425 1987 1318 1977 1316 1977 1314 1977 1312 1977 1297 1989 1217 1979 1215 1979 968 1995 904 1985 903 1985 901 1985 899 1985 887 1995 802 1987 800 1987 701 1999 675 1989 673 1989 671 1989 669 1989 621 2001 514 1991 512 1991 417 2003 396 1993 394 1993 392 1993 390 1993 354 2005 289 1995 287 1995 162 2009 164 2066"/></Shape>
	    <String CONTENT="mõde se passera: toy qͥ ne seras poĩt stable/ cher"
                    HPOS="162"
                    VPOS="1975"
                    WIDTH="1388"
                    HEIGHT="121"
                    WC="0.9919609473301814"></String>
          </TextLine>
          <TextLine ID="eSc_line_ebae2824"
                    TAGREFS="LT8"
                    BASELINE="166 2151 1546 2127" 
                    HPOS="164"
                    VPOS="2062"
                    WIDTH="1382"
                    HEIGHT="119">
            <Shape><Polygon POINTS="166 2151 166 2167 233 2181 235 2181 237 2181 279 2167 281 2167 285 2167 354 2179 356 2179 358 2179 394 2167 400 2165 421 2165 542 2175 544 2175 603 2165 625 2161 633 2165 653 2173 655 2173 657 2173 659 2173 685 2165 697 2161 706 2163 734 2173 736 2173 738 2173 837 2171 839 2171 857 2163 869 2157 879 2163 889 2167 891 2167 893 2167 895 2167 904 2163 918 2157 940 2163 960 2167 962 2167 964 2167 1057 2161 1132 2157 1164 2161 1198 2165 1200 2165 1202 2165 1221 2161 1251 2153 1330 2159 1356 2161 1358 2161 1372 2159 1433 2147 1544 2157 1546 2127 1542 2076 1477 2076 1459 2062 1457 2062 1455 2062 1453 2062 1451 2062 1425 2076 1400 2062 1398 2062 1346 2062 1344 2062 1342 2062 1310 2078 1243 2064 1241 2064 1239 2064 1213 2076 1035 2068 1033 2068 1031 2068 1029 2068 1011 2082 1011 2084 968 2084 962 2084 918 2074 916 2074 833 2086 823 2086 819 2086 770 2072 768 2072 766 2072 764 2072 722 2086 716 2088 704 2088 607 2076 605 2076 603 2076 562 2088 459 2078 457 2078 455 2078 402 2092 390 2096 269 2096 265 2094 229 2082 227 2082 225 2082 164 2094 166 2151"/></Shape>
	    <String CONTENT="ras auec luy: tu passeras aussi ⁊ trebucheras."
                    HPOS="164"
                    VPOS="2062"
                    WIDTH="1382"
                    HEIGHT="119"
                    WC="0.9926489280617755"></String>
          </TextLine>
          <TextLine ID="eSc_line_f9c36159"
                    TAGREFS="LT10"
                    BASELINE="342 2234 1348 2216" 
                    HPOS="340"
                    VPOS="2145"
                    WIDTH="1008"
                    HEIGHT="119">
            <Shape><Polygon POINTS="342 2264 425 2264 427 2264 453 2250 536 2260 556 2262 558 2262 560 2262 566 2260 590 2248 602 2258 603 2260 605 2260 607 2260 609 2260 611 2260 619 2258 641 2250 659 2256 671 2260 673 2260 675 2260 677 2260 689 2256 703 2248 712 2254 718 2258 720 2258 722 2258 724 2258 748 2254 790 2244 823 2250 855 2256 857 2256 914 2248 952 2242 970 2246 1009 2254 1011 2254 1013 2254 1055 2242 1067 2240 1077 2242 1112 2250 1114 2250 1170 2238 1176 2238 1178 2238 1206 2250 1207 2250 1209 2250 1211 2250 1235 2236 1237 2236 1243 2236 1308 2246 1310 2246 1312 2246 1348 2232 1348 2216 1342 2157 1233 2159 1229 2157 1217 2147 1215 2147 1213 2147 1132 2145 1130 2145 1039 2159 1007 2165 922 2165 916 2161 897 2151 895 2151 893 2151 825 2161 784 2169 679 2169 669 2163 651 2155 649 2155 647 2155 645 2155 617 2163 602 2167 584 2163 550 2157 548 2157 546 2157 526 2165 506 2171 491 2165 475 2157 473 2157 471 2157 340 2165 342 2234"/></Shape>
	    <String CONTENT="¶ Augustin sur sainct Iehan/ au"
                    HPOS="340"
                    VPOS="2145"
                    WIDTH="1008"
                    HEIGHT="119"
                    WC="0.9863165367034173"></String>
          </TextLine>
          <TextLine ID="eSc_line_aaac0aac"
                    TAGREFS="LT10"
                    BASELINE="427 2315 1312 2300" 
                    HPOS="425"
                    VPOS="2234"
                    WIDTH="887"
                    HEIGHT="105">
            <Shape><Polygon POINTS="427 2337 699 2329 706 2331 730 2339 732 2339 734 2339 843 2327 873 2325 895 2327 978 2335 980 2335 982 2335 1019 2323 1023 2323 1027 2323 1077 2333 1079 2333 1081 2333 1114 2321 1116 2321 1154 2331 1156 2331 1158 2331 1312 2315 1312 2300 1308 2248 1202 2234 1200 2234 1198 2234 1162 2248 1089 2236 1087 2236 1085 2236 1037 2248 942 2240 940 2240 938 2240 936 2240 924 2252 901 2244 899 2244 897 2244 845 2254 837 2254 831 2254 768 2242 766 2242 657 2254 633 2246 631 2246 629 2246 627 2246 625 2246 625 2248 615 2256 613 2258 596 2256 502 2248 501 2248 499 2248 497 2248 487 2256 477 2248 475 2248 473 2248 471 2248 425 2258 427 2315"/></Shape>
	    <String CONTENT="xlix. traicte/ au .ix. chapitre."
                    HPOS="425"
                    VPOS="2234"
                    WIDTH="887"
                    HEIGHT="105"
                    WC="0.9810325521975756"></String>
          </TextLine>
          <TextLine ID="eSc_line_f839371a"
                    TAGREFS="LT8"
                    BASELINE="188 2401 1528 2379 1573 2376" 
                    HPOS="184"
                    VPOS="2295"
                    WIDTH="1388"
                    HEIGHT="127">
            <Shape><Polygon POINTS="187 2399 187 2422 1569 2405 1572 2375 1560 2295 1525 2310 1385 2301 1343 2298 1340 2298 1337 2298 1334 2298 1331 2301 1314 2315 1195 2307 1162 2304 1159 2304 1156 2304 1153 2304 1150 2307 1126 2318 775 2318 249 2315 246 2315 243 2315 184 2330 187 2399"/></Shape>
	    <String CONTENT="¶ Combien que le seigñr Iesuchrist ait faĩct"
                    HPOS="184"
                    VPOS="2295"
                    WIDTH="1388"
                    HEIGHT="127"
                    WC="0.9962323048840398"></String>
          </TextLine>
          <TextLine ID="eSc_line_cbeb7681"
                    TAGREFS="LT8"
                    BASELINE="174 2484 1584 2456" 
                    HPOS="172"
                    VPOS="2393"
                    WIDTH="1412"
                    HEIGHT="120">
            <Shape><Polygon POINTS="174 2484 174 2513 338 2500 362 2507 364 2507 366 2507 368 2507 370 2507 370 2505 380 2498 471 2507 473 2507 475 2507 479 2507 594 2494 651 2503 653 2503 655 2503 657 2503 659 2503 679 2492 730 2502 732 2502 805 2490 869 2500 875 2500 877 2500 879 2500 881 2500 906 2488 950 2498 952 2498 954 2498 956 2498 958 2498 970 2488 1065 2496 1077 2496 1079 2496 1087 2496 1144 2484 1174 2494 1176 2494 1178 2494 1180 2494 1182 2494 1186 2494 1227 2482 1332 2490 1340 2490 1342 2490 1344 2490 1346 2490 1394 2478 1415 2488 1417 2488 1419 2488 1423 2488 1503 2476 1580 2484 1584 2456 1580 2397 1406 2393 1404 2393 1402 2393 1382 2399 1354 2407 1334 2399 1322 2395 1320 2395 1318 2395 1291 2401 1249 2408 1219 2401 1204 2397 1202 2397 1200 2397 1198 2397 1196 2397 1190 2401 1172 2410 1002 2405 996 2405 994 2405 992 2405 875 2416 847 2407 843 2405 841 2405 839 2405 837 2405 831 2407 798 2416 641 2408 617 2408 615 2408 613 2408 611 2408 596 2420 495 2410 481 2410 479 2410 477 2410 473 2410 431 2424 390 2414 388 2414 386 2414 249 2428 172 2416 174 2484"/></Shape>
	    <String CONTENT="beaucoup de choses/ qͥ nont pos este escriptes/"
                    HPOS="172"
                    VPOS="2393"
                    WIDTH="1412"
                    HEIGHT="120"
                    WC="0.9722776666600653"></String>
          </TextLine>
          <TextLine ID="eSc_line_f8b30ac3"
                    TAGREFS="LT8"
                    BASELINE="176 2565 1562 2541" 
                    HPOS="174"
                    VPOS="2474"
                    WIDTH="1388"
                    HEIGHT="117">
            <Shape><Polygon POINTS="176 2565 176 2585 421 2579 457 2585 499 2591 501 2591 502 2591 516 2583 528 2577 568 2583 588 2585 590 2585 603 2583 637 2575 665 2581 687 2587 689 2587 691 2587 724 2581 766 2573 815 2579 859 2585 861 2585 863 2585 877 2579 893 2571 944 2579 982 2583 984 2583 986 2583 1000 2577 1021 2569 1041 2577 1047 2579 1049 2579 1051 2581 1207 2581 1207 2579 1209 2579 1211 2579 1215 2575 1229 2565 1558 2569 1562 2541 1558 2484 1449 2474 1447 2474 1445 2474 1443 2474 1443 2476 1433 2484 1431 2486 1415 2484 1340 2476 1338 2476 1336 2476 1334 2476 1334 2478 1324 2486 1322 2488 1251 2486 1083 2482 1081 2482 1045 2488 1029 2492 1015 2490 986 2482 984 2482 982 2482 980 2482 978 2482 968 2490 960 2496 835 2496 823 2492 811 2486 809 2486 807 2486 778 2492 748 2498 704 2492 661 2488 659 2488 657 2488 637 2494 613 2500 602 2494 594 2490 592 2490 590 2490 588 2490 572 2494 552 2500 508 2496 479 2492 477 2492 475 2492 473 2492 469 2496 459 2502 435 2496 417 2492 415 2492 413 2492 411 2492 409 2492 403 2496 392 2503 174 2500 176 2565"/></Shape>
	    <String CONTENT="cõme aussi le tesmoigne son ꝓpre euõgel//te?"
                    HPOS="174"
                    VPOS="2474"
                    WIDTH="1388"
                    HEIGHT="117"
                    WC="0.9946746022804923"></String>
          </TextLine>
          <TextLine ID="eSc_line_8b815f22"
                    TAGREFS="LT8"
                    BASELINE="182 2648 1565 2625" 
                    HPOS="178"
                    VPOS="2556"
                    WIDTH="1385"
                    HEIGHT="113">
            <Shape><Polygon POINTS="181 2645 181 2669 1560 2651 1563 2624 1557 2556 969 2556 966 2556 963 2556 939 2568 933 2571 897 2568 781 2559 778 2559 775 2559 773 2559 758 2571 755 2574 725 2574 573 2562 570 2562 380 2580 371 2580 365 2580 258 2568 255 2568 178 2583 181 2645"/></Shape>
	    <String CONTENT="ascauoir le seigñr Iesuchrist auoirdi/ ⁊ faict"
                    HPOS="178"
                    VPOS="2556"
                    WIDTH="1385"
                    HEIGHT="113"
                    WC="0.993466614408696"></String>
          </TextLine>
          <TextLine ID="eSc_line_8c6cb1d9"
                    TAGREFS="LT8"
                    BASELINE="180 2731 1581 2708" 
                    HPOS="175"
                    VPOS="2642"
                    WIDTH="1403"
                    HEIGHT="113">
            <Shape><Polygon POINTS="178 2728 178 2755 1575 2737 1578 2707 1572 2651 975 2642 972 2642 770 2660 214 2654 211 2654 208 2654 175 2666 178 2728"/></Shape>
	    <String CONTENT="beaucoup de choses qui ne sont pas escriptes/"
                    HPOS="175"
                    VPOS="2642"
                    WIDTH="1403"
                    HEIGHT="113"
                    WC="0.9812617142995198"></String>
          </TextLine>
          <TextLine ID="eSc_line_0263c180"
                    TAGREFS="LT8"
                    BASELINE="194 2810 1576 2792" 
                    HPOS="190"
                    VPOS="2725"
                    WIDTH="1385"
                    HEIGHT="110">
            <Shape><Polygon POINTS="193 2808 193 2835 1572 2814 1575 2791 1566 2725 190 2734 193 2808"/></Shape>
	    <String CONTENT="Atoutesfoys les choses ont este esleutes pour"
                    HPOS="190"
                    VPOS="2725"
                    WIDTH="1385"
                    HEIGHT="110"
                    WC="0.9901884913444519"></String>
          </TextLine>
          <TextLine ID="eSc_line_8c5ed63a"
                    TAGREFS="LT8"
                    BASELINE="184 2897 1453 2878 1573 2879" 
                    HPOS="178"
                    VPOS="2799"
                    WIDTH="1394"
                    HEIGHT="125">
            <Shape><Polygon POINTS="181 2894 181 2921 1016 2924 1019 2924 1569 2900 1572 2877 1566 2799 178 2826 181 2894"/></Shape>
	    <String CONTENT="escripre lesq̃lles on ueoit estre Iuffisantes poͬ"
                    HPOS="178"
                    VPOS="2799"
                    WIDTH="1394"
                    HEIGHT="125"
                    WC="0.988737305816339"></String>
          </TextLine>
          <TextLine ID="eSc_line_8c584ed6"
                    TAGREFS="LT8"
                    BASELINE="184 2985 861 2971" 
                    HPOS="182"
                    VPOS="2907"
                    WIDTH="679"
                    HEIGHT="111">
            <Shape><Polygon POINTS="184 2985 184 3012 346 3018 348 3018 350 3018 374 3008 384 3004 402 3008 439 3014 441 3014 443 3014 465 3006 475 3002 495 3004 554 3014 556 3014 558 3014 586 3004 762 3010 764 3010 766 3010 768 3010 768 3008 780 2998 782 2996 861 2996 861 2971 857 2917 802 2907 800 2907 704 2917 683 2907 681 2907 679 2907 677 2907 675 2907 659 2921 475 2921 376 2911 374 2911 263 2923 203 2915 201 2915 200 2915 198 2915 182 2925 184 2985"/></Shape>
	    <String CONTENT="le salut des croyans."
                    HPOS="182"
                    VPOS="2907"
                    WIDTH="679"
                    HEIGHT="111"
                    WC="0.999261756738027"></String>
          </TextLine>
        </TextBlock>
        <TextBlock HPOS="439"
                   VPOS="177"
                   WIDTH="1024"
                   HEIGHT="143"
                   ID="eSc_textblock_f5055dc3"
                   TAGREFS="BT18">
          <Shape><Polygon POINTS="439 188 443 320 1463 309 1463 177"/></Shape>
          <TextLine ID="eSc_line_2f349cef"
                    TAGREFS="LT10"
                    BASELINE="461 283 1451 267" 
                    HPOS="459"
                    VPOS="174"
                    WIDTH="992"
                    HEIGHT="138">
            <Shape><Polygon POINTS="1281 174 1279 174 1239 195 1206 176 1204 176 1202 176 1079 176 1077 176 1075 176 1073 176 1025 207 1019 211 889 211 869 207 766 188 764 188 762 188 736 197 722 186 722 184 720 184 718 184 716 184 554 209 483 186 481 186 479 186 477 186 459 221 461 283 461 296 681 312 683 312 772 294 855 306 857 306 859 306 889 292 889 290 992 290 998 290 1071 306 1073 306 1075 306 1077 306 1091 296 1158 304 1160 304 1162 304 1164 304 1164 302 1180 288 1182 288 1247 302 1249 302 1251 302 1279 288 1281 287 1283 287 1322 302 1324 302 1326 302 1451 285 1451 267 1447 205 1348 201 1285 174 1283 174"/></Shape>
	    <String CONTENT="des hõmes. Chap̃.x7."
                    HPOS="459"
                    VPOS="174"
                    WIDTH="992"
                    HEIGHT="138"
                    WC="0.9678609172503153"></String>
          </TextLine>
        </TextBlock>
        <TextBlock HPOS="1555"
                   VPOS="193"
                   WIDTH="196"
                   HEIGHT="106"
                   ID="eSc_textblock_5d303d1e"
                   TAGREFS="BT15">
          <Shape><Polygon POINTS="1555 193 1568 299 1751 290 1751 193"/></Shape>
          <TextLine ID="eSc_line_c66c086a"
                    TAGREFS="LT8"
                    BASELINE="1578 269 1744 265" 
                    HPOS="1574"
                    VPOS="180"
                    WIDTH="170"
                    HEIGHT="108">
            <Shape><Polygon POINTS="1578 269 1578 281 1740 288 1744 265 1740 203 1659 180 1657 180 1655 180 1653 180 1574 207 1578 269"/></Shape>
	    <String CONTENT="iO2"
                    HPOS="1574"
                    VPOS="180"
                    WIDTH="170"
                    HEIGHT="108"
                    WC="0.99998406569163"></String>
          </TextLine>
        </TextBlock>
        <TextBlock HPOS="1525"
                   VPOS="642"
                   WIDTH="287"
                   HEIGHT="522"
                   ID="eSc_textblock_4e5dfa62"
                   TAGREFS="BT13">
          <Shape><Polygon POINTS="1538 646 1529 757 1529 758 1525 962 1534 1049 1538 1164 1812 1162 1801 642"/></Shape>
          <TextLine ID="eSc_line_c438f832"
                    TAGREFS="LT8"
                    BASELINE="1549 707 1776 702" 
                    HPOS="1546"
                    VPOS="602"
                    WIDTH="228"
                    HEIGHT="137">
            <Shape><Polygon POINTS="1548 706 1548 739 1774 736 1774 700 1766 617 1676 620 1673 620 1656 602 1653 602 1650 602 1647 602 1546 623 1548 706"/></Shape>
	    <String CONTENT="Lãbitiõ"
                    HPOS="1546"
                    VPOS="602"
                    WIDTH="228"
                    HEIGHT="137"
                    WC="0.9998775985505846"></String>
          </TextLine>
          <TextLine ID="eSc_line_b0a4bba3"
                    TAGREFS="LT8"
                    BASELINE="1535 790 1790 785" 
                    HPOS="1531"
                    VPOS="709"
                    WIDTH="258"
                    HEIGHT="110">
            <Shape><Polygon POINTS="1534 789 1534 813 1783 819 1789 783 1780 709 1531 712 1534 789"/></Shape>
	    <String CONTENT="q̃ le dia¬"
                    HPOS="1531"
                    VPOS="709"
                    WIDTH="258"
                    HEIGHT="110"
                    WC="0.9530782163143158"></String>
          </TextLine>
          <TextLine ID="eSc_line_0693240c"
                    TAGREFS="LT8"
                    BASELINE="1546 872 1782 866" 
                    HPOS="1540"
                    VPOS="798"
                    WIDTH="240"
                    HEIGHT="107">
            <Shape><Polygon POINTS="1543 869 1543 905 1777 887 1780 864 1771 798 1540 801 1543 869"/></Shape>
	    <String CONTENT="ble met"
                    HPOS="1540"
                    VPOS="798"
                    WIDTH="240"
                    HEIGHT="107"
                    WC="0.9999771629061017"></String>
          </TextLine>
          <TextLine ID="eSc_line_3a60044f"
                    TAGREFS="LT8"
                    BASELINE="1532 958 1793 949" 
                    HPOS="1528"
                    VPOS="869"
                    WIDTH="264"
                    HEIGHT="116">
            <Shape><Polygon POINTS="1531 956 1531 979 1789 985 1792 947 1783 869 1528 887 1531 956"/></Shape>
	    <String CONTENT="au cueͬ"
                    HPOS="1528"
                    VPOS="869"
                    WIDTH="264"
                    HEIGHT="116"
                    WC="0.9999946185520717"></String>
          </TextLine>
          <TextLine ID="eSc_line_e49d8c7a"
                    TAGREFS="LT8"
                    BASELINE="1544 1038 1792 1033" 
                    HPOS="1540"
                    VPOS="964"
                    WIDTH="249"
                    HEIGHT="107">
            <Shape><Polygon POINTS="1543 1036 1543 1068 1783 1071 1789 1030 1783 973 1540 964 1543 1036"/></Shape>
	    <String CONTENT="des am¬"
                    HPOS="1540"
                    VPOS="964"
                    WIDTH="249"
                    HEIGHT="107"
                    WC="0.9999970878873553"></String>
          </TextLine>
          <TextLine ID="eSc_line_ed00b615"
                    TAGREFS="LT8"
                    BASELINE="1553 1125 1792 1120" 
                    HPOS="1548"
                    VPOS="1054"
                    WIDTH="241"
                    HEIGHT="127">
            <Shape><Polygon POINTS="1551 1122 1554 1181 1629 1157 1783 1178 1789 1119 1783 1062 1548 1054 1551 1122"/></Shape>
	    <String CONTENT="bitieux."
                    HPOS="1548"
                    VPOS="1054"
                    WIDTH="241"
                    HEIGHT="127"
                    WC="0.9980030208826065"></String>
          </TextLine>
        </TextBlock>
        <TextBlock HPOS="1550"
                   VPOS="1886"
                   WIDTH="252"
                   HEIGHT="97"
                   ID="eSc_textblock_e3ac85bf"
                   TAGREFS="BT13">
          <Shape><Polygon POINTS="1550 1886 1550 1983 1802 1983 1802 1886"/></Shape>
          <TextLine ID="eSc_line_351b47cd"
                    TAGREFS="LT8"
                    BASELINE="1562 1951 1794 1945" 
                    HPOS="1557"
                    VPOS="1870"
                    WIDTH="235"
                    HEIGHT="125">
            <Shape><Polygon POINTS="1560 1950 1560 1983 1789 1995 1792 1944 1783 1870 1557 1870 1560 1950"/></Shape>
	    <String CONTENT="1.Io.2.c"
                    HPOS="1557"
                    VPOS="1870"
                    WIDTH="235"
                    HEIGHT="125"
                    WC="0.9631025269627571"></String>
          </TextLine>
        </TextBlock>
        <TextBlock HPOS="1578"
                   VPOS="2302"
                   WIDTH="252"
                   HEIGHT="96"
                   ID="eSc_textblock_15b8e0b9"
                   TAGREFS="BT13">
          <Shape><Polygon POINTS="1578 2302 1578 2395 1828 2398 1830 2302"/></Shape>
          <TextLine ID="eSc_line_045dd3e6"
                    TAGREFS="LT8"
                    BASELINE="1600 2374 1677 2369 1811 2373" 
                    HPOS="1596"
                    VPOS="2277"
                    WIDTH="214"
                    HEIGHT="130">
            <Shape><Polygon POINTS="1599 2372 1596 2402 1712 2393 1804 2407 1810 2372 1807 2286 1635 2292 1599 2277 1599 2372"/></Shape>
	    <String CONTENT="◊o.21.g"
                    HPOS="1596"
                    VPOS="2277"
                    WIDTH="214"
                    HEIGHT="130"
                    WC="0.9982225980077472"></String>
          </TextLine>
        </TextBlock>
        <TextBlock HPOS="1567"
                   VPOS="2558"
                   WIDTH="293"
                   HEIGHT="521"
                   ID="eSc_textblock_76728fb2"
                   TAGREFS="BT13">
          <Shape><Polygon POINTS="1570 2558 1594 2710 1580 2877 1567 2967 1580 3079 1730 3076 1723 3003 1860 2985 1860 2562"/></Shape>
          <TextLine ID="eSc_line_08f79a71"
                    TAGREFS="LT8"
                    BASELINE="1587 2624 1847 2620" 
                    HPOS="1581"
                    VPOS="2532"
                    WIDTH="265"
                    HEIGHT="122">
            <Shape><Polygon POINTS="1584 2621 1584 2654 1846 2639 1846 2618 1843 2547 1825 2532 1822 2532 1819 2532 1816 2532 1721 2541 1638 2550 1581 2532 1584 2621"/></Shape>
	    <String CONTENT="Les cho"
                    HPOS="1581"
                    VPOS="2532"
                    WIDTH="265"
                    HEIGHT="122"
                    WC="0.9967418653624398"></String>
          </TextLine>
          <TextLine ID="eSc_line_a9bfce1b"
                    TAGREFS="LT8"
                    BASELINE="1603 2707 1851 2703" 
                    HPOS="1599"
                    VPOS="2627"
                    WIDTH="250"
                    HEIGHT="119">
            <Shape><Polygon POINTS="1602 2704 1602 2746 1846 2728 1849 2701 1843 2645 1727 2627 1724 2627 1599 2636 1602 2704"/></Shape>
	    <String CONTENT="ses escri¬"
                    HPOS="1599"
                    VPOS="2627"
                    WIDTH="250"
                    HEIGHT="119"
                    WC="0.9970815479755402"></String>
          </TextLine>
          <TextLine ID="eSc_line_c3e198de"
                    TAGREFS="LT8"
                    BASELINE="1592 2792 1851 2789" 
                    HPOS="1587"
                    VPOS="2716"
                    WIDTH="262"
                    HEIGHT="107">
            <Shape><Polygon POINTS="1590 2791 1590 2823 1849 2808 1849 2788 1840 2716 1587 2728 1590 2791"/></Shape>
	    <String CONTENT="ptes sõt"
                    HPOS="1587"
                    VPOS="2716"
                    WIDTH="262"
                    HEIGHT="107"
                    WC="0.9998951223161485"></String>
          </TextLine>
          <TextLine ID="eSc_line_148c2cb5"
                    TAGREFS="LT8"
                    BASELINE="1581 2879 1841 2880" 
                    HPOS="1578"
                    VPOS="2805"
                    WIDTH="262"
                    HEIGHT="107">
            <Shape><Polygon POINTS="1578 2877 1578 2912 1840 2897 1840 2877 1840 2805 1578 2805 1578 2877"/></Shape>
	    <String CONTENT="souffisã"
                    HPOS="1578"
                    VPOS="2805"
                    WIDTH="262"
                    HEIGHT="107"
                    WC="0.9897649354404874"></String>
          </TextLine>
          <TextLine ID="eSc_line_648404fb"
                    TAGREFS="LT8"
                    BASELINE="1576 2965 1851 2957" 
                    HPOS="1572"
                    VPOS="2886"
                    WIDTH="277"
                    HEIGHT="121">
            <Shape><Polygon POINTS="1575 2963 1575 2992 1691 2986 1715 3001 1718 3004 1721 3004 1724 3004 1727 3007 1849 3007 1849 2954 1843 2897 1730 2886 1727 2886 1572 2903 1575 2963"/></Shape>
	    <String CONTENT="tes a sa¬"
                    HPOS="1572"
                    VPOS="2886"
                    WIDTH="277"
                    HEIGHT="121"
                    WC="0.980672299861908"></String>
          </TextLine>
          <TextLine ID="eSc_line_693a3792"
                    TAGREFS="LT8"
                    BASELINE="1592 3049 1712 3046" 
                    HPOS="1587"
                    VPOS="2975"
                    WIDTH="122"
                    HEIGHT="109">
            <Shape><Polygon POINTS="1590 3046 1590 3084 1706 3084 1709 3043 1703 2975 1587 2975 1590 3046"/></Shape>
	    <String CONTENT="lut."
                    HPOS="1587"
                    VPOS="2975"
                    WIDTH="122"
                    HEIGHT="109"
                    WC="0.9999997317790985"></String>
          </TextLine>
        </TextBlock>
        <TextBlock HPOS="1059"
                   VPOS="2981"
                   WIDTH="525"
                   HEIGHT="109"
                   ID="eSc_textblock_4007a394"
                   TAGREFS="BT17">
          <Shape><Polygon POINTS="1077 2981 1059 3090 1584 3090 1566 2981"/></Shape>
          <TextLine ID="eSc_line_5f52712e"
                    TAGREFS="LT8"
                    BASELINE="1071 3060 1570 3049" 
                    HPOS="1067"
                    VPOS="2960"
                    WIDTH="502"
                    HEIGHT="151">
            <Shape><Polygon POINTS="1070 3058 1070 3105 1192 3084 1251 3099 1254 3099 1257 3099 1355 3087 1379 3105 1385 3111 1388 3111 1391 3111 1394 3111 1569 3102 1569 3046 1563 2978 1474 2963 1471 2963 1468 2963 1406 2981 1403 2981 1388 2966 1388 2963 1385 2963 1382 2963 1379 2963 1296 2984 1290 2984 1281 2984 1192 2960 1189 2960 1186 2960 1067 2986 1070 3058"/></Shape>
	    <String CONTENT="Colos.2.C. ⁊. D."
                    HPOS="1067"
                    VPOS="2960"
                    WIDTH="502"
                    HEIGHT="151"
                    WC="0.9938896521925926"></String>
          </TextLine>
        </TextBlock>
      </PrintSpace>
    </Page>
  </Layout>
</alto>
