2211 3563
982 176 703 132 Des mandemẽs

685 304 1389 137 Colos.2.C. et .D. ¶ Que nul

689 435 1385 125 doncques ne uous iuge en boire/ ou

653 554 1419 119 en mẽger/ ou en partie du iour de la

663 665 1405 124 feste/ ou du nouueau moys/ ou des

669 773 1389 133 sabbatz/ qui sont lombre des choses

686 893 1373 134 a uenir/ et le corps de Christ. Que

685 1003 1375 129 nul par uoulunte ne uous seduise/

665 1116 1391 142 cheminãt en deiectiõ de sens ⁊ en la

630 1235 1434 130 religion des anges/ lesq̃lles choses

650 1348 1409 142 na point ueu/ enfle en uain du sens

677 1463 1367 137 de sa chair ⁊c. Ne touchez/ si ne gou¬

693 1579 1365 131 stez ⁊ ne tastez point: toutes lesquel¬

683 1686 1376 134 les choses par tel usaige uiẽnent en

677 1799 1385 136 mort selon les cõmandemẽs ⁊ doctri

669 1929 725 123 nes des hõmes ⁊c.

804 2062 1250 109 ¶ Augu. ad Paulinum en la .lix. epistre.

651 2149 1401 95 ¶ Lapostre urayement a mis leurs parolles

649 2242 1405 91 par mocquerie/ par lesquelz il ne uouloit pas

659 2315 1400 95 qͥlz fussent seduictz de ceulx qͥ discernoiẽt les

665 2396 1394 104 uiãdes/ selon la ueneration des anges: ⁊ ainsi

665 2482 1394 98 iugeãt de ce mõde/ diẽt: Ne touchez/ si ne gou¬

662 2556 1391 113 stez ⁊ ne tastez point: cõbien que toutes choses

671 2645 1376 101 soiẽt nettes aux netz. Et ceulx a qui ainsi re¬

671 2725 1379 101 scripuoit/ craignoit qͥlz ne fussẽt seduictz des

680 2814 1358 95 umbres des choses par le doulx nom de scien¬

649 2903 1393 115 ce: ⁊ qͥlz ne fussent destournez de la lumiere de

394 401 269 85 mat.15.b

392 466 285 127 1.cor.10.f

365 896 276 113 Contre

362 979 306 113 ceulx qͥ

386 1068 202 95 soubz

371 1140 267 110 umbre ð

370 1233 238 103 saĩctete

350 1312 252 103 baillent

353 1410 265 89 les com

359 1475 294 101 mande¬

372 1571 277 95 mẽs des

382 1646 257 103 hõmes/

386 1719 258 118 ⁊ delais

392 1820 249 98 sent ce¬

388 1894 236 103 ulx de

380 1981 178 105 dieu.

395 2307 223 106 que noꝰ

389 2402 235 89 ne soy¬

380 2476 244 101 ons se¬

374 2562 253 95 duictz ꝑ

362 2630 282 119 les dif¬

368 2734 259 89 ferãces

371 2805 267 125 des uiã

384 2889 144 151 des.

1800 2988 250 101 uerite/
