2212 3563
330 154 1064 154 des hõmes. Chap̃.xi.

142 296 1382 119 uerite/ qui est en Iesuchrist nostre seigñr. * Et

142 391 1371 107 ueoit quil se failloit garder de ceste solicitude

142 466 1383 110 de telles uaines ⁊ suꝑflues obseruatiõs/ soubz

148 546 1380 130 le nom de sapience ou de science: et aussi de la

154 644 1356 116 suꝑfluite des gentilz/ principalemẽt de ceulx

142 715 1368 119 qui estoiẽt appellez philosophes * ⁊ aussi de la

136 809 1378 103 mode Iudaicque/ la ou debuoiẽt estre ostez les

136 896 1380 104 umbres des choses a uenir/ pource que leur lu

136 973 1383 104 miere qui estoit Christ estoit uenue. Car par

136 1057 1383 106 principalitez ⁊ par puissances la superstition

136 1146 1383 109 des gẽtilz ou les philosophes seduisoient les

136 1220 1383 119 hommes/ en annõceant (celle quilz appellent

136 1297 1377 119 Theologie) par les elemẽtz et obseruatiõs de

134 1391 1390 113 ce monde. Et desire merueilleusemẽt qͥlz con¬

140 1476 1386 109 tẽnent ces choses icy cõme choses merueilleu¬

150 1559 1390 111 ses: quant il leur monstre quilz sont faictz le

156 1642 1392 107 corps de ce chief/ disant: Et estes parfaictz en

148 1728 1400 112 luy. Que nulz doncques (dit il) ne uous iuge

146 1807 1384 115 en uiãde: cõme sil auoit dit toutes ces choses

142 1894 1388 103 icy/ a cause q̃ ces gens icy estoient deceuz ⁊ re¬

142 1977 1388 103 tirez de la uerite/ par telles obseruations/ par

142 2056 1392 101 laquelle uerite estoient libres. De laquelle est

142 2137 1389 107 dit en leuãgile. * Et la uerite uous deliurera.

160 2217 1368 116 * Cest une chose infame (dit il) ⁊ mal ꝓpice/ ⁊

148 2312 1395 101 cõtraire a la noblesse de uostre liberte/ que la

145 2393 1415 101 ou uous estes le corps de Christ/ q̃ uous soyes

151 2470 1392 122 seduictz par les umbres/ ⁊ que uous soyez esti

151 2556 1377 110 mez estre uaincus cõme pecheurs/ se uoꝰ lais¬

154 2648 1397 101 sez a garder ces choses. Que nul dõcques ne

156 2727 1398 105 uous iuge ⁊ uaincquisse: cõme il soit q̃ soyes

152 2806 1390 115 le corps de Christ: en uoulãt estre estime hum¬

152 2891 1394 131 ble de cueur/ en la ueneratiõ des ãges en met¬

1590 174 146 128 183

1563 368 271 124 Obser¬

1540 466 288 112 uatiõ de

1546 546 264 110 iours et

1540 635 255 98 uiandes

1525 703 282 119 est uaine

1551 864 256 124 Gardez

1540 959 270 115 uoꝰ de la

1534 1051 273 95 mode iu

1534 1128 267 104 daicque.

1540 1205 264 122 Colos.2.

1534 1306 172 104 a.b.c.

1560 1710 256 121 1.cor.10.f

1548 2105 247 133 Ioã.8.d

1551 2203 271 118 Les cõsti

1560 2307 250 83 tutions

1575 2381 247 101 des hões

1554 2458 268 110 nobligẽt

1551 2550 274 110 pas a pe

1566 2624 119 125 che.

1299 2979 245 118 tant au
