2212 3563
413 151 1028 172 de Adam. Chap̃.iii.

168 318 1362 111 de nostre corps. Car nous sõmes sauuez par

176 405 1336 109 esperãce. Mais lesperance qͥ est ueue nest pas

175 486 1338 98 esperãce. Qui est celuy qͥ a esperãce de ce quil

164 576 1348 102 uoit? Mais si nous auõs esperance de ce q̃ ne

151 662 1365 86 veons point: noꝰ lattendõs par patiẽce. *Il te

142 733 1371 104 souuiengne de ce q̃ souuẽt ay rememore: assa¬

127 828 1377 92 uoir q̃ noꝰ nestimiõs point estre faictz bienheu

124 911 1377 89 reux en ceste uie presẽte/ ne deliurez de toutes

128 993 1367 97 difficultez: ⁊ q̃ par ainsi nous estãs es angoif

130 1074 1377 105 ses des choses tẽporelles nous ne murmurõs

124 1157 1390 99 cõtre dieu par parolle de sacrilege/ cõe sil ne

124 1241 1386 91 dõnoit pas ce qͥl a promis. Il est uerite quil a

124 1322 1384 103 promis les necessitez a ceste uie. Mais autres

128 1405 1379 101 sont les soulas des miserables/ ⁊ autres les

128 1486 1363 107 ioyes des bienheureux.* Seigñr (dist le ꝓphe

134 1571 1380 99 te) selon la multitude de mes douleurs qͥ  sont

140 1654 1392 99 en mon cueur: tes cõsolations ont resiouy mõ

146 1735 1380 103 ame. Ne muemurõs point dõcques en aduer¬

140 1819 1365 97 site: q̃ nous ne perdions la largesse de la plai¬

121 1891 1371 113 sãce/ de laq̃lle est dit. *Estãt ioyeulx par espe

120 1983 1373 97 rãce. Car il sensuit. Patiens en tribulation.

122 2068 1371 103 Dõcques la nouuelle uie est icy cõmẽcee par

128 2153 1371 105 foy/ ⁊ est poursuyuie par esperance. Nous sõ-

134 2242 1361 99 mes dõcq̃s ensepuelis auec luy par le baptes¬

144 2315 1357 107 me faict en la mort. Affin q̃ ainsi q̃ Christ est

138 2405 1372 87 resuscite des mortz par la gloire du pere: ainsi

130 2476 1396 97 q̃ pareillemẽt noꝰ cheminõs en nouuellete de

130 2559 1380 111 uie. Cheminons doncques de faict en labeur/

126 2654 1365 97 mais en esꝑãce de repos: cheminõs en la chair

124 2731 1335 101 de uieillesse: mais en la foy de nouuelle uie.

297 2816 1186 107 ¶ Aug. ad Hieronimũ/ en lepistre .xxix.

122 2893 1369 123 ¶ Charite est une uertu par laq̃lle on ayme

1637 195 73 117 18

1528 463 238 145 Ro.8.c

1540 641 267 130 Nul nest

1531 757 249 95 bienheu

1531 852 240 95 reux en

1531 914 255 116 ceste uie.

1522 1510 234 117 Ps̈.93.

1513 1912 241 121 Ro.12.c

1522 2600 228 99 Ro.6.a

1522 2686 256 118 Gał.6.a

915 2978 574 127 C .ii. ce quil
