2212 3563
445 106 1059 182 des hõmes. Chap̃.xi.

136 243 1395 166 peult souiller persõne. * Parquoy en ung au¬

130 356 1401 122 tre lieu le mesme apostre deffẽd de ĩterroguer/

142 433 1389 140 quant on achete q̃lque chose de la boucherie/

152 524 1382 129 ou que aucun est appelle de q̃lque infidele au

160 609 1368 127 soupper/ ⁊ quil uoit quon luy apporte de la

146 690 1378 129 chair a la table laq̃lle iceulx estimẽt estre sou¬

140 775 1386 125 illee: nõ pas a cause de limmolatiõ/ mais poͬ¬

142 861 1384 122 ce q̃ cest chair: cõe il soit q̃ lapostre publie tou¬

144 940 1380 124 tes choses estre nettes/ ⁊ toute creature estre bõ

140 1027 1392 125 ne/ ⁊ q̃ toutes choses sõt sainctifiees par la pa

138 1106 1386 127 rolle ⁊ loraison: ⁊ toutesfoys se fault abstenir

142 1197 1388 117 dicelles/ se par aduenture aucun par estre peu

144 1270 1388 133 ferme en est offẽse. Et les a signifie manifeste

136 1342 1389 133 mẽt en q̃lq̃ lieu/ disãt. * Que es derniers ioͬs

142 1445 1398 113 uiendroiẽt aucuns qͥ deffendroiẽt marier/ et se

136 1520 1383 133 abstiendroiẽt des uiãdes q̃ dieu a cree. * Mais

148 1600 1395 133 il les designe proprement telz/ qͥlz ne se abstiẽ¬

148 1695 1406 125 nent pas de telles uiãdes ou pour refrener leur

142 1769 1395 128 cõcupiscẽce/ ou poͬ supporter linfirmite dau¬

139 1846 1389 131 truy: mais poͬce qͥlz estimẽt q̃lles sont immun

139 1935 1398 128 des/ ⁊ niẽt q̃ dieu soit le createͬ dicelles. Mais

139 2013 1389 136 nous/ tenõs la doctrine apostolicq̃/ disant: * q̃

142 2105 1389 124 toutes choses sont nettes a ceulx qͥ sont netz/

142 2182 1398 128 en gardãt la moderation euãgelicq̃ * tellemẽt

154 2283 1386 107 q̃ noz cueurs ne soiẽt pas greuez de gourman¬

148 2366 1282 131 dise ⁊ diurõgnerie/ ⁊ des cures de ce siecle.

152 2466 1410 154 Heb.13.B. ¶ Certainemẽt il est bõ

150 2602 1402 145 de fortifier le cueͬ de grace/ ⁊ non pas

152 2703 1400 151 de uiãdes/ lesq̃lles nõt pas proffite a

160 2832 1287 162 ceulx qͥ ont chemine en icelles ⁊c.

1617 127 154 137 185

1546 264 297 101 1.cor.10.f

1543 344 303 113 Notez di

1543 433 273 134 ligẽmẽt.

1548 1309 274 154 1.tim̃.4a

1581 1434 229 109 Contre

1548 1523 253 98 ceulx q̃

1560 1594 256 101 deffẽdẽt

1569 1683 232 101 les no¬

1554 1760 247 113 pces et

1551 1840 244 104 uiãdes.

1560 1935 262 104 Toutes

1551 2030 218 89 choses

1554 2099 256 104 sõt net¬

1560 2188 235 101 tes aux

1560 2274 161 98 netz.

1569 2342 271 125 Luc.21.f.

1578 2686 255 105 1.cor.8.b

877 2918 677 166 AA ¶ Athanaise
