2212 3563
479 168 1016 132 des hõmes. Chap̃.xi.

182 294 1394 145 Rom̃.14.A. ¶ Mais supportez

196 415 1364 147 celuy qui est foible en la foy: non pas

200 532 1368 139 en discutant des pensees. Car lung

192 645 1384 134 croit quil peult menger toutes cho¬

192 760 1376 148 ses: ⁊ celuy qui est foible/ il mengeue

192 898 447 121 la poree ⁊c.

302 1011 1147 123 ¶ Augustin au liure des propositions

392 1110 948 103 sur lepistre aux Romains/ en

506 1187 737 115 la .lxxuiii. proposition.

196 1285 1376 122 ¶ Supportez celuy qͥ est debile en la foy: non

192 1383 1386 113 pas en discutãt des pẽsees. Ce dit il affin que

190 1466 1388 110 nous supportõs celuy qͥ est debile en foy * ⁊ q̃

193 1543 1409 107 par nostre fermete nous soustenõs la debilite

202 1630 1412 118 dautruy: ⁊ que ne discernõs point en iugeant

228 1716 1377 110 ses cogitatiõs: cest adire cõe ayant la hardies¬

211 1802 1370 107 se de dõner la setence du cueur dautruy que

201 1880 1377 111 nous ne uoyons point. Ce quil poursuit ⁊ dit.

200 1959 1382 119 Car lung ueritablemẽt croit quil peult men¬

201 2044 1377 121 ger toutes choses. Mais celuy qui est debile:

201 2131 1385 109 il mengeue la poree. Pourtãt que en ce temps

205 2214 1379 115 la plusieurs desia fermes en la foy/ ⁊ cõgnois

220 2301 1376 115 sant selon la sciẽce du seigñr * q̃ les choses qui

207 2383 1412 105 entroiẽt en la bouche ne souilloiẽt pas/ mais

207 2456 1414 117 seullemẽt ce qͥ en sortoit: poͬce mẽgeoiẽt ilz in¬

211 2532 1388 131 differẽtemẽt les uiãdes sans en faire cõsciẽce.

220 2627 1367 119 * Mais aucuns qui estoient plus debiles se

205 2696 1382 139 abstenoient des chairs ⁊ du uin: craingnant q̃

208 2785 1391 133 par ignorance ilz ne leur aduint de menger

211 2871 1373 145 de celles qui estoient sacrifiees aux ydoles.

1631 160 143 113 186

1590 1285 253 119 Ro.14.a

1605 1460 235 113 Portez

1626 1540 238 110 les far¬

1632 1630 199 98 deaux

1620 1710 232 107 lung de

1605 1799 214 110 lautre.

1620 2259 264 122 mat.15.b

1632 2535 217 110 Pour¬

1614 2606 250 125 quoy se

1614 2698 256 110 absteno¬

1614 2796 244 95 ient au¬

1608 2880 244 106 cuns de

1027 2957 573 119 AA .ii. Car adõc
