2211 3563
937 188 733 122 Des mandemens

674 290 1373 137 Car adonc toute chair qui estoit sacrifiee aux

674 400 1397 107 ydoles/ estoit uẽdue en la boucherie: ⁊ les gen

668 492 1379 113 tilz faisoiẽt sacrifices aux ydoles des p̃miers

668 561 1382 110 fruictz de leur uin: ⁊ faisoient mesme aucuns

644 659 1403 101 sacrifices aux pressoirs. Lapostre dõcques cõ¬

633 746 1413 105 mande aussi a ceulx qͥ sans cõscience usoient

643 823 1405 111 de telz uiures: qͥlz ne desprisassent pas la debi

655 904 1393 113 lite des autres qͥ se abstenoient de telles uian¬

657 985 1381 113 des ⁊ de tel boire. Et cõmande aussi a ceulx qͥ

657 1066 1373 115 sont foibles/ qͥlz ne iugeassent pas estre souil¬

643 1154 1395 110 lez/ ceulx qͥ mengeoiẽt la chair ⁊ qͥ beuuoiẽt le

630 1232 1411 107 uin. * Car les fermes par cõtumace cõtẽnoiẽt

630 1321 1402 110 les foibles: Ies foibles iugeoiẽt temerairemẽt

641 1399 1375 113 les fermes. Et ce qͥl dit. Toy/ qͥ es tu qui iuge

645 1476 1375 123 le seruiteur dautruy? * Pource le dit il: affin q̃

647 1565 1391 113 des choses qui peuuẽt estre faictes de bon ⁊ de

653 1636 1382 130 mauuais couraige/ noꝰ delaissons le iugemẽt

659 1722 1373 109 a dieu: ⁊ q̃ nous ne ayons la hardiesse de don¬

644 1814 1391 115 ner la sentẽce du cueͬ dautruy: q̃ noꝰ ne uoyõs

644 1900 1385 110 point. Mais es choses qui sont tellemẽt mani

631 1987 1399 111 festes/ q̃ on cõgnoit bien q̃lles ne se peuuẽt fai¬

628 2070 1402 107 re par bon ⁊ chaste couraige: il nest pas reprou

620 2147 1400 113 ue si nous en iugeons. Et ainsi ce qͥ est dit des

620 2234 1402 109 uiandes: pource q̃ on ne scait pas de quel cou¬

618 2310 1410 116 raige il est faict: il ne ueult pas q̃ noꝰ en soyõs

635 2399 1394 115 les iuges/ mais dieu. * Mais de ceste infame

628 2484 1394 109 paillardise/ la ou aucun auoit la fẽme de son

626 2565 1394 111 pere: il cõmanda que cestuy debuoit estre iuge.

641 2645 1370 119 * Toutes oeuures dõcques qͥ sont si manife¬

641 2719 1376 128 stes/ que lhomme ne peult dire/ ie lay faict a

635 2808 1373 110 bõne intention: telles doibuent estre iugez de

612 2903 1385 134 norrs: mais toutes celles qui se sont tellement/

377 299 279 107 chair ⁊ de

377 394 244 107 uin au

377 481 244 103 tẽps de

380 567 226 109 Paul.

350 1205 262 122 les ungz

338 1303 265 101 ne iugẽt

338 1399 254 89 poĩt les

344 1476 262 87 autres.

352 1549 268 103 Quant

356 1641 276 95 noꝰ pou

353 1728 277 95 uons iu

364 1805 246 99 ger no¬

350 1888 277 95 stre frere

344 1979 248 81 ⁊ quant

336 2054 155 103 non.

335 2375 271 119 1.corĩ.5.a

323 2609 298 125 Cõment

323 2713 295 107 lõ peult

332 2802 277 98 iuger la

335 2891 259 101 bõne in¬

338 2975 242 103 tention.

1757 3004 243 125 quil est
