2212 3563
176 275 1420 110 quil est incerrain de quelle intẽtion elles son¬

182 362 1390 115 faictes: elles ne sõt pas a iuger: mais doibuẽt

182 443 1382 115 estre gardees pour le iugemẽt de dieu. Cõme il

194 528 1366 119 est escript. Ce qui est secret/ appartient a dieu:

192 613 1382 105 mais ce qͥ est manifeste/ appartiẽt a uous et a

182 694 1390 111 uoz enfans. Que si les gẽtilz ꝯsiderẽt bien ce¬

170 775 1378 121 ste chose: quilz entendẽt ces choses icy par foy/

168 863 1370 102 par laq̃lle ilz croyent q̃ toutes choses sõt net¬

170 944 1376 111 tes aux netz/ ⁊ quilz ne se doibuẽt pas esleuer

170 1035 1384 103 contre ceulx qui par aduẽture estoient debiles

168 1108 1392 121 en la foy/ de la circoncision: lesquelz pour la

166 1197 1390 109 communication des ydoles ne osoient nulle¬

166 1290 612 101 ment menger chair.

170 1355 1384 145 2.Tim̃.3. A.B. ¶ Mais ce deb¬

172 1463 1379 158 uez uous scauoir/ q̃ es derniers ioͬs/

190 1593 1376 139 y aura des tẽps perilleux: ⁊ serõt les

190 1701 1388 136 hõmes amateurs de eulx mesmes/ cõ

178 1817 1368 140 uoiter/ oleuez/ orgueilleux/ blas¬

172 1932 1368 152 phemateurs/ inobediẽs aux parẽtz/

172 2042 1382 155 ingratz/ plains de uices/ sans affe¬

178 2169 1384 135 ction/ sans paix/ criminateurs/ incõ

184 2286 1382 132 tinens/ cruelz/ sans benignite/ trai¬

184 2397 1402 140 stres/ temeraires/ enlle) omeuglez/

182 2509 1394 133 amateurs de uoluptez plus que dien.

178 2615 1376 155 Ayant aussi apparence de pitie: mais

184 2741 1378 137 delaissant la uertu dicelle. Ette gar¬

190 2858 1382 148 de de ceulx la. Car dentreeulx sont

475 150 1012 133 des hõmes. Chau .45.

1665 152 117 125 187

1570 868 265 125 Titũ.1.d

1569 1443 283 127 2.Pe.3.a

1602 1547 206 107 Iudef

1608 1633 225 99 Ro.1.a

1602 1713 259 116 De cõse.

1574 1799 279 105 distĩ.4.c.

1572 1886 261 103 g̈uis. et

1563 1980 280 95 26.q.5.c.

1572 2054 268 122 nec miꝝ.

1584 2615 256 125 Ezec.19.

1592 2723 225 111 a.b.23.g

998 2975 568 124 AA iu ceulx qͥ
