2211 3563
704 290 1385 164 pitie. Iceulx sont qui se separent

699 425 1387 143 eulx mesmes: sensuelz/ qui nont pas

697 534 398 133 lesprit ⁊c.

802 653 1149 111 ¶ Hierosme sur lexposition de hiere¬

1044 742 612 99 mie/ au .iii. chapitre.

681 819 1393 129 Hiere.3. D. ¶ Ua ⁊ crie/ ou lis ces

691 932 1391 136 parolles icy cõtre Bõlon/ ⁊ diras. Re

683 1045 1383 136 tourne toy Israel qͥ es oduersaire ⁊c.

673 1159 1385 111 ¶ Ton  Hereticque hab/ te en Aquilon: ⁊ a per

649 1247 1421 104 du la chaleur de la foy: ⁊ ne peuilt ouyr ce que

650 1312 1424 125 dit lapostre? Feruens en esprit. Et pourtant

673 1403 1399 111 quix sest du tout dõne aux uoduotez/ il sest re¬

692 1490 1367 116 tire du seigñr: ⁊ a espars ses uoyes por autre

695 1561 1370 125 doctrine/ ⁊ a ẽsuiuy la uolupte.? Il ny a nul¬

683 1647 1385 119 le heresie/ sinon celle qui pour la gloutonnie ⁊

683 1731 1388 106 le uentre est inuentee: affin quelle seduife les

689 1811 1382 127 femmelettes chargees de pechez. Desquelz est

698 1900 1367 119 ueritablement dit.T Lesquelz deuorent mon

671 1989 1397 107 peuple cõme la uiande de pain. Et ceulx que

659 2068 1407 121 Christ note/ disant.?) Qui deuorent les mai¬

668 2152 532 104 sons des uefues.

653 2236 1399 139 Hieremi.3.F. ¶ Cõuertissez uous

653 2359 1223 131 a moy/ uous filz qui retournez.

667 2468 1385 109 ¶ Les Iuifz estiment q̃ ce a este accõply apres

659 2553 1397 107 le retour de Babilone/ soubz Cyrus le roy de

657 2632 1397 115 Perse. Mais il est mieulx acomply en la ue¬

662 2707 1385 122 nue de Christ: quãt les demourãs ont este sau

671 2793 1361 128 uez.7 Et ont este donne des pasteurs selon son

659 2877 1367 154 cueur/ ascauoir les apostres ⁊ les hõmes apo¬

400 809 235 139 esa.55.b

941 170 719 118 Des mandemens

362 1300 244 137 Ro.12.c

410 1451 243 113 Heresie

380 1540 294 125 est trou¬

386 1641 282 92 uee pour

392 1725 267 95 la glou¬

392 1808 235 86 tonnie.

386 1876 282 113 Ps̈.13.b.

374 2137 267 122 mar.12.d

353 2675 294 145 Les chre

359 2799 285 107 stiẽs doi

368 2877 270 109 uẽt estre

1682 2988 350 115 fosicques/
