2212 3563
154 261 1383 145 stolicques: ⁊ ont nourry la multitude des cro¬

160 350 1353 128 yans/ non pas es ceremonies des ceremonies

160 427 1359 143 des Ius/ mais en la sciẽce ⁊ en la doctrine de

169 525 1368 128 Chr. Et par ce que la predication de leuan¬

172 605 1356 127 gile a este semee en tout le monde on na plus

160 694 1356 113 nullement eu cõfidence en larche du seigneur

154 773 1370 125 qui a este la garde de la loy Mosaicque: mais

150 855 1370 122 iceulx mesmes seront le temple de dieu. Et ne

156 938 1368 124 seruirons plus aux sacrifices abolis/ selõ les

156 1027 1370 125 Nazareens errans: mais ensuyuront ladora¬

152 1122 491 111 tion spirituelle.

151 1211 1368 169 Esaie.8.A. ⁊ . B. ¶ Pour ce que

156 1338 1378 146 ce peuple icy a deboute les eaues de

158 1444 1386 159 Siloe/ qͥ uont en silence/ ⁊ a plus tost

160 1563 1388 151 prins Rasim ⁊ le filz de Romelias:.

172 1676 1394 151 pour ceste chose/ uoicy le seigneur qui

172 1791 1372 158 fera uemir r eu l les eaues de/ flei

158 1914 1364 150 ue/ fortes ⁊ grandes/ ascauoir le roy

162 2040 592 143 des Assyriens.

160 2131 1374 190 Esai.55.A. ¶ Uous tous qui auez

170 2272 1376 148 soif/ uenez aux eaues: ⁊ uous qui na¬

166 2385 1402 152 uez point dargendihostez uous/ ache

168 2503 1382 149 tez en/ ⁊ si mengez. Uenez si achelez

166 2609 1397 164 sans argent/ ⁊ sans quelque eschan¬

168 2735 1366 149 gement/ du uin ⁊ du laict. Pourquoy

168 2854 1372 154 alouez uous largẽt/ ⁊ non en pains/

425 121 1025 169 des hõmes. Chap̃.45.

1560 264 274 101 ẽseignez

1540 353 312 104 en la sci¬

1540 433 261 92 ence de

1557 504 214 116 Christ.

1582 144 144 115 189

1548 1202 235 137 osee.9.d

1557 2125 238 170 Ioã.7.f

1581 2603 208 134 Apoca.

1576 2707 121 123 22.d

1287 2959 255 124 ⁊ alouez
