2212 3563
297 142 1091 154 des hõmes. Chap̃.xi.

114 298 1357 155 cheminez en ma loy que ie uous ay

110 417 1361 143 donne: ⁊ que uous escoutez les pa¬

124 519 1371 160 rolles de mes seruiteurs prophetes

132 645 1357 148 q̃ ie uous ay enuoye/ en moy leuant

126 768 1131 134 du matin/ ⁊ les enuoyant/ ⁊c.

130 852 1359 166 Amos.4.B. ¶ Ie uous ay aussi

124 979 1377 161 oste la pluye/ quant il y auoit encore

124 1104 1343 143 troys moys de reste/ iusq̃s a la mois

130 1202 1353 166 son: ⁊ ay faict plouuoir sur une cite/

133 1318 1368 163 ⁊ sur laultre nay pas faict plouuoir.

136 1446 1371 147 Lune des parties a este arrousee: et

136 1559 1376 153 la partie sur laq̃lle ie nay pas faict

150 1686 804 133 plouuoir est seichee.

144 1801 1364 158 Aggei.1.C. ¶ Ma maison est de¬

144 1920 1374 154 serte: ⁊ ung chascun de uous se haste

142 2032 1366 157 de faire sa maison. Pourtãt sur uoꝰ

144 2159 1376 141 a este deffendu aux cieulx/ quilz ne

154 2262 1362 154 donnassent la rousee: ⁊ fut deffendu

152 2391 1372 136 a la terre/ quelle ne donnast son ger¬

157 2485 1368 160 me. Et appella la seicheresse sur la

158 2614 1386 145 terre/ ⁊ sur les montaignes/ ⁊ sur le

166 2727 1378 153 froment/ ⁊ sur le uin/ ⁊ sur lhuyle/ ⁊

168 2844 1372 156 sur tout ce q̃ la terre produict: et sur

1560 166 154 111 190

1508 459 228 103 Leuiti.

1519 558 142 92 26.b.

1510 855 241 157 Esa.5.b

1566 988 185 107 Dieu

1514 1064 244 109 faict la

1514 1159 230 97 seiche¬

1516 1241 235 107 resse et

1522 1303 247 122 baille la

1528 1411 198 115 pluye.

1551 2259 226 134 Leuiti.

1568 2377 115 81 26.c

1554 2446 226 107 Deute.

1540 2529 130 104 28.b

1219 2961 317 105 les hõmes
