2211 3563
1006 150 769 131 Des mandemens

737 292 1384 139 les hommes ⁊ sur les iumentz/ ⁊ sur

733 413 1046 127 toute la labeur des mains.

843 536 1173 121 ¶ Hierosme/ sur Aggee le prophete au

1002 633 856 99 premier chap̃. au .ui. Tome.

727 720 1378 107 ¶ La seicheresse fut appellee/ ou le glaiue/

738 805 1375 109 sur la terre/ ⁊ sur les mõtaignes: affin quelles

748 887 1358 116 ne portassẽt plus le fromẽt/ ⁊ le uin ⁊ lhuyle/

748 962 1361 121 ne tout ce q̃ la terre germe sãs labeur. Et ainsi

727 1053 1380 106 la parolle de dieu uiue ⁊ efficace/ ⁊ plus aigue

721 1136 1379 105 que toute e pee trenchãt a deux costez/ est ap¬

697 1225 1407 99 pellee ou introduicte: affin q̃ lame negligente

689 1308 1420 99 qui est interpretee terre/ seiche ⁊ desirant plus

695 1387 1410 105 tost de habiter es lieux cõcauez/ que de edifier

715 1468 1387 107 la maison de dieu: soit frappee de son espee: et

733 1549 1357 107 quelle perde tout le fruict quelle estime auoir.

742 1618 1359 118 * Lespee aussi est iectee sur les mõtaignes qui

737 1707 1369 107 se eslieuẽt cõtre la science de dieu: ⁊ sur le fro¬

737 1796 1372 104 mẽt/ le uin ⁊ lhuyle: par lesq̃lles choses: cõme

737 1885 1372 98 par uiãdes ⁊ par boire ⁊ par refectiõ/ les con¬

731 1968 1378 95 uenticules des hereticques blasonnẽt les peu¬

713 2045 1393 119 ples deceuz. Et pourroit on dire conuenable¬

692 2125 1403 113 ment leur pain estre le pain de pleurs/ et leur

697 2218 1399 99 uin estre la fureur des dragõs/ ⁊ la fureur in¬

699 2300 1406 105 sanable des aspiðz. Aussi leur huyle est la ꝓ¬

701 2381 1403 109 messe des choses celestes/ par laq̃lle ilz oĩgnẽt

713 2464 1389 103 leurs disciples/ ⁊ ꝓmettent loyer des labeurs:

728 2541 1370 116 ce q̃ le ꝓphete a en detestatiõ/ disant: * Mais

737 2627 1361 116 lhuyle des pecheurs ne engraissera pas mon

725 2725 1373 89 chief. Mais aussi le glaiue de dieu frappe tou

737 2802 1352 98 tes les aultres choses lesq̃lles sans auctorite

725 2871 1364 139 ou tesmoignages des saĩctes escriptures/ uou

424 864 304 109 Hebr.4.e

427 959 301 115 Prouer.

449 1051 167 99 30.a

478 1591 220 131 Par¬¬

445 1698 274 110 quoy les

445 1781 256 95 heretic¬

439 1867 277 107 ques de¬

427 1950 286 101 ceoiuent

424 2033 274 116 les hom

430 2117 158 106 mes.

436 2535 271 122 Ps̈.140.

466 2639 199 95 Dieu

419 2716 276 86 frappe¬

404 2802 297 81 ra toute

416 2868 270 130 doctrine

1672 2983 426 100 luntairement
