2212 3563
374 157 1038 151 des hõmes. Cha.xi.

107 285 1382 151 luntairement ilz cõtreuuent ⁊ faingnẽt/ cõme

107 383 1376 121 par traditiõ apostolicque. Et ce que le ꝓphete

112 481 1383 106 dit sur les hõmes ⁊ sur les iumentz/ nous deb¬

121 546 1368 133 uons prẽdre les sens ⁊ les cogitatiõs diceulx:

124 632 1353 128 ou au moins les raisonnables * cest adire/ les

124 733 1353 119 saiges ⁊ les non saiges ensemble/ et toute la¬

112 804 1371 122 beur des mains/ ⁊ leurs ieunes/ ⁊ diuerses ob¬

112 887 1368 122 seruatiõs/ ⁊ ce quilz dorment sur la terre. Les¬

112 979 1368 122 quelz ieusnẽt tous les ans troys quaresmes ⁊

115 1048 1371 127 humiliẽt leur ame/ iceulx prĩcipalemẽt crois¬

118 1134 1374 133 sant de la racine de Tachian/ oyent lapostre

112 1226 1386 127 sur telles manieres de labeurs qui dit. * Uous

112 1309 1383 119 auez souffert grandes choses sans cause. Et

115 1392 1374 116 toutes ces choses icy q̃ iay dit/ se peult enten¬

118 1472 1395 122 dre * des recteurs de leglise: lesquelz en edifiãt

118 1549 1386 131 la maison charnelle/ ⁊ solicitãt de pourueoir

121 1638 1392 134 leurs enfans de grosses possessiõs: ne ont nul

136 1713 1380 121 soing ne de edifier le tẽple de dieu en eulx mes

124 1808 1371 116 mes ne leglise du seigñr: ne de restaurer celle

124 1890 1383 119 qui est infectee ⁊ tresbuchee: desquelz souuent

120 1973 1390 119 la uie et la parolle mal propice en scandalise

122 2054 1390 123 plusieurs ⁊ les iecte hors de leglise/ ⁊ rend la

118 2143 1386 125 maisõ de dieu solitaire. Et ne disõs point ces

124 2235 1383 110 choses icy/ q̃ nous uoulions accuser genera¬

124 2307 1386 109 lement tous: mais que en tout office ⁊ en tout

128 2389 1400 122 degre sont aucuns qui edifiẽt le tẽple de dieu/

136 2478 963 122 ⁊ les aultres qui le destruisent.

133 2603 1395 173 2.Pet.1.C. ¶ Sans ensuyuir les

144 2739 1380 150 folles fables/ noꝰ uous auõs mani¬

152 2852 1374 162 feste la uertu de nostre seigñr Iesu¬

1566 188 135 100 191

1516 279 291 118 dhõe cõ¬

1504 383 276 100 trouuee

1510 457 273 113 ⁊ sãs au

1507 546 267 104 ctorite de

1504 635 250 110 lescrip¬

1504 724 157 89 ture.

1516 792 261 101 Toutes

1504 875 276 107 les oeu¬

1504 970 273 89 ures ex¬

1507 1054 241 92 teriores

1510 1119 267 107 ne proffi

1516 1208 261 101 tent riẽs

1516 1288 267 101 aux he¬

1516 1389 235 83 reticq̃s.

1537 1457 249 101 Gał.3.a

1548 1552 250 92 Contre

1548 1627 247 92 les rec¬

1534 1713 258 86 teurs de

1528 1784 217 128 leglise.

1537 2134 258 116 Hier̃.11.c

1531 2217 264 110 Hier̃.1.b

1537 2312 273 137 1.corĩ.3.c

1548 2627 256 178 2.corĩ.2.c

1283 2965 241 142 christ/ ⁊
