2211 3563
996 180 775 126 Des mandemens

715 312 1383 135 christ/ ⁊ sa presciẽce: uoire nous qui

699 427 1405 141 sõmes faictz les speculateurs de sa

689 552 1413 124 grandeur. Car quãt il receut gloire

689 663 1415 130 ⁊ honneur de dieu son pere par telle

701 775 1403 131 uoix enuoyee a luy denhault/ de sa

719 892 1383 125 gloire magnificque: ascauoir. Ce¬

727 1003 1377 133 stuy est mon filz le biẽ ayme/ auquel

701 1116 1382 125 ay prins ma plaisance: escoutez le.

661 1239 1437 128 Et auõs ouy ceste uoix enuoyee du

659 1357 1445 129 ciel/ quant nous estions auec luy en

679 1472 1415 117 la saincte montaigne. Et si auons

709 1579 1385 129 ung fort ferme sermon ꝓpheticque/

709 1700 1391 125 auquel uous faictes bien par y en¬

703 1811 1401 118 tendre cõme a une lampe luysante

687 1925 1413 121 au lieu tenebreux iusques a ce que

677 2036 1419 133 le iour sesclarcisse/ et que lestoille du

675 2157 1181 121 iour se lieue en uoz cueurs/ ⁊c.

909 2292 985 109 ¶ Augustin ad Fortunatum en

1123 2379 566 99 la .cxcuiii. epistre.

713 2434 1379 134 ¶ Aussi ne debuõs nous point estimer toutes

713 2544 1382 92 les disputatiõs cõe les escriptures canonicq̃s/

713 2627 1382 104 cõbien q̃lles soiẽt faictes de gẽs fort louables:

716 2713 1373 101 tellemẽt qͥl ne nous soit licite (sauue lhõneur

722 2788 1361 109 des hõmes qͥ leur est deue) de contredire ou re¬

704 2871 1382 142 prouuer aucune chose en leurs escriptures/ si

418 1051 261 106 mat.3.d

416 1140 196 118 ⁊.17.a

437 2282 254 109 Il est li¬

433 2365 262 103 cite de cõ

433 2452 238 101 tredire a

430 2535 256 107 toutes es

419 2633 243 92 criptu¬

410 2701 273 107 res/ sinõ

410 2799 288 87 aux ca¬

419 2874 261 133 nonicq̃s

1668 2969 420 105 par aduẽture
