2212 3563
402 172 1019 134 des hõmes. Chap̃.xi.

116 304 1389 113 par aduẽture nous trouuõs qͥlz sentẽt autre¬

120 397 1369 97 ment q̃ la uerite ne contient/ entendue par les

130 481 1119 100 autres ou de nous par layde diuine.

231 552 1267 107 Ie suis tel es escriptures des autres/ quelz

145 647 1356 98 ie ueulx que ceulx qui entendent les mien¬

144 732 370 89 nes/ soient.

205 798 1195 122 ¶ Augustin en lepistre ad Hieronymum

353 887 916 110 au .iii. Tome/ au .clxi. fueillet.

133 973 1371 104 ¶ Certainemẽt ie cõfesse a ta charite: que iay

133 1057 1368 109 apris de porter cest hõneur ⁊ ceste crainte seul¬

130 1131 1359 113 lemẽt aux liures des escriptures/ qui sont ap

127 1220 1377 113 pellees canonicques: q̃ ie croy fermemẽt q̃ nul

130 1306 1374 101 autheur dicelles les escripuant na erre. Mais

136 1395 1368 110 si aucune chose est trouuee en icelles lettres/

130 1472 1374 98 laq̃lle semble estre cõtraire a la uerite: ie nesti¬

136 1552 1380 104 me autre chose sinon/ ou que le liure est mal

142 1630 1395 109 escript/ ou que linterpreteur a mal entendu ce

160 1722 1390 103 qui est dit/ ou q̃ ie ne lentẽs nullemẽt. * Mais

157 1799 1362 119 ie lis tellemẽt les autres: q̃ de quelle sainctete

151 1888 1359 113 ou doctrine quilz soiẽt excellentz/ ie ne les esti

139 1962 1383 110 me pas pourtãt estre ueritables/ qͥlz ont ainsi

142 2051 1371 119 ou ainsi dit: mais pourtant quilz mont peult

145 2143 1371 110 persuader ou demõstrer/ ou par ces autheurs

150 2230 1376 101 canonicques/ ou par raison probable quilz ne

166 2308 737 104 discordent pas du uray.

396 2389 938 107 ¶ Augustin en la .xluiii. epistre

613 2474 567 91 ad Uincentium.

166 2532 1388 125 ¶ Mon frere/ ne uueille pas dõcques reculler

157 2627 1383 110 des escriptures des euesq̃s/ ou des nostres/ cõ¬

154 2722 1383 98 me de Hilaire/ ou de ceste unite (deuãt que la

160 2796 1377 125 partie de Donatus fust separee) cõme de Cy¬

166 2886 1382 130 prian ou de Agrippin/ aucune cõtrariete cõtre

1550 197 160 93 192

1499 469 303 112 Augustĩ

1528 549 255 104 ueult es

1516 635 253 116 tre reprĩs

1497 730 287 89 en ce ou

1495 807 276 95 il aura

1507 875 226 116 failly.

1548 973 232 95 La foy

1519 1039 270 113 doibt es¬

1519 1131 270 104 tre seule

1522 1214 267 101 ment ad

1519 1312 214 92 ioustee

1516 1383 273 95 aux es¬

1519 1460 282 107 criptures

1534 1549 282 101 canonic¬

1563 1636 170 106 ques.

1537 1787 270 113 Cõment

1534 1867 273 110 on doibt

1546 1953 234 113 lire les

1540 2045 261 101 lettres ꝓ

1540 2125 261 113 phanes.

1575 2443 220 113 Quelle

1563 2547 244 98 autorite

1551 2633 244 104 ont les

1551 2719 250 101 escriptu

1551 2799 244 101 res des

1560 2880 235 121 docteͬs.

1215 2977 329 110 les diuins
