2211 3563
1006 188 687 126 Des mandemẽs

691 310 1387 109 les diuins tesmoignages/ tant copieux/ tant

683 397 1397 107 clers/ ⁊ tãt ueritables. * Premieremẽt pourtãt

686 472 1388 115 que tel gẽre de lettres doibt estre distingue de

674 570 1397 101 lauctorite des escriptures canonicq̃s. Car el¬

659 641 1409 113 les ne sõt pas tellemẽt leutes/ q̃ dicelles on en

659 730 1406 113 prẽne tel tesmoignage/ qͥl ne soit nullemẽt li¬

677 804 1388 119 cite dy cõtredire/ si par aduẽture ilz ont sentu

695 890 1370 116 en quelque chose aultremẽt q̃ la uerite ne re¬

698 985 1367 98 quiert. Car aussi urayemet sommes nous du

683 1066 1381 95 nõbre de ceulx qͥ ne desdaignẽt pas ouyr de la

674 1137 1379 121 postre/ disãt: * Et si uoꝰ sentez aultremẽt dau

637 1231 1417 105 cune chose: aussi dieu le uous a reuele. Mais

630 1316 1436 105 toutesfois cheminõs en ce en quoy nous som

628 1401 1442 97 mes paruenus: ascauoir en ceste uoye/ qui est

662 1472 1391 110 Christ: * car aussi lintegrite ⁊ la cõgnoissance

680 1558 1370 104 des lettres de q̃lque Euesque q̃l noble qͥl soit

692 1650 1361 92 ne peult estre gardee/ comme lescripture cano

692 1728 1373 98 nicque est gardee partãt de lettres ⁊ dordres de

686 1805 1379 101 langues/ ⁊ par la successiõ de la celebratiõ ec¬

680 1903 1385 92 clesiasticque. * Cõtre laq̃lle toutesfois en ya

653 1974 1409 107 eu daucũs/ lesquelz soubz les noms des Apo¬

641 2066 1418 98 stres ont cõtrouue plusieͬs choses. Mais tou

635 2137 1415 113 tesfois ce a este faict en uain: pource quelle est

638 2229 1403 92 trop bien esprouuee/ trop bien celebree et trop

647 2304 1406 101 cõgneue. Mais aussi de ce a bien monstre cest

647 2393 1413 99 efforcement de mauuaise audace/ q̃lle chose il

649 2474 1405 105 peult cõtre les lettres qui ne sont pas fondees

657 2561 1399 93 par auctorite canonicque: quant aussi a eu la

655 2638 1389 107 hardiesse de soy esleuer cõtre celles qͥ sõt affir

661 2725 1171 105 mees de si grand fais de cõgnoissance.

834 2810 1103 109 ¶ Augustin au prologue du .iii. liure

1143 2891 445 119 de la Trinite.

413 463 267 121 Il est li¬

404 558 255 98 cite de cõ

407 647 193 104 tredire

392 736 240 107 aux es¬

371 825 244 98 criptu¬

368 896 267 101 res des

374 982 276 104 docteͬs.

377 1128 282 136 Phił.3.c

362 1454 265 119 Lescrip¬

374 1570 279 86 ture ca¬

389 1653 246 92 nonicq̃

386 1731 276 100 est sans

395 1802 252 98 macule

383 1897 270 98 pour les

374 1968 247 107 lãgues.

374 2054 235 107 Luc en

383 2143 235 104 son ꝓes¬

380 2229 241 110 me de le

383 2295 214 130 uãgile.

1674 2969 360 122 ¶ Ne obeis
