2211 3563
1010 160 699 125 Des mandemẽs

675 298 1409 145 noises. Mais le seruiteur de dieu ne

679 413 1407 151 doibt pas auoir noise: mais fault

677 536 1407 140 quil soit doulx enuers toꝰ/ docible/

655 661 470 124 patient/ ⁊c.

760 773 1237 117 ¶ Augustin au liure du baptesme cõtre

834 865 1067 124 les Donatistes/ au .xxuii. Chap̃.

686 947 1394 127 ¶ Quant il dit maintenant q̃ leuesque doibt

683 1036 1388 136 estre docible: ⁊ qͥl adiouste q̃ cestuy est aussi do¬

692 1128 1373 119 cible/ qͥ est doulx ⁊ debõnaire quãt a la patien

671 1208 1394 125 ce dapprẽdre. Car il ne fault pas q̃ les euesq̃s

653 1297 1427 122 seullemẽt enseignẽt/ mais aussi qͥlz apprennẽt

668 1389 1406 110 car cestuy enseigne mieulx/ leq̃l tous les ioͬs

683 1457 1370 128 croist ⁊ ꝓffite en apprenãt les bonnes choses.

668 1540 1391 125 Et ainsi par ces parolles lhõme sainct ⁊ rẽply

683 1633 1388 115 de fidele charite monstre assez qͥl ne fault pas

667 1716 1415 116 craindre de lire aĩsi ses epistres: que si aucune

677 1803 1403 109 chose apres trouuee par plusieͬs ⁊ plus conti¬

673 1886 1403 111 nuelles inqͥsitions/ a cõferme leglise: q̃ noꝰ ne

677 1975 1397 103 doubtõs point de leuiter: car cõme il y auoit

667 2052 1411 109 plusieurs choses q̃ le bon ⁊ saige Cyprian en¬

663 2133 1401 115 seignoit/ aussi auoit il q̃lque chose q̃ Cyprian

663 2218 1407 109 docible apprenoit. Mais de ce qͥl nous admõ¬

671 2302 1407 108 neste/ de recourrir a la fontaine/ cest adire a la

671 2383 1407 113 tradition apostolicque: ⁊ q̃ dillec nous dressõs

671 2466 1407 113 le canal en nostre tẽps/ cela est tresbõne chose

681 2549 1262 111 ⁊ ce doibt estre faict sans quelque doubte.

764 2636 1231 109 ¶ Augu. au secõd liure du baptesme cõ¬

845 2717 1023 111 tre les Donatistes/ au .iii. Chap̃.

675 2800 1381 111 ¶ Uous auez de coustume de nous mettre au

663 2884 1393 124 deuant les lettres de Cyprian/ la sentence de

365 944 285 121 Les pa¬

362 1054 300 86 rolles de

371 1128 264 98 Cypriã

374 1205 253 110 ad Põ¬

362 1285 244 113 peiũ e¬

362 1383 241 104 uesque

371 1451 273 98 qͥl fault

380 1535 279 109 aussi es¬

380 1621 279 104 tre doci¬

394 1708 150 113 ble.

1725 2983 333 128 Cyprian/
