2212 3563
178 316 1410 127 Cyprian/ Ecõseil de Cyprian. Pourquoy pre

182 407 1392 113 nez uous lauctorite de Cypriã poͬ uostre scis¬

192 494 1372 103 me: ⁊ teboutez son exemple/ poͬ la paix de le¬

196 561 1367 133 ghse?◊ Et qͥ est cestuy qͥ ne sache biẽ q̃ la saĩcte

184 650 1391 119 escripture canonicque/ tãt de lãcien q̃ du nou¬

172 742 1391 116 ueau testamẽt estre ꝯtenue par ses certains ter¬

166 828 1388 104 mes: ⁊ q̃ icelle est a mettre ⁊ preferer deuãt tou¬

169 899 1382 119 tes les escriptures des euesq̃s passez/ tellement

175 985 1382 110 quon ne peult en riẽs doubter dicelle/ ne dispu

172 1065 1391 110 ter ascauoir se tout ce qͥ est escript en icelle est

169 1160 1382 101 manifestement uerite? Mais il est licite de re¬

170 1241 1398 108 prendre les escriptures des euesques qͥ ont este

174 1326 1390 103 escriptes ou quon escript apres la confirma¬

170 1409 1398 105 tiõ des escriptures canonicques: ou par parol¬

174 1490 1396 105 le par auẽture plus plaine de sapiẽce dũg cha

178 1575 1404 107 scun mieulx instruict en telle chose/ ou por

190 1654 1406 113 plus graade auctoͬte des ordtres Euesques/

190 1741 1394 103 ou par la prudence des saiges ou par les con¬

178 1823 1394 101 cilz: se aucae chose e deulee par nueture de

166 1894 1391 119 la uerite.F Et aussi les cõcilz qui se font par

169 1980 1388 113 une chascune region ou prouince/ sans nulle

166 2072 1388 101 doubte doibuent donner lieu a lauctorite des

169 2161 1382 101 plains cõcilz qͥ se font en toute la terre Chre¬

175 2232 1379 113 stiẽne: ⁊ les p̃mieres generales determinatiõs

178 2318 1385 107 doibuẽt souuent estre amendees par celles en¬

172 2396 1415 130 suyutãt: quãt par aucune e xoerirce des choses

174 2486 1416 113 est declare ce qui estoit secret/ ⁊ est cõgneu ce qͥ

170 2575 1412 109 estoit muce: sans aucun tiltre dorgueil saari¬

163 2651 1394 110 lege/ sans aucune ceruelle enflee darrogance/

174 2741 1392 111 sans aucune cõtẽtion denuie mauuaise/ auec

174 2826 1392 111 saincte humilite/ auec la paix catholicque/

170 2915 849 113 auec la charite chrestienne.

463 166 1002 166 des hõmes. Chaꝰ̃.4.

1613 205 171 103 194

1590 546 280 125 Lescrip¬

1599 659 268 92 ture ca¬

1587 733 265 107 nonique

1572 825 280 95 est ꝓpo¬

1572 899 280 110 see deuãt

1572 982 220 92 toutes

1572 1051 265 142 escriptu

1569 1166 125 101 res.

1575 1864 277 143 Les pre¬

1578 1986 268 101 miers cõ

1572 2057 274 116 cilz doib

1575 2146 274 104 uẽt don¬

1575 2247 280 83 ner lieu

1584 2307 280 118 aux der¬

1614 2393 169 101 niers.

1572 2642 271 122 Iaco.3.d

796 2988 770 119 BB .ii. 1.Corĩ.14.F.
