2211 3563
376 300 273 105 95.distĩc.

376 385 232 119 ca. esto.

677 304 1377 135 1.Corin.14.F. ¶ Mais q̃ deux

661 425 1401 133 ou troys prophetes dient ⁊ que tous

651 546 1411 127 les autres en iugent: que si aucune

633 657 1421 130 chose est reuelee a lautre qͥ est assis:

637 771 888 135 que le premier se taise.

752 898 1235 109 ¶ Augustin au .iii. diure du baptesme/ au

824 981 1073 95 iii.chap̃. Et sõt les porodes de Cy¬

927 1066 850 101 prian au cõcil de Cartdage

662 1131 1388 124 ¶ Nul de noas cerramemẽt (dit il )ne sest esta

632 1229 1427 110 bly leuesque des euesq̃s: ou ml na cõstrainct

635 1318 1430 104 ses cõpaignons uor terreur tyrannicque a la

644 1389 1409 107 nece(site de y paruenir. Quede cdose est plus

665 1482 1389 97 doulce/ ⁊ plus humble? Ueritablement nulle

665 1563 1403 103 autorite ne nous espouuẽte/ que nous ne que¬

659 1642 1411 111 rons ce qͥ est ueritable. Quãt il est (dit il) que

653 1730 1413 104 tout euesque poͬ la licence de sa liberte ⁊ puis

657 1815 1415 107 sance/ a son propre arbitre: cõme quil ne peult

662 1888 1412 110 estre iuge de lautre/ ainsi qͥl ne peult aussi iu¬

657 1985 1413 107 ger ung autre. Car il auoit cõgneu par com¬

645 2060 1425 107 bien grande proffondite de sacrement/ alors

643 2143 1423 107 toute leglise estoit uoutee en diuerse disputa¬

647 2228 1417 109 tion ⁊ faisoit estre libre de chercher son arbitre/

657 2311 1375 105 affin que la uerite examinee fust manifestee.

824 2395 1163 108 ¶ Hilaire au liure contre les Arrians.

683 2479 1388 104 ¶ Leglise espouente par banissemẽs ⁊ par pri

683 2559 1391 113 sons: ⁊ constrainct de croire a elle/ laquelle est

683 2642 1388 113 creue par banissemens ⁊ par prisons: elle pend

683 2737 1388 101 a la uolunte des cõmunicans/ laquelle est cõ¬

683 2811 1379 98 sacree par les terreurs des poursuyuans: elle

671 2888 1388 128 enchasse les p̃stres/ laquelle par la fuyse des

986 170 698 134 Des mandemẽs

350 1128 294 127 nul nest

350 1232 253 110 enesque

341 1309 256 104 des eues

353 1398 190 113 ques.

371 1876 259 119 mat.7.a

419 2479 234 104 Leglise

377 2556 276 104 ne doibt

371 2657 288 101 cogir ꝑ¬

368 2734 279 98 sonne a

362 2820 279 98 croire ꝑ

371 2894 282 104 prisõs ny

384 2985 238 96 tormẽs.

1792 2983 274 130 prestres
