2212 3563
190 323 1347 131 edbien saisons nous encore de choses ancien¬

193 427 1335 101 nes? Noꝰ ne sõmes point ueritablemẽt telle¬

184 510 1344 113 mẽt uestus de Christ/ q̃ nous ne portiõs q̃lque

172 587 1359 119 chose de Adam. Regarde cõment Adam sen¬

156 682 1372 105 uieillist en nous/ et cõment Christ est renou¬

148 754 1377 121 uelle.7 Et si (dit il) nostre hõme exteriore se

146 849 1378 107 corrompt: aussi lhõme interiore se renouuelle

144 932 1380 109 de iour en iour. Parquoy au peche/ a la mor¬

140 1015 1390 103 talite/ au tẽps q̃ legieremẽt se passent/ au ge¬

142 1102 1388 107 missemẽt/ ⁊ au labeur/ ⁊ a la sueur/ et aux ea¬

146 1183 1378 105 ges qui succedẽt ⁊ ne sont de guere longue du¬

140 1262 1386 111 ree/ despuis la puerilite iusq̃s a la uieillesse

142 1348 1382 108 lesq̃lles passent insensiblemẽt: quãt nous re¬

146 1437 1374 99 gardons a toutes ces choses la/ noꝰ ny ueons

148 1518 1378 109 que le uieil hõme/ le iour ancien/ ⁊ le uieil can

158 1599 1386 93 ticque/ et le uieil testamẽt. Mais qucinct nous

160 1686 1394 97 nous retouendus o uuõme interiore: aux cho¬

170 1763 1370 101 ses qui doibuẽt estre renouellees a Heu des

151 1834 1365 122 choses q/t ser/ õc frãsmees: nous y trouuõs

142 1929 1370 105 le nouuel hõme/ le nouueau cãticque/ le nou¬

136 2017 1384 93 ueau testamẽt: ⁊ aymõs tellemẽt ceste nouuel

136 2102 1386 101 lete/ que nous ne craingnons nullement ceste

142 2182 1371 110 uieillesse.7Parquoy maintenãt en ces cours

151 2268 1365 101 icy/ noꝰ passõs des choses anciẽnes aux nou¬

157 2339 1356 107 uelles: ⁊ ce paIsaĩge (e (oict/ quant les choses

148 2422 1380 107 exteriores se corrõpent/ ⁊ que les iateriores se

144 2511 1406 103 renouuellẽt: iusq̃s a ce aussi que le mesme qui

148 2595 1386 104 se corrompt par dehors/ rẽde le deu de nature¬

146 2682 1376 97 ⁊ uiẽne en la mort: ⁊ que ce soit renouuelle en

146 2759 1368 105 la resurrectiõ: adõe ueritablemẽt serõt faicces

142 2846 1374 95 toutes les aultres choses nouuelles/ q̃ main¬

140 2929 1382 115 tenãt sont en esperãce. Tu fais dõcq̃s main-

437 172 1025 181 de Adam. Chap̃.5.

1560 353 283 110 core grã

1557 442 286 113 des cho¬

1551 528 283 98 ses de a-

1560 611 146 98 dam.

1643 253 77 95 19

1551 771 256 107 2.cor.4.b

1540 1820 264 157 Psat.32.

1540 1956 154 110 ⁊.97.

1540 2179 270 107 Ceste uie

1537 2262 276 104 nest que

1551 2351 259 110 ung pas

1563 2425 170 119 saige.

942 3010 580 134 C .iii. tenant
