2212 3563
168 312 1420 111 prestres estaugmentee: elle se glorifie estre ay¬

169 391 1377 116 mee du nõde/ laq̃lle ne pouoit estre de Christ/

188 479 784 108 se le monde ne la eut hay.

348 562 984 109 ¶ Hilaire au liure ad Constan¬

564 649 479 101 tium Auguste.

175 721 1371 116 ¶ Dieu a plus enseigne la congnoissance de

160 810 1386 113 luy quil ne la demande: ⁊ en dõnant lauctori

160 896 1377 107 te a ses cõmandemẽs par ladmiration des oeu

160 988 1386 98 ures celestes a desprise la uolunte cõstraincte

163 1065 1383 98 de le confesser. Se telle maniere de droict estoit

163 1146 1383 106 adioustee a la uraye foy: la doctrine episcopa¬

157 1238 1383 89 le uiendroit au deuãt ⁊ diroit. Dieu est le dieu

157 1321 1386 89 de tout le monde: il na q̃ faire du seruice faict

154 1407 1389 104 par necessite: il ne requiert pas la cõfesse con¬

157 1481 1386 113 straincte. On ne le peult trõper mais il peult

160 1573 1397 104 estre acqueru. Il est a honnorer plus tost uour

169 1644 1403 113 nostre coule/ que ꝯou uolierne e ce puis re¬

175 1736 1388 95 cepuoir sinõ le uueillãt. Ie ne puis ouyr sinon

166 1817 1377 95 celuy qut prie/ re ne prns sigm son celuy qͥ

162 1900 1384 105 confesse. Il doibt estre cherche par simplesse: il

160 1974 1377 116 doibt estre aprins par cõfesse: il doibt estre ay¬

162 2072 1384 95 me par charite: il doibt estre hõnore par crain¬

164 2157 1380 95 te: il doibt estre retenu par bonne uolunte.

166 2234 1384 107 Mais aussi pourquoy est ce q̃ les prestres sõt

170 2319 1392 105 cõstrainctz par liens de craindre dieu ⁊ leur est

162 2401 1414 101 commande sur demes/ les mesrres (ont dete¬

162 2480 1414 105 nus par prisons/ le commun peuple estrainct/

166 2563 1398 111 est ordõne en la garde de lordre enchainee/ les

168 2652 1382 103 uierges sont despouillees poͬ recepuoir la pei¬

166 2737 1382 103 ne/ les corps consacrez a dieu sont exposez a

170 2818 1380 103 les publicquement regarder/ ⁊ sont mis au

168 2901 1085 119 fruict de spectacle ⁊ de question? ⁊c.

479 174 988 136 des hõmes. Chad̃.4.

1602 371 277 139 Leghse

1563 486 316 110 ne peult

1560 567 259 101 estre de

1560 641 283 119 Christ si

1563 739 277 98 elle nest

1563 819 271 104 haye du

1560 899 250 104 monde.

1560 988 280 104 exo.25.a

1560 1074 280 95 35.a.36.a

1554 1149 286 112 1.Parali

1557 1244 280 98 po.28.b.c

1563 1324 271 98 Ps̈.53.b

1560 1398 280 110 Ps̈.23.a

1563 1487 286 101 Dieu ne

1575 1561 277 113 a q̃ faire

1593 1653 256 98 du serui¬

1578 1751 238 83 ce com¬

1560 1831 262 101 strainct.

1635 195 148 119 195

1554 1989 271 110 mat.12.c

775 2981 779 130 BB .iii. ¶ Cyprian
