2212 3563
440 142 1049 172 des hõmes. Chap̃.xi.

152 304 1400 101 des autres/ ⁊ quil ueillent toutes les nuictz/

158 393 1386 105 affin de faire le guet sur le salut du peuple cõ¬

162 482 1380 99 me celuy qui doibt rendre raison pour les pe¬

172 566 493 97 chez du peuple.

174 641 1364 111 ¶ Affin quilz faicẽt ceste chose en ioye/ et non

158 730 1376 97 pas en plourant. Certainement cela ne uous

146 807 1390 97 est pas expedient. Se uous uous rendez sub¬

146 894 1390 93 iectz (dit il) aux preuostz ⁊ que uous obeissez a

148 983 1388 97 eulx: uous soulagiez la charge quilz ont prin

160 1062 1378 103 se pour uous. Car iceulx prelatz seront plus

150 1144 1386 107 plaisans ⁊ ioyeulx par ce q̃ uoluntairement

152 1227 1380 107 uous uous rendrez obediẽs. Mais si uoꝰ estes

148 1306 1380 111 rebelles: ⁊ qͥlz ne desistẽt pas de ueiller sur uoꝰ/

152 1395 1388 103 ⁊ q̃ en ueillãt ilz ne puissent chastier uostre re¬

148 1482 1388 101 bellion: toutesfoys en gemissãt uers dieu/ ⁊ en

152 1565 1390 99 ayant dueil ne cesserõt de crier cõtre uous/ ce q̃

168 1648 1396 93 ueritablemẽt uous proffitera de moins a uo¬

172 1716 1391 121 stre salut. * Mais entẽdez/ que ainsi quil nest

160 1802 1368 110 point parmis que ceulx qui presidẽt aux au¬

154 1891 1374 98 tres/ se puissent autremẽt uenger de leurs in¬

148 1986 1392 98 iures faictes par les subiectz/ sinõ par larmes:

154 2063 1386 101 ueu q̃ la doulceur ⁊ patiẽce diceulx doibt estre

160 2146 1391 98 sans coulpe: toutesfoys aussi ceste pertinace

160 2220 1374 113 ⁊ incorrigible inobedience des disciples/ sera

162 2315 1390 99 plus uehementement punie: de ce qͥlz esmou¬

156 2397 1414 95 uent cõtre eulx ung iuge plus cruel/ ascauoir

158 2476 1414 105 dieu qͥ leur dõnera plus grief tourment. Par¬

162 2561 1402 91 quoy ce nest pas chose du tout importable/ q̃

158 2644 1394 101 la rebellion les uiẽne a contẽner. Mais fault

160 2727 1392 107 plus craindre ⁊ deplorer/ que pour ce sont bail

154 2802 1389 110 lez a dieu pour estre iugez/ ⁊ pour finablement

168 2895 877 119 souffrir peines tres cruelles.

1606 192 154 116 196

1590 1636 244 198 Que les

1557 1820 268 95 p̃latz ne

1560 1909 256 104 se uẽgẽt

1557 1989 265 101 de leurs

1554 2072 271 107 ĩiures si¬

1569 2155 259 104 non par

1557 2232 265 122 larmes.

1563 2788 259 198 1.cor.12.g

891 2969 665 134 BB .iiii. 1.Thess.
