2211 3563
1010 184 681 126 Des mandemẽs

685 314 1387 143 1.Thessalo.5.D. ¶ Ne uueillez

692 427 1385 160 despriser les ꝓpheties. Mais esprou

668 555 1403 133 uez toutes choses/ et retenez ce qui

647 676 357 129 est bon.

770 801 1209 119 ¶ Hierosme en lepistre ad Minerium ⁊

905 894 893 105 Alexandrum/ au .iiii. Tome.

687 989 1385 103 ¶ Certainement aussi lauctorite de ma peti¬

671 1074 1393 93 tesse nest pas si grande/ moy qui ne suis riens:

659 1166 1400 89 ⁊ toutesfoys suis autamt deschire par les mor

639 1241 1431 105 sures des enuieux/ cõme ceulx qͥ nous ont pre

637 1324 1433 101 cede au seigneur. Et si ne doibt on pas (selon

657 1407 1413 103 les disciples de Pythagoras) si fort peser lopi

677 1492 1389 95 nion iugee par le docteur/ que la raison de la

677 1571 1391 99 doctrine. Mais si aucun de contraire faction

679 1656 1399 97 uient a murmurer/ pource que ie lis les expla

675 1739 1403 103 nations daucuns/ desquelz ne consens pas a

679 1823 1397 102 leurs enseignemẽs: quil cõgnoisse que ie oys

677 1903 1394 98 uolũtiers ce que lapostre dit. * Esprouuez tou

665 1980 1403 104 tes choses/ mais retenez ce qui est bõ. Et aussi

659 2066 1412 104 les parolles du saulueur/ disant. Soyez argẽ

671 2155 1391 99 tiees esprouuez: affin que si aucun denier est

692 2235 1373 98 faulx/ ⁊ quil ne ait pas la figure de Cesar/ et

692 2312 1379 110 qͥl ne soit pas signe de la publicque mõnoye/

673 2403 1401 102 quil soit reprouue. Mais que celuy qui porte

669 2486 1403 103 la face de Christ en clere lumiere/ soit garde en

675 2569 1401 101 la bourse de uostre cueur. Car si pareillement

671 2650 1399 95 ie uueil apprendre la dialectique ou les scien¬

677 2737 1387 107 ces des philosophes/ ⁊ affin que ie retourne a

677 2822 1379 101 nostre propos/ se ie uueil auoir la science des

669 2911 1383 109 escriptures/ ie ne doibtz nullemẽt interroguer

386 421 276 125 1.cor.14d

386 578 264 104 1.Io.4.a

371 1155 270 139 2.cor.3.b

383 1909 267 113 Esprou

356 1998 282 107 uez tou¬

356 2087 282 95 tes cho¬

368 2170 134 98 ses.

377 2250 294 104 Luc.19.c

380 2342 291 104 mat.22.c

1682 2994 374 111 les simples
