2212 3563
350 136 1056 160 des hõmes. Chap̃.xi.

146 288 1388 133 les simples hõmes de leglise/ lesquelz ont une

148 380 1377 130 autre grace/ ⁊ ung chascun abõde en son sens:

163 454 1374 142 principalement cõme il soit que en la grande

166 540 1371 125 maison du pere de famille y a grande diuersite

163 623 1365 137 de uaisseaux * mais doibtz interroguer ceulx

151 721 1365 110 qui ont apris lart de louurier/ ⁊ ceulx qͥ iour ⁊

142 792 1386 131 nuict pensent en la loy du seigñr. Moy aussi

148 872 1380 125 des mon adolescence ⁊ en ma uieillesse/ cõfesse

154 967 1383 116 que Origenes ⁊ Eusebe ⁊ Cesariẽsis sont hõ¬

152 1055 1374 114 mes tres doctes: mais aussi quilz ont erre en

150 1138 1382 111 la uerite de doctrine. Ce que au cõtraire pou¬

148 1219 1388 117 uons dire de Theodore/ Acacie/ ⁊ Apollinaire:

148 1304 1394 113 ⁊ toutesfoys toꝰ noꝰ ont delaisse la memoire

150 1385 1402 115 leur labeur quilz ont eu en explanãt les escri

151 1457 1386 128 ptures. On cherche lor en la terre/ ⁊ des fosses

154 1543 1374 125 des fleuues est rapportee la terre sablonneuse

168 1637 1392 118 toute reluysante. Poͬquoy me dechirẽt mes

176 1722 1384 114 amis? Les grasses truyes grongnẽt contre ce¬

168 1797 1380 127 luy qui se taist. Desquelles toute leur estude:

162 1884 1378 117 mesme lorgueil de leur science est de reprẽdre

160 1973 1382 111 les choses dautruy: et ainsi deffendre la ma¬

162 2052 1343 115 lice des anciens/ quelles perdent leur foy.

175 2128 1362 113 * Mon propos est/ de lire les anciens/ et de

163 2209 1377 133 esprouuer toutes choses: de retenir ce qui est

172 2308 1384 114 bon/ ⁊ de nullement me destourner de la foy de

166 2393 634 118 leglise catholicque.

293 2470 1114 123 ¶ Hierosme/ au prologue sur Esaie/

598 2557 503 93 au .iiii.Tome.

172 2618 1382 131 ¶ Quilz lisent premter/ puis apres quilz le

169 2716 1379 134 desprisent: affin quilz ne soyent estimez de cõ¬

172 2814 1374 101 demner les choses ignorees/ non point par iu¬

180 2897 1271 123 gement/ mais par presumption de hayne.

1570 176 142 109 197

1540 353 306 125 Ro.14.a

1548 457 286 104 2.tim̃.2.c

1560 534 241 110 Ps̈.1.a

1546 611 264 122 Noꝰ deb

1537 709 270 98 uõs ap¬

1540 792 246 101 prendre

1543 872 240 101 lart de

1551 950 259 127 louurier

1554 1443 262 112 Mat.13.

1554 1529 99 136 f.g

1551 2090 206 127 Notez

1554 2203 158 115 bien.

1554 2541 275 103 Que p̃¬

1569 2624 253 89 mier ilz

1560 2693 262 121 lisent/ et

1557 2785 259 101 ap̃s qͥlz

1548 2876 275 105 le despri

1554 2963 149 124 sent.

1129 2966 411 157 1.Timo.6.A.
