2211 3563
984 174 694 120 Des mandemẽs

665 302 1395 117 der de ceulx qui sont uains en parolles et qui

669 385 1387 119 seduisent les pẽsees en parlant choses faulses

667 473 1391 120 ⁊ fabuleuses/ ⁊ de ceulx qui par telles uanitez

651 552 1415 122 promettẽt cõme une aultre sciẽce cõtre la rigle

641 637 1423 125 de la foy: mais aussi ceulx qui disputẽt ueri¬

639 730 1425 113 tablement de ceste diuine immutabilite de na

649 813 1413 109 ture/ ou de la creature incorporee/ ou du crea¬

661 894 1403 109 teur/ ⁊ prouuent ce quilz dient totallemẽt par

683 973 1379 110 documẽtz ⁊ raisons tres certaines/ * ⁊ toutes¬

677 1051 1382 121 fois sefforcent de retirer les aultres arriere du

656 1134 1397 124 seul mediateur de dieu ⁊ des hõmes: fuyez les

638 1214 1427 134 cõme la peste plus dãgereuse q̃ toutes les aul¬

641 1300 1424 116 tres. Car telz sont ceulx desq̃lz dit lapostre: q̃

655 1389 1411 111 ceulx qͥ cõgnoissoiẽt dieu ne lont pas glorifie

673 1472 1383 111 cõme dieu. Quelle chose urayemẽt ꝓffite il/

679 1557 1381 109 auoir la uraye intelligẽce du biẽ de dieu incõ¬

679 1640 1395 109 muable/ a celuy qui ne tiẽt pas q̃ sa deliurãce

695 1713 1379 116 uiẽgne de dieu? * Et si uoꝰ estes mortz des tra¬

679 1809 1399 115 ditiõs de ce mõde: poͬquoy iugez uous encore

681 1888 1129 109 les differẽces cõme uiuãt au monde?

786 1969 1155 115 ¶ Augustin ad Orosium contre les

901 2058 913 103 Priscillianistes et Origeni¬

1071 2141 622 103 stes au .xi. chapitre.

686 2220 1385 110 ¶ Aussi ce ne nous appartiẽt pas beaucop de

701 2304 1379 118 enquester a grosse diligence les choses qͥ sont

701 2384 1382 121 loing arriere de noz sens/ et de lentendemẽt de

698 2470 1385 119 la debilite humaine: ⁊ qui ne sõt pas tellemẽt

695 2547 1394 128 mises aux escriptures/ que la congnoissance

692 2630 1391 119 dicelles nous soit commandee. Mesme aussi

695 2722 1382 104 affin que par legiere suspicion nous ne tom¬

697 2806 1377 107 bons en fables sacrileges/ lescripture diuine

692 2888 1379 134 crye/ en disant: * Ne enqueste pas les choses

389 970 273 125 Contre

359 1077 303 92 les doc¬

356 1155 279 109 teͬs sub¬

344 1238 143 98 tilz.

344 1321 280 113 Rom̃.1.c

398 1713 255 151 Coloss.

404 1834 107 113 2.d

398 2214 261 110 il ne noꝰ

392 2307 288 112 doit cha

392 2393 276 104 loir des

389 2473 297 119 choses qͥ

401 2565 282 113 sont par

389 2648 238 101 dessus

377 2743 226 98 nous.

386 2886 276 124 Eccł.3.c.

1798 2971 286 114 qui sont
