2212 3563
146 320 1390 121 qui sont plus haultes que toy: ⁊ si ne scrutine

152 407 1374 117 pas les choses qui sont plus fortes que toy:

158 488 1372 115 mais yense tousiours a ce que le seigneur ta

162 574 1376 114 cõmande: tellement que en ces choses est plus

160 663 1378 107 a blasmer la presumption temeraire/ q̃ ligno¬

142 733 1377 116 rance. Certainemẽt lapostre dit.F Soient les

150 823 1376 111 sieges ou dominations/ ou principaultez/ ou

148 906 1380 115 puissances. Et croy fermemẽt quil y a des sie¬

154 997 1382 105 ges/ des dominatiõs/ des principaultez/ ⁊ des

152 1076 1386 109 puissances es preparations celestes: ⁊ riens de

148 1161 1380 117 ferme foy quil y a quelque difference entre ces

144 1247 1384 108 choses icy. Mais pourquoy me contemne tu/

150 1324 1380 117 si la ou tu mestime grand docteur/ ie ne scay

148 1411 1384 113 pas quelles choses ce sont ⁊ comme elles sont

146 1494 1390 115 differẽtes entre elles? Car aussi par ceste igno¬

150 1581 1410 105 rance ne me estime pas estre perdu: comme ie

166 1656 1408 117 seroye par mo dedience / e ⁊ deuaissoye les cõ¬

163 1733 1394 113 mandemens du seigneur.ͬ Et pourtant iesti¬

157 1829 1383 112 me que cea este xa Les dr/ de dieu/ q̃ noz au¬

148 1903 1392 113 cteurs des escriptures diuines nont pas expo

154 1983 1383 125 se ces choses icy plainemẽt/ mais les ont tou¬

148 2069 1389 116 che en passant ⁊ estroictement: affin que si au¬

145 2164 1395 116 cune telle chose est demõstree a quelque hom¬

160 2248 1386 105 me tel que nous sommes/ par plus haulte re¬

166 2331 1392 109 uelation: quil nestime pas ceulx estre moindre

160 2410 1412 104 que kry/ par lesquelz les (ainctes nouuelles

154 2482 1421 124 des escriptures canonicques nous sont admi¬

157 2571 1406 125 nistrees? Car cõbien que ung chascun ꝓffise

157 2654 1397 122 en apprenant: neãtm oins se trouuera il tous¬

160 2737 1388 113 iours en dessoubz de ces escriptures que dieu a

166 2817 1388 137 ordonne cõme ung firmamẽt par dessus tous

164 2925 568 109 cueurs humains.

344 169 1086 163 des hõmes. Chap̃.23.

1602 198 164 128 199

1548 697 259 161 colos.1.c

1584 1722 244 115 Les apo

1557 1811 265 110 stres ont

1557 1903 250 101 peu es¬

1560 1971 262 113 cript des

1560 2060 259 107 choses ce

1560 2143 191 140 lestes.

1641 2345 202 155 Ton/e

1590 2479 232 110 esar:ptu

1572 2556 259 113 re est en

1566 2642 268 113 dessoubz

1566 2737 271 107 lescriptu

1569 2820 265 104 re cano¬

1562 2909 246 127 nicque.

1158 2990 404 115 Ezech.4.D.
