2211 3563
887 201 789 133 De la transgression

657 344 1379 109 tenant quelque chose pour te despouiller des

655 435 1383 101 uieilles choses/ et poͬ courrir aux nouuelles.

653 518 1383 107 Cestuy doncques qui court aux choses nou¬

659 603 1379 101 uelles/ ⁊ est estẽdu aux choses qui sont deuãt

665 682 1369 109 luy/ dict.*  Seigñr fais q̃ ie cõgnoisse ma fin:

655 766 1381 108 ⁊ quel est le nombre de mes iours: affin que ie

645 849 1393 105 scaiche quelle chose me deffault. Uoicy Adã

633 934 1397 105 qui tire encore: affin q̃ aussi il se haste de uenir

633 1017 1393 105 a Christ. Uoicy (dit il) tu as mis mes iours

635 1102 1397 105 anciẽs. Les iours anciẽs sont de Adam: tu as

635 1187 1395 99 mis ces anciẽs iours/ lesquelz tous les iours

643 1264 1381 109 senuieillissent: ⁊ tellemẽt senuieillissent/ que

641 1348 1096 108 aussi quelque iour seront cõsumez.

843 1431 1021 105 ¶ Hierosme/ en lexposition de ce

1026 1514 632 107 passaige Esaie.iiii.

653 1597 1381 101 ¶ Quant le seigñr aura nettoye les ordures

657 1682 1375 99 des filles de Sion: ⁊ qui aura laue le sãg de

656 1754 1382 107 Hierusalem/ du milieu dicelle: en esprit de iu¬

644 1840 1397 113 gement/ ⁊ en esprit de combustion. *Duquel

630 1929 1399 98 esprit de iugemẽt/ ⁊ de lesprit de cõbustiõ saĩct

644 2016 1382 106 Iehan baptifte par loit en leuãgile.* Ie uous

659 2099 1379 92 baptise en leaue: mais celuy qui uient apres

668 2185 1349 83 moy: cestuy uous baptisera en esprit ⁊ en feu.

680 2256 1349 110 De quoy nous cõgnoissons que lhõme dõne

662 2339 1376 110 seullemẽt leaue: mais dieu dõne le saĩct esprit

656 2425 1379 110 par lequel les ordures sont nettoyees/ et les

653 2509 1054 109 pechez plains de sang sont purgez.

824 2591 1200 105 ¶ Hierosme/ en lexpositiõ ad Galatas.

665 2669 1370 113 ¶ Si dõcques ceulx qͥ sõt baptisez en Christ/

656 2752 1373 104 ont uestu Iesuchrist. *Il est manifeste q̃ ceulx

650 2850 1379 95 qͥ ne sont pas uestus de Christ nõt pas este ba

647 2921 1382 137 ptisez en Christ. Car a ceulx qͥ sont fideles/ et

404 698 226 123 Ps̈.38.

392 1814 202 136 Il ya

350 1924 265 95 deux sor

344 2013 268 92 tes de ba

344 2081 253 119 ptesme.

353 2182 279 80 mat.3.c

365 2247 282 119 Mar.1b

365 2348 270 98 Luce.3.d

368 2425 244 119 Ioã.1.d

356 2663 279 101 ephe.4.f

353 2752 268 101 colo.3.b

365 2847 229 98 Le ba¬

368 2915 217 181 ptesme

1842 3020 182 109 quon
