2211 3563
650 288 1379 195 ¶ Les matieres conte¬

847 465 1023 130 nues en la p̃miere partie/

1018 581 658 123 du present liure.

663 680 1385 153 ¶ De la trãsgression de Adam: ⁊ du

723 811 1232 135 peche originel/ Chapitre.i.

651 930 1397 129 ¶ Tous hõmes sont p̃uaricateurs

722 1030 1269 151 par Adam/ Chapitre .ii.

639 1159 1407 131 ¶ Cõment nous sommes deliurez

721 1276 1317 139 de peche: ⁊ du baptesme des petis

719 1383 1135 146 enfans/ Chapitre .iii.

655 1504 1399 133 ¶ De predestinatiõ/ uocatiõ/ iustifi¬

735 1615 1313 148 cation/ ⁊ glorificatiõ/ Chap̃.iiii.

645 1735 1405 129 ¶ De la double loy/ ascauoir natu¬

725 1846 1317 141 relle ⁊ positiue: ⁊ du peche/ Ch.u.

659 1969 1387 127 ¶ De la loy positiue/ qͥ est double: a¬

717 2080 1321 134 scauoir diuine ⁊ hũaine/ Ch.ui.

655 2197 1389 134 ¶ Des oeuures de la loy/ Ch.uii.

655 2310 1393 134 ¶ De la loy iudiciale: et du glaiue

738 2422 1144 137 seculier/ Chapitre .uiii.

657 2547 1379 129 ¶ De grace: ⁊ de merite/ Cha.ix.

655 2660 1391 140 ¶ De la foy: ⁊ des oeuures/ Ch.x.

663 2779 1375 130 ¶ Des mandemẽs: ⁊ cõmandemẽs

716 2880 1316 172 des hõmes/ Chapitre.xi.
