2212 3563
164 326 1378 115 sont estinez auoir celeste enseignement/ ⁊ qree

168 419 1364 103 par leurxfaictz ilz mõstrẽt les oeuures mortes

178 498 1350 105 ⁊ chamelles: ilz doibuẽt estre urayemẽt appel

172 579 1366 115 lez Aigles ⁊ Uaultoirs: lesquelz du hault de

168 663 1261 108 lair se laissẽt cheoir sur les chairs mortes.

241 744 1283 117 ¶ Hierosme en lexpositiõ sur Esaie au .ii.

239 827 1275 121 chay. au .u. fueillet/ sur ce passaige. Et sur

239 914 1020 105 toutes les nauires de Tharse/ ⁊c.

163 988 1365 116 ¶ Iosaphat aussi eut des nauires qͥl enuoioit

148 1074 1377 107 en Tharse: mais elles furẽt rõpues en Asion¬

142 1157 1377 122 gabar. Salomon aussi en auoit qui alloient

136 1241 1383 109 en Tharse/ et retournoient au bout de troys

139 1330 1377 118 ans: ⁊ apportoient au roy or ⁊ argent/ ⁊ de li¬

139 1404 1377 131 uoyre ⁊ des Singes. Mais pour ce que lung

142 1500 1378 111 ⁊ laultre pecha: lung donne a uolupte/ ⁊ ax¬

144 1583 1408 109 mãt les femmes des natiõs estrãgieres: uaud¬

154 1664 1400 109 tre en soyioungriant auet le roy de Samarie:

160 1745 1380 111 lung ⁊ laultre est refere aux payẽs ⁊ herefcãs

180 1827 1328 114 ◊esquelz nyaurechose/ smõ apparẽce de¬

138 1914 1363 116 loquẽce/ ⁊ ung sens edifie sur lart Dialecticõ

140 1999 1367 115 ⁊ de Philosophie: ⁊ parolle morte/ qͥ est enten¬

142 2080 1363 119 due par les dẽtz diuoyre: ⁊ semblãce de raison

140 2163 1244 115 humaine/ ce qͥ est entẽdu par les Singes.

227 2246 1287 119 ¶ Et sera abaissee la haultesse des hõmes.

154 2331 1376 111 ¶ Autant uoit on la parolle humaine auoir

136 2418 1414 97 raison/ tandis quede ne Ier opos acdparee ou

138 2498 1404 110 mise aupres de la diuine science.? Mais quãt

138 2581 1382 109 mensonge est approchee de uerite/ cõe lesteull¬

142 2662 1372 113 du feu/ incontinent elle est deuoree ⁊ perdue: et

136 2745 1376 117 tous les enseignemẽs de faulsete/ lesq̃lz main

138 2830 1386 109 tenant sont appellez ydoles (de ce quilz sont

142 2911 1256 137 fainctz ⁊ cõposez) sont totallement brisez.

350 166 1074 172 des hõmes. Chap̃.x.

1598 221 200 121 200

1537 964 264 155 2.Para.

1537 1104 145 89 20.g

1531 1155 276 115 3.reg.9.d

1534 1267 273 92 2.Para.

1540 1353 95 92 9.c

1534 1434 282 124 3.reg.11.a

1530 1866 281 105 cõtre les

1534 1955 279 109 philoso¬

1538 2050 250 81 phes et

1526 2123 260 109 ceulx qͥ

1528 2205 278 97 nõt que

1528 2288 280 103 eloguẽ¬

1558 2385 99 85 ce.

1566 2515 222 121 Uerite

1540 2626 246 81 deuore¬

1528 2717 260 72 ra men-

1548 2785 198 134 songe.

1158 3014 368 139 ¶ Hierosme
