<?xml version="1.0" encoding="UTF-8"?>
<alto xmlns:xsi="http://www.w3.org/2001/XMLSchema-instance"
      xmlns="http://www.loc.gov/standards/alto/ns-v4#"
      xsi:schemaLocation="http://www.loc.gov/standards/alto/ns-v4# http://www.loc.gov/standards/alto/v4/alto-4-2.xsd">
  <Description>
    <MeasurementUnit>pixel</MeasurementUnit>
    <sourceImageInformation>
      <fileName>401_c9495_default.jpg</fileName>
      <fileIdentifier>https://www.e-rara.ch/i3f/v20/4106136/full/full/0/default.jpg</fileIdentifier>
    </sourceImageInformation>
  </Description>
  <Tags>
    <OtherTag ID="BT8" LABEL="DamageZone" DESCRIPTION="block type DamageZone"/><OtherTag ID="BT10" LABEL="DropCapitalZone" DESCRIPTION="block type DropCapitalZone"/><OtherTag ID="BT11" LABEL="GraphicZone" DESCRIPTION="block type GraphicZone"/><OtherTag ID="BT12" LABEL="MainZone" DESCRIPTION="block type MainZone"/><OtherTag ID="BT13" LABEL="MarginTextZone" DESCRIPTION="block type MarginTextZone"/><OtherTag ID="BT15" LABEL="NumberingZone" DESCRIPTION="block type NumberingZone"/><OtherTag ID="BT17" LABEL="QuireMarksZone" DESCRIPTION="block type QuireMarksZone"/><OtherTag ID="BT18" LABEL="RunningTitleZone" DESCRIPTION="block type RunningTitleZone"/><OtherTag ID="BT20" LABEL="StampZone" DESCRIPTION="block type StampZone"/><OtherTag ID="BT21" LABEL="TableZone" DESCRIPTION="block type TableZone"/><OtherTag ID="BT22" LABEL="TitlePageZone" DESCRIPTION="block type TitlePageZone"/><OtherTag ID="BT132" LABEL="MarginTextZone:handwrittenAddition" DESCRIPTION="block type MarginTextZone:handwrittenAddition"/>
    <OtherTag ID="LT7" LABEL="CustomLine" DESCRIPTION="line type CustomLine"/><OtherTag ID="LT8" LABEL="DefaultLine" DESCRIPTION="line type DefaultLine"/><OtherTag ID="LT9" LABEL="DropCapitalLine" DESCRIPTION="line type DropCapitalLine"/><OtherTag ID="LT10" LABEL="HeadingLine" DESCRIPTION="line type HeadingLine"/><OtherTag ID="LT11" LABEL="InterlinearLine" DESCRIPTION="line type InterlinearLine"/><OtherTag ID="LT125" LABEL="default" DESCRIPTION="line type default"/>
  </Tags>
  <Layout>
    <Page WIDTH="2211"
          HEIGHT="3563"
          PHYSICAL_IMG_NR="401"
          ID="eSc_dummypage_">
      <PrintSpace HPOS="0"
                  VPOS="0"
                  WIDTH="2211"
                  HEIGHT="3563">
        <TextBlock HPOS="417"
                   VPOS="485"
                   WIDTH="276"
                   HEIGHT="103"
                   ID="eSc_textblock_cce50e3f"
                   TAGREFS="BT13">
          <Shape><Polygon POINTS="417 485 417 588 693 588 693 487"/></Shape>
          <TextLine ID="eSc_line_2c785c53"
                    TAGREFS="LT8"
                    BASELINE="418 560 687 563" 
                    HPOS="413"
                    VPOS="460"
                    WIDTH="273"
                    HEIGHT="154">
            <Shape><Polygon POINTS="416 558 413 596 606 614 609 614 612 614 683 590 686 561 680 460 606 478 416 466 416 558"/></Shape>
	    <String CONTENT="mat.13.d"
                    HPOS="413"
                    VPOS="460"
                    WIDTH="273"
                    HEIGHT="154"
                    WC="0.9633203819394112"></String>
          </TextLine>
        </TextBlock>
        <TextBlock HPOS="660"
                   VPOS="320"
                   WIDTH="1451"
                   HEIGHT="2709"
                   ID="eSc_textblock_5759965b"
                   TAGREFS="BT12">
          <Shape><Polygon POINTS="720 320 720 487 663 681 702 953 706 1153 660 1267 690 1504 702 1547 702 1990 683 2156 681 2167 696 3023 1414 3029 1818 2997 2111 2987 2111 320"/></Shape>
          <TextLine ID="eSc_line_31da902e"
                    TAGREFS="LT10"
                    BASELINE="788 405 2006 384" 
                    HPOS="786"
                    VPOS="308"
                    WIDTH="1220"
                    HEIGHT="129">
            <Shape><Polygon POINTS="1975 320 1955 318 1947 316 1947 318 1943 322 1933 318 1925 314 1915 314 1895 312 1878 310 1870 314 1717 308 1715 308 1713 308 1685 320 1668 328 1596 322 1505 312 1503 312 1501 312 1474 322 1448 334 1313 334 1295 324 1285 316 1283 316 1281 316 1279 316 1277 316 1252 324 1216 336 1182 328 1180 328 1178 328 1117 338 1101 326 1097 322 1095 322 1093 322 1042 322 1040 322 1038 322 1036 322 1030 326 1004 342 952 342 931 328 927 324 925 324 923 324 921 324 792 328 786 334 788 405 788 421 843 437 845 437 847 437 923 419 927 419 929 419 1006 437 1008 437 1190 415 1226 433 1228 433 1230 433 1232 433 1281 413 1305 431 1307 431 1309 431 1311 431 1313 431 1347 415 1365 429 1367 429 1368 429 1370 431 1452 431 1452 429 1545 411 1590 419 1592 419 1594 419 1596 419 1610 407 1658 423 1660 423 1662 425 1715 425 1715 423 1717 423 1719 423 1739 405 1769 419 1771 419 1773 419 1775 419 1777 419 1777 417 1789 405 1810 419 1812 419 1814 419 1816 419 1876 407 1890 419 1892 419 1894 419 1895 421 1945 421 1945 419 1947 419 2006 397 2006 384 2002 322 1995 322"/></Shape>
	    <String CONTENT="¶ hierosme en son exposition sur sainct"
                    HPOS="786"
                    VPOS="308"
                    WIDTH="1220"
                    HEIGHT="129"
                    WC="0.9896137790802197"></String>
          </TextLine>
          <TextLine ID="eSc_line_aee89c67"
                    TAGREFS="LT10"
                    BASELINE="851 486 1927 469" 
                    HPOS="849"
                    VPOS="401"
                    WIDTH="1078"
                    HEIGHT="117">
            <Shape><Polygon POINTS="851 502 891 518 893 518 895 518 954 506 1061 516 1063 516 1065 516 1067 516 1093 500 1430 510 1432 510 1434 510 1472 494 1588 506 1590 506 1592 506 1628 492 1654 504 1656 504 1658 504 1660 504 1699 490 1802 504 1804 504 1806 504 1808 504 1830 488 1876 502 1878 502 1880 502 1882 502 1927 484 1927 469 1923 417 1858 401 1856 401 1854 401 1852 401 1836 415 1781 403 1779 403 1777 403 1775 403 1775 405 1761 417 1759 417 1685 407 1684 407 1592 419 1561 423 1420 423 1412 419 1392 409 1390 409 1327 409 1325 409 1323 409 1303 419 1297 423 1269 419 1246 417 1244 417 1242 417 1230 419 1204 427 1166 421 1125 413 1123 413 1053 421 968 431 954 421 948 417 947 417 945 417 943 417 849 421 851 486"/></Shape>
	    <String CONTENT="Matthieu au .ii. liure au .iii. chap̃."
                    HPOS="849"
                    VPOS="401"
                    WIDTH="1078"
                    HEIGHT="117"
                    WC="0.9952403871636641"></String>
          </TextLine>
          <TextLine ID="eSc_line_4f6ab90f"
                    TAGREFS="LT8"
                    BASELINE="716 563 972 566 2086 548" 
                    HPOS="710"
                    VPOS="475"
                    WIDTH="1373"
                    HEIGHT="118">
            <Shape><Polygon POINTS="713 561 713 593 1687 593 1687 590 1726 576 1934 587 1949 573 2080 573 2083 546 2077 492 1919 475 1872 492 1812 478 1702 495 1592 481 1485 498 1465 483 1313 501 1248 486 1132 501 1087 489 1075 489 1075 492 1060 504 710 498 713 561"/></Shape>
	    <String CONTENT="¶ Le royaulme des cieulx est semblable au"
                    HPOS="710"
                    VPOS="475"
                    WIDTH="1373"
                    HEIGHT="118"
                    WC="0.998502436207562"></String>
          </TextLine>
          <TextLine ID="eSc_line_d2c1beb1"
                    TAGREFS="LT8"
                    BASELINE="691 655 2084 633" 
                    HPOS="689"
                    VPOS="570"
                    WIDTH="1395"
                    HEIGHT="112">
            <Shape><Polygon POINTS="691 655 691 682 738 673 790 680 806 682 808 682 834 680 903 671 994 676 1052 678 1053 678 1121 673 1204 665 1226 671 1244 674 1246 674 1248 674 1400 673 1402 673 1404 673 1404 671 1410 665 1412 665 1414 665 1426 673 1428 673 1430 673 1432 673 1577 671 1684 659 1705 657 1721 657 1826 667 1828 667 1830 667 1876 655 1953 665 1955 665 2030 653 2062 663 2064 663 2066 663 2068 663 2070 663 2084 651 2084 633 2080 581 1929 574 1927 574 1925 574 1903 583 1901 583 1850 570 1848 570 1846 570 1844 570 1790 583 1745 572 1743 572 1741 572 1739 572 1737 572 1737 574 1721 585 1674 574 1672 574 1670 574 1668 574 1666 574 1650 587 1468 589 1361 577 1359 577 1357 577 1319 593 1313 593 1151 581 1149 581 1147 581 1145 581 1123 597 1075 597 1065 597 1038 583 1036 583 980 583 978 583 976 583 939 599 869 585 867 585 865 585 863 585 843 597 806 589 804 589 802 589 770 599 740 587 738 587 737 587 735 587 689 603 691 655"/></Shape>
	    <String CONTENT="grain de Seneue: que lhõme print et sema en"
                    HPOS="689"
                    VPOS="570"
                    WIDTH="1395"
                    HEIGHT="112"
                    WC="0.9989283748648383"></String>
          </TextLine>
          <TextLine ID="eSc_line_8b82e8bf"
                    TAGREFS="LT8"
                    BASELINE="677 736 2088 714" 
                    HPOS="675"
                    VPOS="647"
                    WIDTH="1413"
                    HEIGHT="117">
            <Shape><Polygon POINTS="677 736 677 764 2088 740 2088 714 2082 647 1921 671 1866 671 1836 653 1830 651 1828 651 1826 651 1824 651 1816 653 1781 669 1761 655 1757 653 1755 653 1753 653 1699 653 1697 653 1630 655 1628 655 1626 655 1620 659 1604 671 1535 663 1519 661 1517 661 1515 661 1509 663 1475 676 1323 676 1309 669 1301 663 1299 663 1297 663 1295 663 1293 663 1279 671 1269 674 1260 671 1246 663 1244 663 1242 663 1194 673 1153 680 1135 674 1109 663 1107 663 1105 663 1103 663 1065 676 1044 682 986 678 849 667 847 667 845 667 802 684 792 688 675 688 677 736"/></Shape>
	    <String CONTENT="son champ: lequel urayemẽt est le plus petit"
                    HPOS="675"
                    VPOS="647"
                    WIDTH="1413"
                    HEIGHT="117"
                    WC="0.998397077454461"></String>
          </TextLine>
          <TextLine ID="eSc_line_fd7b17e6"
                    TAGREFS="LT8"
                    BASELINE="689 814 1460 813 2088 799" 
                    HPOS="683"
                    VPOS="730"
                    WIDTH="1403"
                    HEIGHT="110">
            <Shape><Polygon POINTS="686 813 686 840 2083 831 2086 798 2080 748 1895 730 1893 730 1890 730 1854 748 1851 748 1830 748 1646 733 1643 733 1640 733 1592 748 1580 751 1539 748 1375 736 1372 736 1289 751 1260 757 1084 757 1075 751 1057 739 1054 739 1052 739 1049 739 995 751 977 754 683 754 686 813"/></Shape>
	    <String CONTENT="de toutes semences/ ⁊c.4La predication de le¬"
                    HPOS="683"
                    VPOS="730"
                    WIDTH="1403"
                    HEIGHT="110"
                    WC="0.9972852839363946"></String>
          </TextLine>
          <TextLine ID="eSc_line_f14b7835"
                    TAGREFS="LT8"
                    BASELINE="709 894 1149 898 2086 882" 
                    HPOS="704"
                    VPOS="816"
                    WIDTH="1379"
                    HEIGHT="125">
            <Shape><Polygon POINTS="707 893 707 923 942 941 1007 920 1016 920 1081 938 1212 920 1328 935 1334 935 1369 920 1402 935 1411 935 1459 914 1509 932 1518 932 1580 914 1598 929 1598 932 1607 935 1684 935 1684 932 1717 917 1744 929 1750 929 2080 905 2083 881 2077 816 1476 816 1453 831 1313 819 1277 819 1200 834 1004 822 950 837 704 825 707 893"/></Shape>
	    <String CONTENT="uangile ⁊ la cõgnoissance des escriptures qui"
                    HPOS="704"
                    VPOS="816"
                    WIDTH="1379"
                    HEIGHT="125"
                    WC="0.9873519449130349"></String>
          </TextLine>
          <TextLine ID="eSc_line_4b28753e"
                    TAGREFS="LT8"
                    BASELINE="714 977 2088 967" 
                    HPOS="710"
                    VPOS="899"
                    WIDTH="1376"
                    HEIGHT="110">
            <Shape><Polygon POINTS="713 976 713 1009 2083 994 2086 964 2077 899 710 914 713 976"/></Shape>
	    <String CONTENT="maine a la uie/ est de royaulme des cieulx. Du"
                    HPOS="710"
                    VPOS="899"
                    WIDTH="1376"
                    HEIGHT="110"
                    WC="0.9795214106207308"></String>
          </TextLine>
          <TextLine ID="eSc_line_a665505b"
                    TAGREFS="LT8"
                    BASELINE="716 1060 1444 1060 2088 1049" 
                    HPOS="710"
                    VPOS="979"
                    WIDTH="1376"
                    HEIGHT="110">
            <Shape><Polygon POINTS="713 1059 713 1089 2086 1089 2086 1048 2077 979 710 1000 713 1059"/></Shape>
	    <String CONTENT="quel est dit aux Iuisz? )eroyaulme de dieu"
                    HPOS="710"
                    VPOS="979"
                    WIDTH="1376"
                    HEIGHT="110"
                    WC="0.9986821782021296"></String>
          </TextLine>
          <TextLine ID="eSc_line_d622b232"
                    TAGREFS="LT8"
                    BASELINE="720 1143 2084 1136" 
                    HPOS="716"
                    VPOS="1062"
                    WIDTH="1367"
                    HEIGHT="113">
            <Shape><Polygon POINTS="719 1140 719 1175 2080 1160 2083 1134 2074 1062 1919 1077 1839 1062 1830 1062 1827 1062 1824 1062 1821 1062 1791 1077 1708 1062 1696 1062 1693 1062 1652 1062 1387 1080 1349 1065 1346 1065 1343 1065 1340 1065 1337 1065 1334 1065 1316 1080 1242 1065 1230 1065 1227 1065 1224 1065 1218 1065 1167 1080 1117 1068 1108 1065 1105 1065 1102 1065 716 1068 719 1140"/></Shape>
	    <String CONTENT="uous sera oste: ⁊ sera donne a la gent qͥ en fera"
                    HPOS="716"
                    VPOS="1062"
                    WIDTH="1367"
                    HEIGHT="113"
                    WC="0.9986178351908314"></String>
          </TextLine>
          <TextLine ID="eSc_line_e8c09753"
                    TAGREFS="LT8"
                    BASELINE="692 1228 1083 1233 2078 1217" 
                    HPOS="686"
                    VPOS="1140"
                    WIDTH="1391"
                    HEIGHT="133">
            <Shape><Polygon POINTS="689 1226 689 1273 2074 1241 2077 1214 2074 1157 2020 1140 2017 1140 2014 1140 2011 1140 2008 1140 1991 1157 1988 1160 686 1160 689 1226"/></Shape>
	    <String CONTENT="ses fuictz. Qui est̃ cestuy qui seme/ smnon nr̃e"
                    HPOS="686"
                    VPOS="1140"
                    WIDTH="1391"
                    HEIGHT="133"
                    WC="0.9845204589267572"></String>
          </TextLine>
          <TextLine ID="eSc_line_e3971697"
                    TAGREFS="LT8"
                    BASELINE="674 1313 986 1316 2088 1300" 
                    HPOS="668"
                    VPOS="1241"
                    WIDTH="1418"
                    HEIGHT="115">
            <Shape><Polygon POINTS="671 1312 674 1356 719 1342 867 1353 873 1353 876 1353 879 1353 882 1353 906 1339 2083 1339 2086 1297 2077 1241 668 1247 671 1312"/></Shape>
	    <String CONTENT="sens/ ⁊ nostre couraige leq̃l receoit le grain de"
                    HPOS="668"
                    VPOS="1241"
                    WIDTH="1418"
                    HEIGHT="115"
                    WC="0.9866441512594417"></String>
          </TextLine>
          <TextLine ID="eSc_line_842b19c9"
                    TAGREFS="LT8"
                    BASELINE="683 1401 2090 1381" 
                    HPOS="681"
                    VPOS="1324"
                    WIDTH="1409"
                    HEIGHT="111">
            <Shape><Polygon POINTS="683 1401 683 1421 748 1421 752 1421 792 1435 794 1435 796 1435 798 1435 800 1435 814 1423 867 1433 869 1433 974 1419 992 1417 1006 1419 1101 1431 1103 1431 1105 1431 1145 1417 1153 1415 1188 1417 1319 1423 1321 1423 1382 1413 1402 1411 1408 1413 1422 1425 1424 1425 1426 1425 1428 1427 1505 1427 1505 1425 1507 1425 1539 1413 1543 1409 1618 1409 1626 1411 1662 1423 1664 1423 1666 1423 1668 1423 1707 1411 1709 1411 1888 1419 1890 1419 1945 1407 1967 1403 1987 1407 2028 1417 2030 1417 2090 1405 2090 1381 2084 1324 681 1344 683 1401"/></Shape>
	    <String CONTENT="la Rdication ⁊ noureit la uemẽce par Humeur"
                    HPOS="681"
                    VPOS="1324"
                    WIDTH="1409"
                    HEIGHT="111"
                    WC="0.976304174146869"></String>
          </TextLine>
          <TextLine ID="eSc_line_e2c7d555"
                    TAGREFS="LT8"
                    BASELINE="701 1482 2090 1466" 
                    HPOS="699"
                    VPOS="1401"
                    WIDTH="1391"
                    HEIGHT="111">
            <Shape><Polygon POINTS="701 1482 701 1500 871 1512 873 1512 875 1512 903 1502 941 1510 943 1510 945 1510 947 1510 966 1498 968 1498 1014 1498 1040 1498 1061 1508 1063 1508 1065 1508 1147 1496 1149 1496 1218 1508 1220 1508 1222 1508 1250 1494 1252 1494 1313 1506 1315 1506 1428 1492 1434 1492 1444 1492 1674 1502 1676 1502 1678 1502 1721 1490 1735 1502 1737 1502 1739 1502 1741 1502 1913 1486 1917 1486 1949 1498 1951 1498 1953 1498 1955 1498 1995 1486 2068 1498 2070 1498 2072 1498 2074 1498 2090 1484 2090 1466 2086 1415 2020 1401 2018 1401 1894 1415 1864 1417 1840 1415 1771 1405 1769 1405 1719 1415 1695 1419 1666 1415 1602 1405 1600 1405 1598 1405 1577 1415 1563 1423 1444 1423 1430 1415 1410 1407 1408 1407 1406 1407 1297 1409 1295 1409 1279 1415 1260 1423 1139 1415 1061 1411 1059 1411 1057 1411 1055 1411 1052 1415 1038 1427 996 1415 984 1413 982 1413 980 1413 958 1415 871 1429 832 1415 828 1415 826 1415 824 1415 822 1415 818 1415 782 1429 699 1417 701 1482"/></Shape>
	    <String CONTENT="de foy/ ⁊ le faict pulluler au chamx de nostre"
                    HPOS="699"
                    VPOS="1401"
                    WIDTH="1391"
                    HEIGHT="111"
                    WC="0.9821367911670519"></String>
          </TextLine>
          <TextLine ID="eSc_line_87661fcf"
                    TAGREFS="LT8"
                    BASELINE="715 1557 2082 1549" 
                    HPOS="710"
                    VPOS="1478"
                    WIDTH="1370"
                    HEIGHT="107">
            <Shape><Polygon POINTS="713 1555 713 1585 2077 1579 2080 1546 2074 1493 1670 1478 1667 1478 1664 1478 1613 1493 1242 1481 1239 1481 710 1499 713 1555"/></Shape>
	    <String CONTENT="cueur?? La p̃dication de leuangile est ua moin"
                    HPOS="710"
                    VPOS="1478"
                    WIDTH="1370"
                    HEIGHT="107"
                    WC="0.9997087289457736"></String>
          </TextLine>
          <TextLine ID="eSc_line_cd7f4290"
                    TAGREFS="LT8"
                    BASELINE="715 1640 2084 1633" 
                    HPOS="710"
                    VPOS="1573"
                    WIDTH="1373"
                    HEIGHT="101">
            <Shape><Polygon POINTS="713 1638 713 1674 2080 1674 2083 1630 2074 1573 710 1579 713 1638"/></Shape>
	    <String CONTENT="dre entre toutes les disciplines ⁊ sciences. Car"
                    HPOS="710"
                    VPOS="1573"
                    WIDTH="1373"
                    HEIGHT="101"
                    WC="0.9839786837498347"></String>
          </TextLine>
          <TextLine ID="eSc_line_9731cbca"
                    TAGREFS="LT8"
                    BASELINE="711 1724 2098 1714" 
                    HPOS="707"
                    VPOS="1653"
                    WIDTH="1388"
                    HEIGHT="110">
            <Shape><Polygon POINTS="710 1722 710 1763 882 1748 1105 1757 1161 1760 1164 1760 1167 1760 1170 1760 1173 1757 1197 1745 2092 1745 2095 1713 2089 1656 885 1653 882 1653 707 1668 710 1722"/></Shape>
	    <String CONTENT="pour la p̃miere doctrine/ elle na pas de foy de"
                    HPOS="707"
                    VPOS="1653"
                    WIDTH="1388"
                    HEIGHT="110"
                    WC="0.9996220418747436"></String>
          </TextLine>
          <TextLine ID="eSc_line_ed3f293c"
                    TAGREFS="LT8"
                    BASELINE="727 1808 2096 1797" 
                    HPOS="722"
                    VPOS="1728"
                    WIDTH="1373"
                    HEIGHT="121">
            <Shape><Polygon POINTS="725 1805 725 1849 903 1834 1111 1846 1176 1829 1227 1843 1337 1829 1349 1837 1352 1843 1361 1846 1497 1846 1497 1843 1503 1843 1503 1840 1515 1831 1524 1843 1533 1846 1634 1846 1634 1843 1699 1826 2092 1826 2095 1796 2089 1742 1634 1728 1170 1745 742 1733 722 1745 725 1805"/></Shape>
	    <String CONTENT="uerite: ascauoir annõceant q̃ lhõme soit dieu/"
                    HPOS="722"
                    VPOS="1728"
                    WIDTH="1373"
                    HEIGHT="121"
                    WC="0.9931345457832018"></String>
          </TextLine>
          <TextLine ID="eSc_line_583cdafc"
                    TAGREFS="LT8"
                    BASELINE="713 1890 2100 1882" 
                    HPOS="707"
                    VPOS="1814"
                    WIDTH="1391"
                    HEIGHT="110">
            <Shape><Polygon POINTS="710 1888 710 1921 1907 1924 1910 1924 2098 1906 2098 1879 2092 1826 1167 1814 1164 1814 1161 1814 1099 1829 849 1817 846 1817 707 1831 710 1888"/></Shape>
	    <String CONTENT="⁊ quil soit mort/ aussi annõceant le scãdale de"
                    HPOS="707"
                    VPOS="1814"
                    WIDTH="1391"
                    HEIGHT="110"
                    WC="0.9953398850499368"></String>
          </TextLine>
          <TextLine ID="eSc_line_53475596"
                    TAGREFS="LT8"
                    BASELINE="719 1973 2094 1965" 
                    HPOS="713"
                    VPOS="1903"
                    WIDTH="1379"
                    HEIGHT="113">
            <Shape><Polygon POINTS="716 1971 716 2016 1176 1998 2086 2004 2092 1962 2086 1909 728 1903 725 1903 722 1903 719 1903 719 1906 716 1906 713 1906 716 1971"/></Shape>
	    <String CONTENT="la croix. Cõfere telle maniere de doctrine aux"
                    HPOS="713"
                    VPOS="1903"
                    WIDTH="1379"
                    HEIGHT="113"
                    WC="0.9964957503562278"></String>
          </TextLine>
          <TextLine ID="eSc_line_ea8ba703"
                    TAGREFS="LT8"
                    BASELINE="713 2059 972 2062 2096 2048" 
                    HPOS="707"
                    VPOS="1983"
                    WIDTH="1388"
                    HEIGHT="104">
            <Shape><Polygon POINTS="710 2057 710 2087 2092 2078 2095 2045 2086 1983 707 1992 710 2057"/></Shape>
	    <String CONTENT="doctrines des philolophes/ ⁊ a leurs liures/ et"
                    HPOS="707"
                    VPOS="1983"
                    WIDTH="1388"
                    HEIGHT="104"
                    WC="0.9806424582258184"></String>
          </TextLine>
          <TextLine ID="eSc_line_486c30bb"
                    TAGREFS="LT8"
                    BASELINE="697 2143 2096 2131" 
                    HPOS="692"
                    VPOS="2057"
                    WIDTH="1403"
                    HEIGHT="125">
            <Shape><Polygon POINTS="695 2140 695 2182 2092 2155 2095 2128 2086 2057 1780 2072 1753 2063 1741 2057 1738 2057 1735 2057 1732 2057 1729 2057 1720 2063 1696 2075 1479 2066 1337 2063 1334 2063 1331 2063 1328 2063 1328 2066 1322 2069 1313 2078 1158 2075 912 2066 909 2066 906 2066 903 2066 888 2078 885 2081 867 2078 763 2066 760 2066 692 2081 695 2140"/></Shape>
	    <String CONTENT="a la relucẽce de leur eloquẽce/ ⁊ a la cõpositiõ"
                    HPOS="692"
                    VPOS="2057"
                    WIDTH="1403"
                    HEIGHT="125"
                    WC="0.9937806049218545"></String>
          </TextLine>
          <TextLine ID="eSc_line_830b1e86"
                    TAGREFS="LT8"
                    BASELINE="691 2232 2096 2214" 
                    HPOS="689"
                    VPOS="2149"
                    WIDTH="1407"
                    HEIGHT="111">
            <Shape><Polygon POINTS="691 2232 691 2252 794 2250 804 2254 820 2260 822 2260 824 2260 877 2252 905 2248 915 2252 939 2260 941 2260 943 2260 945 2260 947 2260 960 2250 964 2248 970 2250 990 2258 992 2258 994 2258 1036 2250 1055 2246 1077 2248 1135 2258 1137 2258 1139 2258 1141 2258 1155 2248 1160 2244 1206 2244 1228 2246 1293 2256 1295 2256 1297 2256 1299 2256 1313 2246 1315 2244 1323 2246 1370 2254 1372 2254 1630 2240 1685 2238 1691 2240 1721 2250 1723 2250 1725 2250 1911 2248 2094 2232 2096 2214 2092 2165 2012 2149 2010 2149 2008 2149 1969 2163 1939 2149 1937 2149 1935 2149 1777 2165 1755 2167 1741 2165 1662 2153 1660 2153 1658 2153 1630 2167 1622 2169 1575 2167 1493 2161 1491 2161 1489 2161 1468 2167 1452 2171 1436 2167 1404 2157 1402 2157 1400 2157 1398 2157 1368 2167 1359 2171 1347 2167 1323 2159 1321 2159 1319 2159 1317 2159 1315 2159 1315 2161 1307 2167 1299 2175 1212 2175 1196 2167 1172 2159 1170 2159 1168 2159 1067 2169 974 2177 689 2171 691 2232"/></Shape>
	    <String CONTENT="de leurs parodles: ⁊ tu uerras cõbien est la se¬"
                    HPOS="689"
                    VPOS="2149"
                    WIDTH="1407"
                    HEIGHT="111"
                    WC="0.9809730509105994"></String>
          </TextLine>
          <TextLine ID="eSc_line_545bc669"
                    TAGREFS="LT8"
                    BASELINE="703 2315 2090 2298" 
                    HPOS="701"
                    VPOS="2230"
                    WIDTH="1389"
                    HEIGHT="113">
            <Shape><Polygon POINTS="703 2315 703 2329 832 2343 834 2343 836 2343 861 2329 927 2341 929 2341 988 2331 1160 2339 1162 2339 1164 2339 1196 2325 1305 2337 1307 2337 1309 2337 1357 2325 1620 2333 1622 2333 1727 2319 1775 2331 1777 2331 1779 2331 1781 2331 1783 2331 1796 2319 1808 2329 1810 2329 1812 2329 1814 2329 1895 2317 2034 2327 2036 2327 2038 2327 2090 2313 2090 2298 2084 2230 1995 2244 1947 2232 1933 2230 1931 2230 1929 2230 1921 2234 1890 2246 1794 2236 1767 2234 1765 2234 1763 2234 1761 2234 1759 2238 1743 2248 1682 2238 1644 2234 1642 2234 1640 2234 1626 2240 1606 2250 1543 2242 1489 2236 1487 2236 1485 2236 1483 2236 1483 2238 1475 2244 1466 2252 1434 2246 1398 2238 1396 2238 1394 2238 1378 2246 1368 2252 1351 2248 1337 2244 1335 2244 1333 2244 1267 2250 1206 2254 1196 2250 1166 2240 1164 2240 1162 2240 1071 2242 1069 2242 1044 2254 1040 2256 1032 2254 972 2244 970 2244 968 2244 966 2244 948 2258 945 2260 907 2260 905 2258 889 2244 887 2244 885 2244 883 2244 881 2244 849 2260 847 2260 843 2260 792 2246 790 2246 788 2246 701 2262 703 2315"/></Shape>
	    <String CONTENT="mẽce de leuãgile moindre q̃ toutes les aultres"
                    HPOS="701"
                    VPOS="2230"
                    WIDTH="1389"
                    HEIGHT="113"
                    WC="0.9898766664167246"></String>
          </TextLine>
          <TextLine ID="eSc_line_00d69b6d"
                    TAGREFS="LT8"
                    BASELINE="709 2401 2092 2381" 
                    HPOS="707"
                    VPOS="2310"
                    WIDTH="1385"
                    HEIGHT="122">
            <Shape><Polygon POINTS="709 2401 709 2432 853 2414 998 2414 1038 2426 1044 2428 1046 2428 1048 2428 1050 2428 1055 2426 1091 2414 1129 2424 1131 2424 1133 2424 1135 2424 1137 2424 1151 2412 1194 2412 1216 2422 1222 2426 1224 2426 1226 2426 1228 2426 1240 2422 1273 2412 1367 2420 1380 2420 1382 2420 1384 2420 1388 2420 1428 2408 1493 2418 1531 2422 1533 2422 1535 2422 1553 2416 1565 2412 1596 2416 1644 2420 1646 2420 1648 2420 1676 2414 1699 2408 1745 2412 1810 2418 1812 2418 2092 2405 2092 2381 2088 2325 1872 2310 1870 2310 1868 2310 1866 2310 1848 2325 1828 2317 1826 2317 1824 2317 1822 2317 1792 2327 1787 2327 1779 2327 1717 2315 1715 2315 1634 2327 1630 2327 1628 2327 1537 2315 1535 2315 1533 2315 1495 2329 1487 2331 1479 2329 1444 2315 1442 2315 1440 2315 1438 2315 1404 2329 1394 2333 1384 2329 1353 2317 1351 2317 1285 2317 1283 2317 1281 2317 1252 2331 1248 2331 1232 2331 1141 2321 1139 2321 1137 2321 1103 2331 1089 2335 1085 2331 1075 2323 1075 2321 1073 2321 1071 2321 1002 2321 1000 2321 998 2321 996 2321 996 2323 986 2331 978 2341 887 2341 875 2333 861 2323 859 2323 857 2323 855 2323 707 2333 709 2401"/></Shape>
	    <String CONTENT="semẽces. Mais quãt icelle semẽce de philoso¬"
                    HPOS="707"
                    VPOS="2310"
                    WIDTH="1385"
                    HEIGHT="122"
                    WC="0.9847116470336914"></String>
          </TextLine>
          <TextLine ID="eSc_line_7371f767"
                    TAGREFS="LT8"
                    BASELINE="707 2484 2098 2466" 
                    HPOS="705"
                    VPOS="2399"
                    WIDTH="1393"
                    HEIGHT="116">
            <Shape><Polygon POINTS="707 2484 707 2505 742 2502 748 2505 760 2513 762 2513 764 2513 766 2515 766 2513 768 2513 770 2513 782 2505 790 2500 877 2500 907 2503 964 2511 966 2511 968 2511 1004 2502 1014 2500 1020 2502 1038 2509 1040 2509 1042 2509 1044 2509 1065 2502 1073 2498 1079 2502 1093 2509 1095 2509 1097 2509 1099 2509 1101 2509 1121 2500 1127 2498 1143 2500 1180 2505 1182 2505 1184 2505 1206 2500 1218 2496 1236 2498 1297 2507 1299 2507 1301 2507 1345 2496 1359 2494 1374 2496 1432 2505 1434 2505 1436 2505 1474 2494 1485 2492 1531 2494 1678 2502 1680 2502 1682 2502 1705 2492 1709 2490 1711 2492 1741 2502 1743 2502 1745 2502 1941 2500 2096 2484 2098 2466 2094 2403 1941 2399 1939 2399 1937 2399 1917 2405 1892 2414 1771 2414 1745 2408 1731 2405 1729 2405 1727 2405 1687 2408 1630 2416 1598 2410 1563 2405 1561 2405 1559 2405 1543 2412 1537 2416 1236 2420 1218 2418 1170 2408 1168 2408 1166 2408 1164 2408 1149 2418 1143 2422 1133 2418 1107 2410 1105 2410 1103 2410 1101 2410 1099 2410 1089 2420 1085 2422 1069 2420 1020 2414 1018 2414 1016 2414 990 2422 980 2424 958 2422 861 2412 859 2412 705 2426 707 2484"/></Shape>
	    <String CONTENT="phie est creute: il ny a riens de poignant/ riẽs"
                    HPOS="705"
                    VPOS="2399"
                    WIDTH="1393"
                    HEIGHT="116"
                    WC="0.9880846605008963"></String>
          </TextLine>
          <TextLine ID="eSc_line_0cf167ee"
                    TAGREFS="LT8"
                    BASELINE="709 2561 2100 2549" 
                    HPOS="707"
                    VPOS="2486"
                    WIDTH="1393"
                    HEIGHT="103">
            <Shape><Polygon POINTS="709 2561 709 2577 895 2589 897 2589 1008 2577 1040 2587 1042 2587 1044 2587 1157 2577 1319 2585 1321 2585 1323 2585 1357 2575 1394 2585 1396 2585 1398 2585 1470 2573 1472 2573 1479 2573 1731 2581 1733 2581 1735 2581 1771 2571 1773 2571 1890 2579 1892 2579 1941 2569 1943 2569 1945 2569 1969 2579 1971 2579 1973 2579 1975 2579 2010 2569 2034 2579 2036 2579 2038 2579 2098 2567 2100 2549 2096 2498 1884 2486 1882 2486 1880 2486 1878 2486 1862 2498 1860 2498 1850 2498 1796 2488 1794 2488 1792 2488 1790 2488 1777 2498 1775 2498 1749 2498 1644 2490 1642 2490 1640 2490 1638 2490 1638 2492 1632 2498 1630 2498 1628 2498 1618 2490 1616 2490 1614 2490 1612 2490 1547 2498 1515 2500 1493 2498 1452 2490 1450 2490 1448 2490 1420 2498 1398 2502 1337 2498 1275 2492 1273 2492 1246 2498 1218 2502 1194 2498 1178 2494 1176 2494 1174 2494 1172 2494 1170 2498 1160 2503 1089 2498 1052 2494 1050 2494 1018 2498 937 2505 907 2498 903 2496 901 2496 899 2496 881 2498 794 2505 707 2498 709 2561"/></Shape>
	    <String CONTENT="de uif/ ne riens qui monstre uie: mais est toute"
                    HPOS="707"
                    VPOS="2486"
                    WIDTH="1393"
                    HEIGHT="103"
                    WC="0.9898153580725193"></String>
          </TextLine>
          <TextLine ID="eSc_line_6e7f57fe"
                    TAGREFS="LT8"
                    BASELINE="713 2650 2094 2630" 
                    HPOS="711"
                    VPOS="2567"
                    WIDTH="1383"
                    HEIGHT="117">
            <Shape><Polygon POINTS="713 2650 715 2684 748 2668 849 2666 956 2680 966 2680 968 2680 970 2680 972 2680 994 2664 1040 2678 1042 2678 1044 2678 1046 2678 1052 2678 1127 2662 1289 2672 1319 2674 1321 2674 1323 2674 1329 2672 1365 2660 1460 2670 1493 2672 1495 2672 1515 2668 1569 2656 1582 2668 1584 2670 1586 2670 1588 2670 1590 2670 1616 2666 1685 2654 1723 2664 1725 2664 1727 2664 1729 2664 1733 2664 1779 2654 1794 2662 1804 2668 1806 2668 1808 2668 1979 2664 1981 2664 1983 2664 1989 2658 2002 2650 2032 2658 2056 2664 2058 2664 2060 2664 2094 2656 2094 2630 2088 2579 1919 2579 1878 2567 1876 2567 1874 2567 1872 2567 1870 2567 1856 2579 1818 2571 1816 2571 1737 2581 1695 2569 1693 2569 1691 2569 1577 2583 1541 2569 1539 2569 1537 2569 1535 2569 1477 2587 1380 2587 1351 2575 1349 2575 1347 2575 1285 2587 1267 2573 1265 2573 1263 2573 1262 2573 1260 2573 1226 2587 1081 2577 1079 2577 1077 2577 1050 2591 1020 2577 1018 2577 1016 2577 1014 2577 976 2595 913 2595 849 2579 847 2579 733 2581 731 2581 729 2581 711 2593 713 2650"/></Shape>
	    <String CONTENT="foible ⁊ matte: et toute molle se boute hors en"
                    HPOS="711"
                    VPOS="2567"
                    WIDTH="1383"
                    HEIGHT="117"
                    WC="0.9981548583253901"></String>
          </TextLine>
          <TextLine ID="eSc_line_d3de99e9"
                    TAGREFS="LT8"
                    BASELINE="711 2731 2098 2717" 
                    HPOS="709"
                    VPOS="2654"
                    WIDTH="1389"
                    HEIGHT="107">
            <Shape><Polygon POINTS="711 2731 711 2761 909 2745 1042 2745 1052 2755 1055 2759 1057 2759 1059 2759 1061 2759 1125 2753 1236 2743 1267 2751 1287 2755 1289 2755 1291 2757 1444 2757 1444 2755 1489 2745 1515 2741 1531 2745 1557 2753 1559 2753 1561 2753 1563 2753 1565 2753 1575 2745 1582 2739 1654 2739 1664 2743 1687 2753 1689 2753 1691 2753 1693 2753 1695 2753 1709 2741 1717 2737 1785 2737 1790 2739 1812 2751 1814 2751 1816 2751 1943 2739 2050 2749 2052 2749 2054 2749 2098 2733 2098 2717 2092 2658 1886 2666 1858 2660 1822 2654 1820 2654 1818 2654 1792 2662 1779 2666 1737 2662 1674 2658 1672 2658 1636 2664 1616 2668 1594 2666 1527 2656 1525 2656 1523 2656 1521 2656 1503 2666 1501 2668 1497 2668 1468 2658 1466 2658 1464 2658 1462 2658 1440 2668 1430 2658 1428 2658 1426 2658 1347 2658 1345 2658 1343 2658 1341 2658 1323 2670 1321 2672 1093 2674 1083 2674 976 2662 974 2662 972 2662 970 2662 952 2674 911 2664 909 2664 907 2664 905 2664 903 2664 889 2676 733 2664 731 2664 729 2664 727 2664 709 2674 711 2731"/></Shape>
	    <String CONTENT="herbes et en porees: lesquelles incontinent se"
                    HPOS="709"
                    VPOS="2654"
                    WIDTH="1389"
                    HEIGHT="107"
                    WC="0.9709996840228206"></String>
          </TextLine>
          <TextLine ID="eSc_line_e6bc1a28"
                    TAGREFS="LT8"
                    BASELINE="713 2816 2092 2800" 
                    HPOS="711"
                    VPOS="2731"
                    WIDTH="1381"
                    HEIGHT="117">
            <Shape><Polygon POINTS="713 2816 713 2840 723 2848 725 2848 727 2848 729 2848 731 2848 750 2838 756 2836 818 2836 822 2838 832 2846 834 2846 836 2846 838 2846 840 2846 869 2838 885 2834 935 2838 1000 2842 1002 2842 1053 2838 1105 2832 1113 2836 1123 2844 1125 2844 1127 2844 1129 2844 1172 2836 1200 2832 1230 2836 1262 2842 1263 2842 1265 2842 1267 2842 1273 2836 1281 2830 1345 2830 1365 2836 1382 2842 1384 2842 1386 2842 1565 2840 1567 2840 1569 2840 1573 2836 1586 2826 1695 2836 1729 2838 1731 2838 1733 2838 1735 2838 1735 2836 1737 2836 1749 2824 1804 2836 1812 2836 1814 2836 1842 2836 2024 2826 2088 2834 2092 2800 2086 2737 1989 2743 1959 2739 1917 2731 1915 2731 1870 2739 1842 2745 1816 2741 1769 2733 1767 2733 1711 2743 1685 2747 1672 2743 1642 2735 1640 2735 1638 2735 1636 2735 1634 2735 1622 2745 1620 2747 1608 2745 1573 2737 1571 2737 1569 2737 1539 2745 1533 2747 1523 2747 1448 2737 1446 2737 1444 2737 1408 2749 1398 2751 1394 2749 1384 2741 1382 2741 1380 2741 1378 2741 1319 2751 1309 2751 1303 2751 1265 2739 1263 2739 1262 2739 1260 2739 1228 2751 1224 2753 1212 2751 1133 2741 1131 2741 1129 2741 1127 2741 1107 2753 1042 2745 1040 2745 1038 2745 1036 2745 1022 2755 1020 2755 1016 2755 845 2745 843 2745 842 2745 814 2757 737 2745 735 2745 733 2745 731 2745 711 2755 713 2816"/></Shape>
	    <String CONTENT="seichent ⁊ tresbuchent. Mais la p̃dicatiõ qui"
                    HPOS="711"
                    VPOS="2731"
                    WIDTH="1381"
                    HEIGHT="117"
                    WC="0.9772995723330457"></String>
          </TextLine>
          <TextLine ID="eSc_line_78457f6e"
                    TAGREFS="LT8"
                    BASELINE="713 2895 2088 2882" 
                    HPOS="711"
                    VPOS="2818"
                    WIDTH="1377"
                    HEIGHT="109">
            <Shape><Polygon POINTS="713 2895 713 2915 740 2927 742 2927 744 2927 746 2927 796 2915 798 2915 840 2923 842 2923 958 2913 968 2913 974 2913 1042 2925 1044 2925 1170 2911 1178 2911 1184 2911 1299 2923 1301 2923 1365 2921 1367 2921 1368 2921 1382 2909 1400 2917 1402 2917 1404 2917 1503 2907 1517 2907 1519 2907 1535 2919 1537 2919 1539 2919 1541 2919 1543 2919 1575 2907 1577 2905 1691 2905 1695 2905 1713 2917 1715 2917 1717 2917 1719 2917 1836 2907 1888 2917 1890 2917 1892 2917 1943 2903 1949 2903 2086 2903 2088 2882 2084 2834 2012 2818 2010 2818 2008 2818 2006 2818 1991 2832 1961 2818 1959 2818 1957 2818 1888 2834 1886 2836 1812 2836 1759 2836 1739 2820 1737 2820 1735 2820 1733 2820 1606 2836 1600 2838 1162 2840 1158 2840 1135 2826 1133 2826 1131 2826 1129 2826 1081 2840 1071 2844 1016 2844 1010 2840 992 2828 990 2828 988 2828 986 2828 843 2830 842 2830 840 2830 826 2842 822 2844 804 2842 729 2830 727 2830 725 2830 723 2830 711 2836 713 2895"/></Shape>
	    <String CONTENT="sembloit petite au commencement/ quant elle"
                    HPOS="711"
                    VPOS="2818"
                    WIDTH="1377"
                    HEIGHT="109"
                    WC="0.9849317448083744"></String>
          </TextLine>
          <TextLine ID="eSc_line_76e535e5"
                    TAGREFS="LT8"
                    BASELINE="705 2983 2084 2965" 
                    HPOS="703"
                    VPOS="2899"
                    WIDTH="1381"
                    HEIGHT="147">
            <Shape><Polygon POINTS="705 2983 705 3022 800 3018 810 3024 834 3040 836 3040 838 3040 907 3044 909 3046 982 3046 982 3044 984 3044 1008 3032 1162 3042 1164 3042 1166 3042 1168 3042 1202 3016 1204 3016 1236 3026 1238 3026 1240 3026 1285 3018 1365 3038 1367 3038 1368 3038 1370 3038 1412 3026 1466 3036 1468 3036 1470 3036 1472 3036 1487 3024 1513 3036 1515 3036 1517 3036 1584 3024 1741 3034 1743 3034 1745 3034 1800 3006 1804 3004 1834 3006 1941 3012 1943 3012 1945 3012 1947 3012 1957 3004 1961 3002 2082 3002 2084 2965 2082 2913 2048 2899 2046 2899 2044 2899 1951 2913 1901 2901 1899 2901 1897 2901 1895 2901 1854 2915 1852 2915 1763 2905 1761 2905 1759 2905 1757 2905 1739 2917 1737 2919 1610 2919 1602 2919 1517 2905 1515 2905 1414 2921 1410 2921 1400 2921 1164 2909 1162 2909 1160 2909 1158 2909 1137 2925 1103 2911 1101 2911 1099 2911 1097 2911 1095 2911 1077 2925 1077 2927 947 2927 943 2927 851 2913 849 2913 742 2915 740 2915 703 2927 705 2983"/></Shape>
	    <String CONTENT="est semee en lame du croyãt ou en tout le mõ¬"
                    HPOS="703"
                    VPOS="2899"
                    WIDTH="1381"
                    HEIGHT="147"
                    WC="0.9925068388593957"></String>
          </TextLine>
        </TextBlock>
        <TextBlock HPOS="373"
                   VPOS="747"
                   WIDTH="334"
                   HEIGHT="594"
                   ID="eSc_textblock_15e7567b"
                   TAGREFS="BT13">
          <Shape><Polygon POINTS="419 747 402 849 373 989 401 1197 389 1341 669 1341 623 1206 703 1163 707 954 671 884 671 749"/></Shape>
          <TextLine ID="eSc_line_741b2df9"
                    TAGREFS="LT8"
                    BASELINE="416 815 665 815" 
                    HPOS="413"
                    VPOS="718"
                    WIDTH="249"
                    HEIGHT="122">
            <Shape><Polygon POINTS="413 813 413 840 662 834 662 813 662 733 413 718 413 813"/></Shape>
	    <String CONTENT="La predi"
                    HPOS="413"
                    VPOS="718"
                    WIDTH="249"
                    HEIGHT="122"
                    WC="0.9984491094946861"></String>
          </TextLine>
          <TextLine ID="eSc_line_102c1637"
                    TAGREFS="LT8"
                    BASELINE="402 892 661 894" 
                    HPOS="398"
                    VPOS="822"
                    WIDTH="261"
                    HEIGHT="89">
            <Shape><Polygon POINTS="401 890 398 911 656 911 659 893 653 822 401 822 401 890"/></Shape>
	    <String CONTENT="catiõ de"
                    HPOS="398"
                    VPOS="822"
                    WIDTH="261"
                    HEIGHT="89"
                    WC="0.9541784524917603"></String>
          </TextLine>
          <TextLine ID="eSc_line_937c5dac"
                    TAGREFS="LT8"
                    BASELINE="388 979 692 977" 
                    HPOS="386"
                    VPOS="899"
                    WIDTH="303"
                    HEIGHT="107">
            <Shape><Polygon POINTS="386 976 386 1000 686 1006 689 976 686 899 386 902 386 976"/></Shape>
	    <String CONTENT="leuãgile"
                    HPOS="386"
                    VPOS="899"
                    WIDTH="303"
                    HEIGHT="107"
                    WC="0.9998232192463345"></String>
          </TextLine>
          <TextLine ID="eSc_line_a6402a57"
                    TAGREFS="LT8"
                    BASELINE="392 1060 692 1060" 
                    HPOS="389"
                    VPOS="997"
                    WIDTH="300"
                    HEIGHT="98">
            <Shape><Polygon POINTS="389 1059 389 1077 433 1095 436 1095 439 1095 689 1077 689 1059 686 997 389 997 389 1059"/></Shape>
	    <String CONTENT="est le roy"
                    HPOS="389"
                    VPOS="997"
                    WIDTH="300"
                    HEIGHT="98"
                    WC="0.9963425695896149"></String>
          </TextLine>
          <TextLine ID="eSc_line_857ab1d6"
                    TAGREFS="LT8"
                    BASELINE="406 1144 692 1143" 
                    HPOS="401"
                    VPOS="1065"
                    WIDTH="288"
                    HEIGHT="101">
            <Shape><Polygon POINTS="404 1143 404 1157 686 1166 689 1140 680 1065 401 1083 404 1143"/></Shape>
	    <String CONTENT="aul me ð"
                    HPOS="401"
                    VPOS="1065"
                    WIDTH="288"
                    HEIGHT="101"
                    WC="0.9916175305843353"></String>
          </TextLine>
          <TextLine ID="eSc_line_15f761ed"
                    TAGREFS="LT8"
                    BASELINE="412 1225 577 1227" 
                    HPOS="407"
                    VPOS="1157"
                    WIDTH="169"
                    HEIGHT="93">
            <Shape><Polygon POINTS="410 1223 407 1250 573 1244 576 1226 573 1163 410 1157 410 1223"/></Shape>
	    <String CONTENT="dieu."
                    HPOS="407"
                    VPOS="1157"
                    WIDTH="169"
                    HEIGHT="93"
                    WC="0.991287910938263"></String>
          </TextLine>
          <TextLine ID="eSc_line_a27f5683"
                    TAGREFS="LT8"
                    BASELINE="398 1310 646 1313" 
                    HPOS="392"
                    VPOS="1247"
                    WIDTH="252"
                    HEIGHT="139">
            <Shape><Polygon POINTS="395 1309 392 1386 641 1377 644 1312 644 1247 395 1247 395 1309"/></Shape>
	    <String CONTENT="mat.21.c"
                    HPOS="392"
                    VPOS="1247"
                    WIDTH="252"
                    HEIGHT="139"
                    WC="0.9393463507294655"></String>
          </TextLine>
        </TextBlock>
        <TextBlock HPOS="997"
                   VPOS="187"
                   WIDTH="719"
                   HEIGHT="116"
                   ID="eSc_textblock_88718239"
                   TAGREFS="BT18">
          <Shape><Polygon POINTS="997 187 997 303 1716 303 1716 187"/></Shape>
          <TextLine ID="eSc_line_29354960"
                    TAGREFS="LT10"
                    BASELINE="1008 283 1699 269" 
                    HPOS="1006"
                    VPOS="184"
                    WIDTH="693"
                    HEIGHT="124">
            <Shape><Polygon POINTS="1660 188 1640 188 1620 188 1604 188 1602 190 1592 197 1489 197 1483 193 1472 186 1462 186 1442 186 1434 186 1404 193 1357 184 1341 184 1323 184 1218 201 1178 186 1176 186 1174 186 1172 186 1119 203 1028 188 1026 190 1018 193 1006 203 1008 283 1008 308 1107 296 1168 296 1186 308 1188 308 1190 308 1192 308 1194 308 1196 308 1196 306 1210 294 1224 304 1226 304 1228 304 1230 304 1291 294 1367 306 1374 306 1376 306 1378 306 1380 306 1426 292 1452 304 1454 304 1456 304 1458 304 1521 288 1561 288 1577 300 1577 302 1579 302 1580 302 1582 302 1699 300 1699 269 1695 197 1680 192"/></Shape>
	    <String CONTENT="Des mandemẽs"
                    HPOS="1006"
                    VPOS="184"
                    WIDTH="693"
                    HEIGHT="124"
                    WC="0.9999997340715848"></String>
          </TextLine>
        </TextBlock>
        <TextBlock HPOS="411"
                   VPOS="1494"
                   WIDTH="294"
                   HEIGHT="683"
                   ID="eSc_textblock_b0419465"
                   TAGREFS="BT13">
          <Shape><Polygon POINTS="411 1494 411 2177 637 2175 705 1981 705 1975 703 1494"/></Shape>
          <TextLine ID="eSc_line_ea72f6a4"
                    TAGREFS="LT8"
                    BASELINE="420 1559 691 1557" 
                    HPOS="416"
                    VPOS="1443"
                    WIDTH="273"
                    HEIGHT="142">
            <Shape><Polygon POINTS="419 1558 419 1585 686 1576 689 1555 683 1445 416 1443 419 1558"/></Shape>
	    <String CONTENT="La doc¬"
                    HPOS="416"
                    VPOS="1443"
                    WIDTH="273"
                    HEIGHT="142"
                    WC="0.9999971560069493"></String>
          </TextLine>
          <TextLine ID="eSc_line_1bb824ec"
                    TAGREFS="LT8"
                    BASELINE="418 1642 691 1641" 
                    HPOS="413"
                    VPOS="1567"
                    WIDTH="276"
                    HEIGHT="89">
            <Shape><Polygon POINTS="416 1641 416 1656 689 1653 689 1638 680 1567 413 1573 416 1641"/></Shape>
	    <String CONTENT="trine de"
                    HPOS="413"
                    VPOS="1567"
                    WIDTH="276"
                    HEIGHT="89"
                    WC="0.9968365430831909"></String>
          </TextLine>
          <TextLine ID="eSc_line_2b5431d9"
                    TAGREFS="LT8"
                    BASELINE="420 1726 685 1724" 
                    HPOS="416"
                    VPOS="1644"
                    WIDTH="267"
                    HEIGHT="113">
            <Shape><Polygon POINTS="419 1725 419 1745 677 1757 683 1722 677 1644 436 1644 433 1644 430 1644 427 1644 416 1653 419 1725"/></Shape>
	    <String CONTENT="leuangi"
                    HPOS="416"
                    VPOS="1644"
                    WIDTH="267"
                    HEIGHT="113"
                    WC="0.9996571455683027"></String>
          </TextLine>
          <TextLine ID="eSc_line_8bd1f837"
                    TAGREFS="LT8"
                    BASELINE="420 1811 687 1809" 
                    HPOS="419"
                    VPOS="1731"
                    WIDTH="267"
                    HEIGHT="109">
            <Shape><Polygon POINTS="419 1808 419 1829 683 1840 686 1808 683 1736 481 1745 478 1745 466 1733 466 1731 463 1731 460 1731 457 1731 454 1731 419 1745 419 1808"/></Shape>
	    <String CONTENT="le est la"
                    HPOS="419"
                    VPOS="1731"
                    WIDTH="267"
                    HEIGHT="109"
                    WC="0.9999905294842191"></String>
          </TextLine>
          <TextLine ID="eSc_line_81606443"
                    TAGREFS="LT8"
                    BASELINE="420 1892 689 1890" 
                    HPOS="416"
                    VPOS="1811"
                    WIDTH="270"
                    HEIGHT="104">
            <Shape><Polygon POINTS="490 1811 487 1811 416 1829 419 1891 419 1909 680 1915 686 1888 680 1829 493 1811 490 1811"/></Shape>
	    <String CONTENT="moindre"
                    HPOS="416"
                    VPOS="1811"
                    WIDTH="270"
                    HEIGHT="104"
                    WC="0.9993321640150887"></String>
          </TextLine>
          <TextLine ID="eSc_line_57d2f3a8"
                    TAGREFS="LT8"
                    BASELINE="416 1975 697 1973" 
                    HPOS="410"
                    VPOS="1888"
                    WIDTH="285"
                    HEIGHT="101">
            <Shape><Polygon POINTS="677 1891 674 1891 653 1903 410 1903 413 1974 413 1989 695 1989 695 1971 680 1888 677 1888 677 1891"/></Shape>
	    <String CONTENT="ẽtre tou¬"
                    HPOS="410"
                    VPOS="1888"
                    WIDTH="285"
                    HEIGHT="101"
                    WC="0.9741528451442718"></String>
          </TextLine>
          <TextLine ID="eSc_line_1d81ca45"
                    TAGREFS="LT8"
                    BASELINE="421 2056 654 2059" 
                    HPOS="416"
                    VPOS="1986"
                    WIDTH="237"
                    HEIGHT="98">
            <Shape><Polygon POINTS="419 2054 416 2084 650 2084 653 2057 650 1989 419 1986 419 2054"/></Shape>
	    <String CONTENT="tes les"
                    HPOS="416"
                    VPOS="1986"
                    WIDTH="237"
                    HEIGHT="98"
                    WC="0.999971193926675"></String>
          </TextLine>
          <TextLine ID="eSc_line_2fd2679f"
                    TAGREFS="LT8"
                    BASELINE="421 2145 638 2143" 
                    HPOS="416"
                    VPOS="2057"
                    WIDTH="219"
                    HEIGHT="163">
            <Shape><Polygon POINTS="451 2057 448 2057 416 2069 419 2143 419 2214 499 2220 502 2220 635 2188 635 2140 630 2060 454 2057 451 2057"/></Shape>
	    <String CONTENT="soiẽces."
                    HPOS="416"
                    VPOS="2057"
                    WIDTH="219"
                    HEIGHT="163"
                    WC="0.971640494134691"></String>
          </TextLine>
        </TextBlock>
        <TextBlock HPOS="1848"
                   VPOS="2994"
                   WIDTH="254"
                   HEIGHT="85"
                   ID="eSc_textblock_f4b63328"
                   TAGREFS="BT17">
          <Shape><Polygon POINTS="1848 2994 1848 3079 2102 3079 2102 2994"/></Shape>
          <TextLine ID="eSc_line_ac092f93"
                    TAGREFS="LT8"
                    BASELINE="1856 3054 2096 3054" 
                    HPOS="1856"
                    VPOS="2975"
                    WIDTH="240"
                    HEIGHT="142">
            <Shape><Polygon POINTS="1856 3054 1856 3089 1931 3087 1951 3097 1985 3117 1987 3117 1989 3117 2096 3109 2096 3054 2096 2977 2010 2975 2008 2975 2006 2975 2004 2975 1997 2983 1983 2992 1927 2992 1913 2986 1880 2977 1878 2977 1876 2977 1874 2977 1872 2977 1856 2986 1856 3054"/></Shape>
	    <String CONTENT="de: elle"
                    HPOS="1856"
                    VPOS="2975"
                    WIDTH="240"
                    HEIGHT="142"
                    WC="0.9995039626955986"></String>
          </TextLine>
        </TextBlock>
      </PrintSpace>
    </Page>
  </Layout>
</alto>
