2212 3563
139 252 1412 154 ge: etle nego/⁊ pas en porees/ mais crotEe¬

151 374 1374 124 ung arbre? utellement q̃ les oyseaux du ciel (q̃

154 451 1365 133 nous debuõs entendre les ames des croyans/

163 540 1359 119 ou les forces rẽdues au seruice de dieu) y uien

157 620 1380 125 nent ⁊ demeurent en ses branches. Ie estime

145 694 1383 137 que les branches de larbre euãgelicque qui est

139 792 1383 125 creu du grain de Seneue/ sont les diuers do¬

142 864 1380 151 cumentz/ sur lesquelz ung chascun de ces oy¬

162 967 651 123 seaux predictz repose.

265 1037 1148 126 ¶ Ambroise/ au liure du sacrement de

419 1136 832 109 lincarnation du seigneur/

572 1221 546 105 au .ix. Chapitre.

152 1288 1374 131 ¶ Si on cõcede aussi en ceste argumentation

144 1373 1388 129 ce que demãdent quon leur cõcede ceulx qͥ de¬

146 1460 1390 123 sirent de trouuer lentree de cõtẽtion: ilz ne peu

148 1545 1398 115 uent trouuer le cõmencement de disputer: et ce

162 1627 1402 112 au lieu/ ou il ꝯa ꝯdus grcuedde coRtion des ar¬

168 1704 1390 128 gumentz de la disputatiõ q̃ de lexamen de ue¬

154 1778 1394 134 rite.? Car ceste est la gloire des arguataarteͬ

151 1858 1380 146 q̃ de estre estimez uaincre par parolle/ ⁊ de refel

152 1953 1374 121 ler ⁊ debouter la uerite. Au cõtraire/ la diffini

152 2034 1378 133 tion de la foy/ cest que la uerite soit manife¬

154 2121 1380 131 stee/ ⁊ non point les parolles. Finablement la

162 2211 1372 118 simple uerite des pescheurs a forclos les pa¬

166 2306 733 106 rolles des philosophes.

223 2365 1341 131 ¶ Hierosme ou xlogue de lepistre ad Gala

354 2460 1095 113 tas/ au .iii. liure de son exposition.

166 2529 1388 140 ¶ Aussi maintenãt sõt ces choses icy lamen¬

154 2609 1380 128 tees en leglise: que en ayant perdu la simples¬

160 2713 1383 119 se apostolicq̃/ ⁊ la purete des parolles/ on con¬

157 2785 1389 130 uient maintenãt ensemble cõe au heu Dathe

154 2874 1389 160 nes/ ⁊ aux auditoires/ poͬ esmornoir la dele¬

422 136 1055 160 des hõmes. Cha.4.

1596 170 168 105 2o

1584 276 283 112 dert.32.a

1584 359 280 110 Poͬ les

1546 442 306 125 oyseaux

1546 593 267 27 C  C O HM

1546 593 267 30 DeD OD C

1554 599 274 113 sõt entẽ¬

1548 685 268 116 dues les

1540 777 276 110 ames des

1540 869 243 104 croyãs.

1566 1745 262 128 La gloi¬

1548 1843 274 92 re des ac

1558 1933 267 99 gumen¬

1546 2019 269 87 tateurs.

1546 2100 279 101 1.corĩ.1.d

1572 2514 262 125 Deq̃lles

1554 2603 217 104 choses

1563 2704 277 81 mainte¬

1572 2782 262 98 nãt se la

1560 2868 274 101 mente le

1566 2954 167 125 glise.

1040 2948 511 136 CC ctation
