2211 3563
923 136 711 133 Des mandemens

671 269 1391 122 ctatiõ de ceulx qͥ sont autour: affin q̃ loraison

675 358 1393 115 de lart de Rhetoricque fardee de mẽsonge uiẽ¬

677 449 1393 105 ne aux disputatiõs publicques cõe une pail¬

677 530 1389 109 lardelle: non pas tant pour enseigner le peu¬

659 619 1405 101 ple/ que pour acquester la saueur du peuple/ ⁊

647 696 1415 105 pour attirer les sens des auditeurs/ a la ma¬

647 779 1413 107 niere du psalterion ⁊ de la trompette chantãt

665 853 1395 118 doulcemẽt. Tellemẽt q̃ ce dict du ꝓphete Eze¬

671 944 1397 103 chiel peult ueritablement cõuenir a noz tẽps/

692 1021 1364 122 la ou le seigneur luy dit. Et leur est faict com

667 1104 1383 107 me la uoix de la harpe doulcement chantant

645 1189 1405 119 ⁊ bien compose: ⁊ escoutent tes parolles/ et ne

631 1274 422 93 les font pas.

659 1342 1403 130 ¶ Combien en va il maintenant qui lise Ari¬

677 1440 1376 112 stote: combien sont ilz qui cõgnoissent les li¬

683 1508 1370 128 ures ou le nom de Platon? A grand peine ont

677 1594 1376 122 memoire les anciens de eulx qui sont boutez

677 1692 1382 101 cõme oyseaux aux angletz. Mais tout le mõ

671 1769 1399 107 de parle de noz rusticques ⁊ pescheurs: tout le

683 1843 1382 122 monde en sonne. Parquoy doncques leurs pa

663 1935 1399 121 rolles simples doibuent estre manifestees par

659 2021 490 102 parolle simple.

826 2102 1077 118 ¶ Augustin ad Uolusianum en la

1079 2195 525 91 premiere epistre.

683 2256 1376 122 ¶ Ie admonneste principalement que tu lise

677 2348 1388 119 les parolles des Apostres. Car par icelles se¬

674 2428 1391 113 ras tu esmeu de uouloir congnoistre les pro¬

680 2517 1382 128 phetes desquelles les Apostrẽs usent de leurs

671 2603 479 107 tesmoignages.

754 2684 1227 120 ¶ Augustin des nopces ⁊ de concupiscẽ¬

915 2773 885 115 ce ad Ualerium/ au .ii. liure/

1038 2856 624 138 au .xxix. Chapitre.

359 991 297 146 Eze.33.g

383 1345 241 98 Contre

362 1431 276 101 Aristote

371 1508 291 104 ⁊ les phi

377 1585 205 92 loso¬

377 1683 205 98 phes.

368 1829 294 121 1.corĩ.2.a

365 2217 294 152 Les pa¬

377 2345 202 86 rolles

368 2422 282 101 des Apo

371 2511 250 89 stres se

362 2577 265 133 doibuẽt

360 2670 202 128 lire.

1763 2931 275 127 ¶ Mais
