2212 3563
491 170 1014 138 des hõmes. Chap̃.xi.

201 298 1399 129 ¶ Mais que diray ie de ceulx qui traictẽt les

200 395 1382 103 diuines escriptures/ qui ont floury en leglise

207 475 1365 114 catholicq̃? cõment ilz ne se sont pas efforce de

201 562 1369 107 les tourner en autre sens/ poͬce qͥlz estoiẽt fer

190 635 1397 107 mes en la tres anciẽne ⁊ la tresforte foy: et ne¬

187 715 1394 128 stoiẽt pas esmeu de nouuellete derreͬ. * Que si

181 810 1394 101 ie les ueulx recueillir ⁊ user de leͬs tesmoigna

196 896 1373 116 ges/ aussi seroit il trop lõg/ ⁊ si seroye par ad¬

190 967 1379 107 uenture estime/ que sur le moins ie useroie des

184 1051 1382 109 auctoritez canonicques/ desquelles nullement

182 1152 740 97 ne debuons destourner.

178 1211 1385 157 Hieremie.7.E. ¶ Mettez uoz ho¬

175 1345 1394 121 locaustes auec uoz oblatiõs: ⁊ men¬

178 1451 1397 149 gez les chairs: car ie nay point parle

182 1575 1408 135 auec uoz peres/ ⁊ ne leur commãday

200 1688 1404 129 pas au iour que ie les tiray hors de

180 1797 1406 132 la terre degipte/ de la parolle des ho¬

170 1918 1410 120 locaustes ne des oblations: mais

180 2026 1420 135 leur cõmanday ceste parolle/ disant.

180 2139 1400 141 Escoutez ma uoix/ ⁊ ie seray uostre

184 2264 1400 129 dieu/ ⁊ uous serez mon peuple: ⁊ si

182 2375 1422 130 cheminez en toute la uoye que ie

186 2482 1412 148 uous ay cõmande/ affin quil uous

188 2604 384 139 soit bien.

275 2711 1224 123 ¶ Chrysostome en son oeuure imparfai¬

445 2800 873 115 cte sur sainct Matthieu/ au

643 2886 527 120 xxiii. Chapitre.

1611 192 189 87 202

1596 611 268 143 1.cor.15.g

1602 718 220 110 Lescri¬

1593 810 265 95 pture ca

1590 890 226 98 nonicq̃

1584 967 274 98 est prepo

1590 1048 274 104 see a tou

1578 1122 283 125 tes escri¬

1581 1214 217 107 ptures

1582 1302 263 103 des hõ¬

1584 1392 161 92 mes.

1587 1466 241 149 Esa.1.c

1594 2218 269 101 2.cor.6.d

780 2961 790 130 CC .ii. ¶ Maledictiõ
