2212 3563
484 163 1008 166 des hõmes. Chap̃.xi.

180 324 1398 99 a cause de lignorance de la uoye? Non: mais

186 413 1372 101 tu experimenteras maintenãt une uoye/ puis

192 498 1366 97 apres une autre: ⁊ demãderas apres ceulx qui

190 581 1374 101 la te pourront enseigner: ⁊ quant tu les auras

174 665 1394 89 trouue/ tu la demãde/ ⁊ les remercie. * Pareil¬

166 736 1391 101 lemẽt se tu ueulx entrer en la uerite des escri¬

169 831 1382 95 ptures: tu demanderas aucunesfoys par orai¬

175 899 1376 122 sons/ aucunesfoys la chercheras es escriptu¬

169 997 1382 101 res/ aucunesfoys y hurteras par bonnes oeu¬

163 1086 1388 86 ures: tu interrogueras les prestres/ aucunes¬

166 1157 1380 107 foys les ungz/ aucunesfoys les autres/ les¬

166 1241 1380 98 quelz sont les urays portiers/ ⁊ lesquelz sont

160 1321 1391 113 les faulx. Mais ces choses ne se font pas/

160 1410 1391 110 poͬce quon ne croit point a la parolle de dieu/

160 1487 1388 119 pource aussi que la promesse de sa beatitude

163 1591 1406 101 nest pas desiree/ ⁊ nest pas craint le iugement

180 1666 675 95 de sa consummation.

461 1737 871 109 ¶ Au mesme liure/ ⁊ au mes¬

623 1829 418 95 me chapitre.

169 1894 1374 113 ¶ Les escriptures sont appellees le royaulme

166 1999 1384 93 des cieulx: poͬce quen icelles est enclos le roy¬

162 2076 1386 93 aulme des cieulx. La porte dicelles/ est lenten¬

160 2149 1388 116 dement dicelles. Ou le royaulme est la celeste

166 2244 1377 104 beatitude/ ⁊ la porte est la iustice par laq̃lle on

172 2327 1388 104 y entre. * Les portiers sont les prestres ausq̃lz

166 2402 1409 109 est ordonne de enseigner la parolle de dieu/ ⁊ de

163 2488 1403 112 interp̃ter les escriptures. La cles cest la parolle

166 2565 1374 110 de la science des escriptures: par laquelle aux

166 2651 1377 128 hõmes est ouuerte la porte de uerite. Et lou¬

166 2745 1103 105 uerture est la uraye interpretation.

407 2826 911 121 ¶ Ambroise au liure de Cayn

718 2909 335 115 ⁊ de Abel.

1614 190 187 142 203

1590 706 241 134 ung cha

1575 816 259 113 scũ doibt

1575 917 256 89 chercher

1572 988 268 110 par orai

1572 1080 271 104 son/ par

1569 1155 244 109 estude/

1569 1244 250 98 ou ꝑson

1569 1324 217 113 naiges

1578 1407 262 104 scauans

1566 1490 274 101 dẽtendre

1587 1570 208 146 uerite.

1563 1894 265 122 mat.21.e

1572 2152 235 116 La clef

1566 2244 271 98 du roy¬

1575 2321 271 98 aume est

1599 2407 241 104 la parol

1581 2491 256 109 le ð dieu

1572 2574 265 110 ⁊ les por

1566 2660 268 110 tiers sõt

1556 2751 279 93 les pre¬

1554 2830 283 95 stres qͥ p̃¬

1554 2915 285 103 schẽt le¬

1572 2989 244 128 uãgile.

778 2984 770 148 CC .iii. ¶ Les pechez
