2212 3563
175 296 1347 128 quon estimoit estre baptisez en Christ/ est dit.

181 409 1335 98 Uestez uous du seigñr Iesuchrist. Se aucun

181 483 1326 98 seullemẽt receoit ce lauemẽt corporel deaue/

169 570 1347 109 q̃ nous ueõs des yeulx de la chair: cestuy nest

154 641 1362 107 pas uestu de Iesuchrist. Car cõbiẽ que ce Si¬

142 742 1374 92 mon duq̃l est parle aux actes des Apostres eut

140 819 1374 105 prins le lauement deaue: toutesfoys pourtãt

146 900 1366 107 quil nauoit pas le sainct esprit/ il nauoit pas

142 977 515 109 uestu Iesuchrist.

233 1068 1228 111 ¶ Augustin au liure des cinquantes ho¬

431 1154 767 104 melies/ en la .x. homelie.

142 1229 1368 107 ¶ Regardez cõment uous cheminerez finemẽt

130 1309 1380 122 non pas cõme les insipiẽs: mais cõme les sai¬

142 1405 1374 105 ges: en rachetãt le tẽps: car les iours sõt mau¬

136 1487 1374 95 uais.7 Parquoy deux choses fõt les ioͬs mau

148 1558 1371 116 uais. La misere de lhõme/ ⁊ la malice. Mcãs

151 1638 1392 107 la mihere de Mõme es cõmune: ⁊ uamalice ne

154 1739 1377 92 doibt pas estre cõmune. Car par ce q̃ nous sõ¬

151 1805 1359 119 mes toꝰ /arables par le peche de Adã.

142 1898 1372 107 la misere est cõmune. Mais cõtre la genera¬

134 1983 1378 105 tion qͥ nous faict miserables: dieu noꝰ a prou¬

134 2062 1380 111 ueu de regeneration par laq̃lle il nous a deli¬

134 2151 1378 105 ure. La generatiõ nous enuoye en misere: ⁊ la

142 2234 1368 109 regeneration nous signe a la beatitude. Non

154 2319 1356 99 pas (poͬ ceq̃ icey ditẽ ua regeneratiõ nous deli

148 2395 1368 103 ure de misere) q̃ incõtinẽt dudus sõmes rege¬

138 2480 1390 93 nerez/ q̃ nous soyons en beatitude. Se nous

130 2550 1401 110 estiõs bienheur eux incõtinent apres q̃ noꝰ se¬

136 2646 1382 103 rions regenerez/ ⁊ q̃ nous feussions aux bons

138 2727 1369 101 iours: lapostre ne noꝰ diroit pas/ leq̃l parle a

132 2808 1373 111 ceulx qui sont desia regenerez ⁊ fideles. En ra

132 2895 1371 119 chetãt le temps: car les iours sont mauuais.

416 154 1031 166 do Adam. Chap̃..

1554 317 253 119 seulle¬

1546 418 291 104 mẽt cor¬

1543 501 288 104 porel ne

1540 584 240 101 proffite

1537 676 178 78 riens.

1540 742 220 98 Act̃.8.c

1596 209 128 87 2o

1537 1211 264 134 Eph.5.c

1540 1324 261 110 colo.4.a

1537 1478 252 110 De la

1548 1570 268 101 misere et

1569 1650 208 101 malice

1554 1739 226 110 des Hõ¬

1537 1823 145 115 mes.

1554 2547 241 160 Eph.5.e

915 2981 595 115 C .iiii. Nous
