2212 3563
120 298 1394 159 les garde: est cestuy qui mayme. Ce

126 415 1381 155 luy qu/ ne mayme pas/ il ne garde

136 532 1382 152 point mes parolles. Et la parolle q̃

136 647 1382 144 uous auez ouy nest pas la mienne/

124 754 1371 178 maĩs cest celle de mon pere qui ma

130 918 327 115 enuoye.

221 1029 1206 121 ¶ Augustin en la .iii. quinquagene/ sur

271 1118 1103 123 le pseaulme. ciii. au uerset. Entre le

402 1211 841 103 milieu des montaignes ⁊c.

133 1303 1377 131 ¶ Si nous ou quelque ange du ciel uoꝰ an¬

130 1386 1401 116 nõce autre chose q̃ ce q̃ uous auez receu/ quil

139 1478 1377 113 soit en malediction. Se une autre montaigne

142 1558 1401 110 uient euãgelizer autre chose/ q̃lle soit anotdee

145 1627 1412 124 matizee. Uourououꝰ Uouece ð de ueult faire

151 1725 1412 121 couller q̃lque chose de son priue/ ⁊ non pas du

145 1799 1386 122 miheu des mõtergmes. Q cela/oooriez uous

142 1879 1377 137 dire) peult bien faire lhõe empesche de la nuee

140 1971 1384 119 charnelle/ ⁊ reduict de la cõmune fõtaine a sa

144 2050 1370 129 propre faulsete: mais aussi lãge la ueritable¬

139 2134 1386 125 ment faict. Se lange neust pas este ouy en pa¬

142 2217 1386 122 radis uueillant faire q̃lque chose de son ꝓpre/

150 2304 1382 122 nous ne seriõs point precipitez en la mort. Le

142 2387 1412 113 cõmãdemẽt de dieu estoit cõe une eaue moyen

148 2478 1404 105 ne/ mise poͬ les hõmes leaue dis ie moyenne/

154 2549 1394 131 ⁊ aucunemẽt publicq̃: ⁊ estoit bõne sans frau¬

154 2638 1378 125 de/ ce q̃ nous auõs dit a uostre charite/ ⁊ coul¬

151 2719 1377 131 loit sans souilure ⁊ sans boue? se on auoit

156 2812 1382 121 tousiours ceste eaue/ tousiours on uiuroit. Lã

162 2899 1376 145 ge tombe du ciel ⁊ faict serpẽt est uenu: lequel

400 158 1013 146 des hõmes. Chad.47.

1528 142 229 137 205

1534 769 255 136 Phił.1.b

1546 1238 240 142 Gał.1.b

1563 1368 226 98 Lapo-

1540 1437 255 121 stre dit

1572 1529 205 107 aultre

1572 1588 259 131 chose/ et

1578 1689 244 116 nõ pas

1557 1772 256 104 cõtre ce¬

1540 1864 261 116 ste chose

1546 2090 252 124 Ro.16.c

1546 2185 270 136 Ioã.4.b

1575 2354 253 125 Geñ.3.a

1548 2696 229 139 Ioã.8.f

1366 2986 176 133 desia
