2211 3563
457 457 223 110 Celuy

436 540 259 113 ꝑle men¬

433 629 244 110 sõge qui

421 715 253 92 parle de

407 798 255 119 sõ ꝓpre.

729 296 1367 137 desia desyroit de par trahison espardre ses ue¬

723 397 1375 111 nns: il iecta son uenin de son propre: il parla

713 475 1385 127 du sien:? car celuy qͥ parle mensonge/ il par le

707 552 1388 130 du sien: et les pouures gens en lescoutant ont

695 635 1400 134 delaisse ce qͥ estoit cõmun/ de quoy ilz estoient

695 721 1394 128 bienheureux: ⁊ furent reduictz a leur propre/

713 801 1370 134 quant ilz uoulurent peruersement estre faictz

717 894 1377 119 semblables a dieu: car il leur auoit dit ces pa

719 979 1370 119 rolles.4 Goustez/ ⁊ uous serez cõme dieux: et

716 1045 1367 136 en appetant destre ce quilz nestioient yas/ ont

691 1146 1383 114 pardi ce qr/ lz auorent receuz. Parquoy mes

675 1233 1407 105 ferez que ce que nous auons det des fontai¬

667 1310 1417 113 nes/ soit proffitable a uostre charite: ⁊ quelles

679 1395 1405 113 coudent uois de uous: soyez les uallees: ⁊ con

701 1472 1369 121 sreres auec tous les aultres ce que uous auez

707 1549 1379 123 de dieu. Que les eaues coullẽt entre le milieu

707 1635 1383 122 des mõtaignes/ nayez enuie sur personne/ beu

707 1722 1381 120 uez/ rassasiez uous/ dõnez leaue/ rassasiez les

699 1805 1389 111 aultres. Que leaue cõmune de dieu ait par¬

687 1890 1399 123 tout gloire: et non point les propres menson¬

673 1971 545 105 ges des hommes.

668 2063 1397 175 Matth.19. B. ¶ Toute plante

683 2203 1385 148 que mõ pere celeste na point plante/

695 2313 535 135 sera arrachee.

863 2450 1074 131 ¶ Hilaire sur sainct Matthieu/ au

1182 2547 430 111 xiiii. Canon.

695 2630 1385 137 ¶ Il dit que toute plãte qui nest pas du pere/

695 2716 1376 137 doibt estre arrachee: cest adire/ toute tradition

692 2814 1367 116 humaine doibt estre desracinee par la faueur

677 2894 1391 143 de laquelle ilz ont trãsgresse les cõmandemẽs

404 956 261 101 Ger̃r̃.3.

416 1042 249 121 Ioã.7.f

1050 170 701 124 Des mandemẽs

374 2075 261 139 1.corĩ.1.c

413 2603 246 128 Toute

371 2713 288 113 traditiõ

374 2805 267 98 humai¬

383 2894 232 125 ne sera

1741 2998 323 119 de la loy:
