2212 3563
300 148 1100 166 des hõmes. Chap̃.xi.

112 293 1383 131 de la loy: ⁊ pourtãt les dit estre les cõducteurs

110 400 1379 104 des aueugles/ promettant le chemin de la uie

112 472 1377 112 eternelle/ lequel ilz ne uoyẽt pas: ⁊ dit que le

121 552 1383 124 tresbuchement de ces aueugles icy ⁊ de leurs

126 659 771 103 conducteurs est commun.

130 724 1362 181 Titũ./ .A. ¶ Il a manifeste en ses

112 865 1381 144 temps sa parolle/ par predication: la¬

122 979 1375 137 quelle ma este ordõnee selon le cõmã¬

118 1100 1204 133 dement de dieu nostre sauueur.

239 1225 1141 124 ¶ Chrysostome en la premiere home¬

409 1314 793 113 lie sur lepistre ad Titum.

124 1389 1394 131 ¶ Il a manifeste (dit il) en ses temps sa pa¬

120 1476 1388 121 rolle/ par predication laquelle ma este ordon¬

120 1557 1410 119 nee. Car leuangile contient toutes choses: et

132 1638 1410 127 les choses presentes/ ⁊ futures/ hõneur/ pitie/

146 1724 1396 120 ⁊ foy: ⁊ a enclos toutes choses par la parolle

130 1808 1374 116 de predication. * Car cõme le herault annõce

126 1886 1373 129 publicquemẽt au quarfour deuãt tous les hõ

126 1973 1384 121 mes: ainsi (dit il) publicq̃mẽt preschõs nous:

128 2058 1361 127 ⁊ la raison affin que nous ny adioustõs riẽs/

130 2137 1383 119 mais que nous annõceons seullement ce que

136 2226 1380 122 nous auons ouy. Ceste est ueritablemẽt la uer

134 2310 1384 118 tu du herault de poursuyuir urayement les

138 2389 1392 122 choses qui luy sont cõmises: sans y riens ad¬

136 2466 1402 121 iouster ou chãger/ ou diminuer. Ainsi doncq̃s

139 2553 1395 125 fault il prescher: ⁊ le doibt on faire en grande

136 2627 1383 125 confidence ⁊ constance: autrement la uertu de

144 2725 1374 119 predication ne sera nulle. Pourtant aussi ne

144 2812 1372 115 dit pas Christ. Dictes es aureilles/ mais an¬

148 2907 812 115 noncez le sur les toictz/ ⁊c.

1493 184 219 95 206

1513 302 315 101 arrachee

1504 380 318 115 par leuã

1504 463 155 110 gile.

1516 546 300 116 mat.23.b

1507 718 288 151 2.tim̃.1.c.

1525 1799 285 125 mat.22.a

1570 1906 230 93 Le he¬

1531 1992 282 104 rault de

1526 2082 282 99 leuãgile

1534 2161 273 95 ne doibt

1531 2229 282 113 riẽ adiou

1538 2325 289 101 ser ou di

1548 2414 240 88 minuer

1551 2488 256 98 au com¬

1548 2568 247 107 mande¬

1537 2642 258 110 ment de

1532 2757 175 89 dieu.

1534 2832 283 153 mat.10.c

1083 2967 453 132 Matth.22. D.
