2211 3563
1065 188 698 124 Des mandemẽs

746 318 1385 151 Matt.22.D. ¶ Maistre/ quel est

738 439 1395 144 le grand mandement en la loy? Tu

739 555 1388 148 aymeras le seigñr ton dieu de tout

721 682 1404 131 ton cueur/ ⁊ de toute tõ ame/ ⁊ de tou

729 785 1390 147 te ta pẽsee. Cestuy est le plus grand

731 900 1392 137 et le premier cõmandemẽt. Et le se¬

729 1013 1388 152 cond est semblable a cestuy. Tu ay¬

705 1136 1393 140 meras ton ꝑchain cõme toymesme.

707 1235 1399 163 Toute la loy ⁊ les ꝓphetes pendẽt

713 1367 1062 133 en ces deux cõmandemens.

851 1482 1201 127 ¶ August. au ꝓlogue du .ciiii. pseaulme.

722 1555 1373 134 ¶ Il ya seullemẽt es escriptures deux cõman

721 1646 1381 127 demens de charite: ny cherchez aultre chose/ ⁊

734 1736 1361 119 que nul ne uous cõmãde aultre chose. Celuy

722 1817 1373 118 qui a dilectiõ/ il a parfaict la loy. * La pleni¬

713 1900 865 107 tude de la loy est charite/ ⁊c.

891 1987 1026 123 ¶ Cyprian au sermon du baptes¬

1170 2078 418 101 me de Christ.

704 2137 1379 131 ¶O seigñr dieu/ tu me cõmande icy que ie te

692 2238 1388 128 ayme/ et cõmande q̃ ie me rende du tout sans

668 2315 1421 122 coulpe ⁊ par dedẽs ⁊ par dehors: ⁊ si cõmande

701 2402 1376 124 du ꝓchain/ q̃ ie le embrasse selon ma mesure ⁊

701 2476 1379 122 mõ amour. * O dieu tresclemẽt/ ie te rẽdz gra¬

701 2571 1379 107 ces/ que p̃mier toymesme mas dõne ce q̃ tu de¬

701 2651 1379 119 mande de moy: ⁊ quant iauroye les langues

692 2725 1382 140 des hões ⁊ des anges/ si ne pourroys ie digne¬

692 2808 1370 140 ment declairer cõment tu mas ayme/ ne aussi

677 2903 1382 146 embrasser toutes les choses/ que la largesse de

457 531 268 134 deut̃.6.a

459 649 238 103 mar.12.c

453 728 246 131 Luc.10.e

413 1229 261 148 mat.7.b

430 1529 232 124 Ro.13.c

427 1686 286 134 La ple¬

424 1796 283 101 nitude ð

421 1876 277 113 la loy est

414 1973 279 105 charite.

413 2125 279 113 Le grãd

413 2217 270 110 cõmãde¬

425 2306 161 79 mẽt.

416 2372 270 116 dieu noꝰ

410 2455 267 110 dõne de

404 2538 282 113 laimer ð

392 2627 297 110 tout nr̃e

386 2710 294 122 cueur: et

383 2796 300 110 nostre ꝓ¬

395 2888 267 110 chaĩ cõe

392 2985 184 87 nous.

1790 3030 278 103 ta grace
