2212 3563
128 271 1394 103 ta grace ma cõsere ⁊ dõne. O seigñr cest chose

121 356 1389 104 iuste que nous te aymõs/ car aussi nous ayme

132 441 1388 113 tu: ⁊ est/otallemẽt grãde /alice q̃ tes bien ay¬

140 526 1382 105 mez le offensent en q̃lque chose. Certainemẽt

136 617 1374 86 ce mandemẽt icy cõtient la loy ⁊ les ꝓphetes/

138 694 1370 95 ⁊ tous les uolumes de toutes les escriptures

134 775 1384 109 sont restrainctz en ceste par olle. O seigñr/ la

126 863 1386 99 nature/ la raison/ ⁊ lauctorite de ta parolle ne

128 944 1390 101 publie aultre chose: ce auons nous ouy de ta

130 1015 1380 125 uoix icy treuue toute religion la perfection:

121 1101 1395 110 ce mandemẽt est p̃mier ⁊ dernier: cestuy mãde¬

124 1187 1383 116 mẽt escript au liure de uie/ dõne une doctrine

134 1280 1371 107 sans q̃lque faulte ⁊ aux hõmes ⁊ aux anges.

127 1350 1392 119 Que la religion chrestiẽne lise icy ceste seulle

126 1444 1396 105 parolle/ ⁊ medite en ce cõmãdemẽt: ⁊ elle trou¬

128 1528 1396 103 uera q̃ de ceste escripture sõt yssues toutes les

130 1609 1424 105 rigles de toutes doctrines/ ⁊õ ⁊dutes uiẽnent

140 1690 1406 111 de la/ gq̃ toutes y retournẽt/ aussi tout ce q̃ la

136 1777 1380 101 doctrine de leghse cõtiẽt: ⁊ touuerez q̃ toutes

134 1858 1384 107 choses sont uaines et friuolles/ qͥ ne sont pas

127 1929 1392 122 cõfermees par dilectiõ.? Seigñr tu as cõmã¬

133 2019 1383 109 de q̃ nous escoutõs ton filz le biẽ ayme: nous

130 2117 1389 95 te rendõs graces/ q̃ tu nous a baille en garde a

142 2182 1377 122 sa maistrise. Aussi par ton cõmandemẽt nous

217 2271 1233 104 nous donnons pour estre informez de sa

308 2359 1064 105 doctrine: ⁊ en libremẽt adherant a

388 2440 913 107 Ly/ moyẽnant la conduicte

477 2521 730 117 du sainct esprit nous le

592 2610 489 107 escouterons en

645 2707 384 91 tout temps.

530 2848 634 144 ¶ Spes mea Iesus.

332 115 1068 158 des hõmes. Chap̃.xi.

1531 329 276 149 Ioã.3.b

1580 156 148 103 P7

1531 596 258 134 matt.7.b

1528 1018 261 113 La ꝑfe-

1525 1098 270 110 ctiõ de re

1534 1181 217 119 ligion.

1537 1339 252 139 Ps̈.118.f

1540 1915 261 127 On doit

1534 2019 240 92 adherer

1531 2096 270 98 a la do¬

1531 2179 273 107 ctrine de

1537 2256 232 131 Christ.

740 2779 218 95 Amen.
