2211 3563
995 279 856 199 ¶ Au lecteur.

731 479 1390 110 ¶ O Lecteur treschrestiẽ/ tu as icy cõme ung

711 568 1416 103 parfaict recueil de uraye eruditiõ: car par la

715 655 1406 105 grace de dieu/ iay ensuyui lindustrie naturelle

719 742 1396 99 des mouches a miel qͥ assemblent leur proui¬

737 827 1380 97 sion (cõme dit Flaccus) en ce q̃ iay accumule ⁊

731 908 1388 99 rassemble ce noble pacquet des bõnes senten¬

729 989 1388 91 ces. Et toutesfoys nous nauõs icy sinon une

723 1068 1386 103 partie de nostre labeur/ mais de brief (moyen¬

703 1155 1401 94 nant la grace de dieu qui nous garde la uie

689 1237 1413 105 saulue) nous aurõs laultre partie prinse des

680 1324 1432 101 mesmes lieux ⁊ de mesmes exemplaires. Car

709 1403 1400 103 aussi urayemẽt ie Iuis/ ⁊ ay tousioͬs este prin¬

717 1482 1385 103 cipalemẽt studieux ⁊ ꝯuoiteux des choses an¬

719 1565 1379 97 ciẽnes. Parquoy iestime q̃ ce petit liure deuãt

719 1648 1373 99 toꝰ les aultres (excepte les liures canonicq̃s)

717 1732 1387 97 doibt estre receu ⁊ hõnore: tãt pource qͥl cõtiẽt

713 1817 1392 99 en soy les p̃mieres ⁊ principales traditions de

711 1900 1393 101 toute la uraye theologie/ et aussi les princi¬

697 1981 1401 103 paulx sentiers de la sciẽce/ et cõgnoissance de

689 2070 1403 99 dieu. Et ne soye pas esmeu/ quen ce temps icy

683 2147 1407 103 les escriptures des anciẽs docteurs sont con¬

750 2228 1278 103 tẽnees ⁊ delaissees. Car leur honneur re¬

810 2315 1181 101 tournera (croy moy) elle retoͬnera aux

861 2395 1064 103 anciẽs ⁊ aux p̃miers docteurs Ca¬

948 2478 898 105 tholicq̃s/ ⁊ aux expositeurs

1024 2561 737 97 de lescripture canonicq̃.

1097 2644 588 107 Mais toute chose

1210 2729 359 107 a son tẽps.

923 2888 915 132 ¶ La paix soit donnee a tous.
