2211 3563
683 324 1389 121 Nous aussi qͥ sommes regenerez/ nous som¬

675 417 1415 109 mes es mauuais iours: iusques a ce q̃ la peine

681 494 1393 113 de la mortalite soit finee: ⁊ que la grace de la

699 585 814 101 souueraine felicite succede.

851 659 1052 118 ¶ Ambroise/ ad Demetriadem/ en

1079 752 567 91 la derniere epistre.

686 831 1385 104 ¶ Mais pour ce q̃ le filz de dieu est uenu pour

657 910 1415 119 deslier les oeuures du diable: ⁊ poͬ q̃rir ⁊ sau¬

659 995 1409 109 uer ce qͥ estoit perdu: il est manifeste q̃ noꝰ tous

659 1078 1421 113 en naissant par Adom sommes coulpables de

663 1163 1421 109 dãnation: se nous ne sõmes deliurez par estre

665 1238 1418 124 regenerez en Christ.? Dequoy debuõs diligẽ¬

668 1333 1409 101 ment cõsiderer en nous mesmes: q̃lle chose on

677 1407 1385 122 faict en ce don de regeneration. Car cõbien q̃

683 1487 1391 125 toutes les portiõs dung mesme mistere soient

701 1570 1382 113 cõioinctes en ung: toutesfoys ce qͥ est faict ui¬

722 1668 1364 104 siblemẽt est aultre chose/ q̃ ce qui est celebre in¬

710 1742 1382 113 uisiblemẽt. Et nest pas tout ung de la forme

692 1811 1403 115 du sacreme/ ⁊ de la uerr. ueu orre la forme est

695 1903 1394 110 dõnee par loeuure de lhumaine administratiõ

704 1986 1385 107 mais la uertu est dõnee par leffect de loeuure

707 2074 1393 109 diuine. A la puissance de laq̃lle oeuure doibt

699 2151 1399 111 estre ueritablemẽt resere ce q̃ quamt Hõme est

691 2236 1403 111 laue par dehors, q̃ par dedẽs il est chãge: ⁊ du¬

687 2319 1409 109 ne uieille creature est foiict une nouuelle: les

701 2403 1393 116 uaisseaux de ire sont transferez en uaisseaux

705 2494 1404 105 de misericorde: ⁊ la chair de peche est tournee

728 2559 1373 122 au corps de Christ. De mauuais sont faictz

707 2654 1393 111 iustes/ de prisonniers/ en liberte/ des filz des

705 2741 1038 103 hõmes sont faictz enfans de dieu.

891 2822 1207 99 ¶ Ambroise sur sainct Luc/ au .iii. chap̃.

703 2901 1393 131 ¶ Comme il soit que lhõme soit faict de deux

903 186 794 132 De la transgression

410 831 240 122 1.Io.3.b

383 1208 238 154 Au ba¬

383 1336 220 118 ptesme

392 1431 205 92 aultre

401 1496 261 101 chose est

413 1591 264 95 faicte ui

410 1662 276 113 siblemẽt

401 1757 276 92 ⁊ aultre

392 1829 282 112 chosein¬

395 1926 249 104 uisible¬

392 2004 217 115 ment.

413 2562 252 142 Ro.9.c

1798 3008 296 97 natures:
