2211 3563
980 166 713 152 De la trãsgression

699 298 1379 125 mẽt (dit il) lame du pere est a moy: ⁊ lame du

699 391 1385 125 filz est a moy. Lame qͥ pechera icelle mourra:

699 479 1373 120 mais ceste ame ne peche pas: quãt les parens

705 560 1365 118 ou q̃lque autre adiouste les sacrileges des dia

695 639 1373 125 bles a celuy qͥ nen scait riẽs. Mais poͬce il a

677 730 1385 119 tire de Adam ce q̃ par la grace de ce sacrement

661 813 1401 117 est pardõne: que encore ny auoit nulle ame ui¬

655 894 1405 123 uãte separemẽt: cest adire quil ny auoit nulle

661 977 1387 119 ame de laq̃lle fust dit. Lame du pere est a moy/

674 1051 1373 127 ⁊ lame du filz est a moy. *Et ainsi quãt main

671 1128 1370 130 tenãt lhõme est en soymesme faict autre/ q̃ ce¬

656 1229 1397 124 stuy qͥ la engẽdre: il nest pas coulpable du pe¬

638 1303 1409 122 che daultruy sil ny cõsent. Il a doncques tire

644 1389 1394 119 la coulpe de Adam: poͬ ce quil estoit ung auec

641 1469 1388 128 cestuy/ ⁊ en cestuy par leq̃l il a tire/ quãt ce qͥl

650 1552 1388 128 a tire fut cõmis. Mais lung ne tire pas de lau

663 1638 1371 121 tre quãt dung chascun uiuãt de sa propre uie

663 1724 1373 120 on peult dire. Lame qͥ pechera icelle mourra.

665 1799 1376 125 *Mais quil puist estre regenere par loffice de

635 1876 1388 140 la uolunte daultruy: quãt il est offert pour y

632 1968 1391 122 estre cõsacre: ung mesme esprit saict cela/ par

656 2042 1379 140 lequel celuy qui est offert est regenere. Car il

662 2125 1361 137 nest pas escript. Se quelcun nest regenere de

653 2220 1367 113 la uolunte des parẽs/ ou de la uolunte/ ou de

641 2304 1381 126 la foy de ceulx qͥlz loffrent/ ou des ministrãs.

644 2375 1379 133 *Mais se aucun nest regenere de leaue/ et de

644 2461 1376 122 lesprit.* Leaue dõcques par dehors donne le

647 2538 1370 140 sacrement de grace: ⁊ lesprit besongne par de¬

639 2634 1377 123 dens le benefice de grace: en desliãt le lien de

644 2707 1373 140 la coulpe/ ⁊ reconseillant le bien de nature il

638 2793 1373 125 regenere lhõme en ung Christ/ qui estoit engẽ

635 2874 1376 154 dre dung Adam.* Dõcques lesprit regenerãt

380 1006 279 131 Le peche

374 1122 279 98 dautruy

362 1202 270 110 ne nuyst

362 1288 259 104 a person

356 1380 265 101 ne sãs cõ

365 1451 247 122 sẽtemẽt.

356 1787 285 119 Noꝰ sõ¬

347 1876 256 98 mes toꝰ

338 1962 256 110 regene¬

338 2045 283 113 rez dung

341 2143 250 86 mesme

347 2209 223 115 esprit.

347 2360 253 125 Ioã.3.a

344 2458 226 107 Notez

344 2544 182 104 bien.

329 2675 295 139 1.Pet̃.1.a

335 2796 283 98 Tite.3.b

335 2874 235 157 Lesprit

1691 2994 308 107 est cõmun
