2212 3563
142 305 1362 146 est cõmun aux plus grãdz qui offrẽt lenfant/

151 418 1347 119 ⁊ au petit enfant offert ⁊ regenere. Pourtant

151 495 1350 116 en ceste societe dung mesme esprit/ la uolunte

156 587 1345 107 des offrãs proffite au petit enfant qͥ est offert.

148 667 1353 120 Mais quãt les parẽs pechent au petit enfant

134 754 1363 109 en loffrãt/ ⁊ le cuidant obliger aux liens sa¬

132 837 1361 111 cri leges des diables: lame des deux nest pas

128 922 1363 103 cõmune: tellement aussi quilz puissent auoir

132 1005 1365 101 la coulpe commune. Car la coulpe nest pas

128 1090 1373 109 ainsi cõmunicquee par la uolunte dung aul¬

132 1175 1369 107 tre: cõme la grace est cõmunicquee par lunite

132 1254 1371 111 du saĩct esprit. Car lesprit de lhõme ne peult

130 1336 1371 108 estre de lung ⁊ de laultre: par leq̃l quãt lung

134 1421 1371 115 peche/ ⁊ q̃ laultre ne peche pas/ la coulpe soit

136 1508 1367 99 cõmune. Et par ce le petit enfant une fois en¬

136 1579 1383 119 gendre de la chair des parens peult estre rege¬

152 1670 1382 111 nere par le sout de dieu: teuemet q̃ cefte ouliga

154 1742 1389 116 tion quil auoit cõtraict soit payee.Aussi ce

154 1831 1356 122 sainct espr/tou harre aux sarcis/ desquelz

145 1906 1365 136 une coulombe argentee du feu de charite est

142 1995 1365 127 formee: faict ce quil faict/ aussi par le seruice

136 2078 1371 122 aucunesfois de ceulx qui ne sont pas seulle¬

142 2161 1365 131 ment ignorans par simplesse: mais aussi par

154 2241 1365 128 ceulx qui dãnablement sont indignes. Par¬

160 2342 1356 104 quoy les netis ensans sont offers/ pour rece¬

148 2407 1359 116 uoir la grace spiritueNle: nõ uos tant ꝑ ceulx

148 2488 1383 130 qui les portẽt en leurs mains (cõdien oussi q̃

156 2575 1382 121 par iceulx se fa/ce silz sont bons ⁊ fideles) que

162 2658 1362 123 par la societe uniuerselle des sainctz ⁊ des fi¬

160 2749 1356 113 deles. Ceulx sont ueritablemẽt entẽdus estre

154 2830 1368 113 droictemẽt offers/ de tous ceulx ausq̃lz plaist

150 2911 1372 135 qͥlz soiẽt offers: ⁊ desq̃lz sont aydez a la cõ mit

416 160 987 172 de Abam. Chap̃.17.

1531 317 258 122 cõmum

1528 412 282 116 regenere

1519 489 279 116 en tous.

1556 213 139 93 L

1560 1683 244 154 Cen lo qͥ

1534 1820 267 98 sont in¬

1540 1906 199 95 dignes

1534 1968 255 113 admini¬

1531 2057 258 113 strẽt aus

1537 2143 261 119 si les sa¬

1534 2238 249 104 cremẽs.

1534 2318 267 113 matt.3.d

1537 2399 258 104 mar.1.b

1566 2494 235 115 Ioan.1.e

1227 3002 291 107 nication
