2211 3563
986 184 799 150 De la transgression

719 318 1377 131 nication du sainct esprit par la saincte ⁊ sin¬

719 409 1377 125 guliere charite. Dõcques toute la mere eglise

731 488 1363 135 qͥ est es saĩctz faict cela: car icelle totalle engẽ

725 572 1206 130 dre tous les siẽs/ ⁊ ung chascun des siẽs.

905 669 990 106 ¶ Auguftin en son Enchiridion

1095 758 612 103 au .xxxi. Chapitre.

687 825 1401 125 ¶ Ueritablemẽt tout le genre humain estoit

686 905 1397 125 tenu a iufte dãnatiõ: et estoiẽt tous filz de ire:

695 982 1385 137 de laq̃lle ire est escript.* Car tous noz iours

698 1068 1376 131 sont deffaillis/ et auons deffailly en ton ire.

692 1149 1388 139 Noz ans seront meditez cõe laraigne. De la¬

674 1235 1409 130 quelle ire aussi dit Iob. Certainemet lhõme

665 1333 1412 107 est naiz de la femme de briefue uie/ et plein de

663 1411 1405 125 ire. De laquelle ire aussi dit le seigneur Iesu

677 1484 1385 125 christ.* Qui croit au filz/ il a la uie eternelle:

683 1573 1381 125 mais qui ne croit pas au filz: il na pas la uie

697 1656 1361 123 eternelle: mais lire de dieu demeure sur luy.

695 1735 1379 127 Il ne dit pas: elle uiendra/ mais dit: elle de¬

671 1819 1399 128 meure sur luy. Parquoy tout homme est naiz

665 1900 1389 132 auec ceste ire. Pour laq̃lle chose dit lapostre.

668 1980 1391 131 * Nous auõs este aussi par nature enfans de

673 2064 1397 129 ire cõme aussi tous les aultres.* Cõme il soit

695 2143 1364 128 dõcques q̃ les hõmes fussent en celle ire par le

695 2229 1358 140 peche originel: ⁊ autãt plꝰ griefuemẽt et plus

680 2310 1385 139 mauuaisemẽt quilz y ont adiouste plus et de

677 2396 1376 127 plus grãdz pechez: il estoit necessaire dauoir

686 2479 1355 142 ung mediateur/ cest adire ung recõsiliateur qͥ

677 2567 1373 132 appaisast ceste ire par loblation dung singu¬

667 2648 1379 133 lier sacrifice: duq̃l tous les sacrifices de la loy

659 2733 1389 131 ⁊ des ꝓphetes estoiẽt lombre. De quoy dit La

659 2823 1382 125 postre.* Si certainemẽt quãt nous estiõs en¬

649 2913 1387 127 nemys/ nous auons este recõseillez a dieu par

404 858 264 151 Noꝰ sõ¬

398 988 267 98 mes toꝰ

389 1077 279 104 naiz pe¬

383 1157 244 93 cheurs.

389 1244 214 106 Ps̈.89.

392 1333 261 107 Iob.14.a

410 1478 228 146 Ioã.6.d

374 1965 276 134 Eph.2.a

383 2134 276 113 Noꝰ a¬

386 2226 288 101 uiõs af¬

395 2307 264 106 faire de

395 2393 261 104 ung me¬

383 2470 267 125 diateur.

374 2796 226 116 Ro.5.b

1785 3018 259 97 la mort
