2212 3563
140 308 1355 107 la mort de son filz: beaucoup plus/ nous qui

150 397 1341 107 sõmee maintenãt recõseillez en son sãg serõs

148 481 1350 95 nous sauuez de ceste ire par luy.? Mais quãt

148 564 1344 101 on dit q̃ dieu se courrouce: ce nest pas adire qͥl

136 650 1356 95 se trouble/ cõme faict le courage de lhõme qui

127 733 1365 95 se trouble: mais en trãsferãt le mot selon les

124 815 1363 107 mouuemẽs humains sa uengeance qui nest q̃

118 900 1375 101 iuste/ a prins le nom de ire. Doncques par le

118 981 1379 103 mediateur nous sõmes recõseillez a dieu/ ⁊ re¬

118 1066 1375 101 ceuons le sainct esprit.: tellement que de enne¬

118 1146 1374 101 mys nous sõmes faictz filz.? Car tous ceulx

122 1229 1367 107 qui sont conduictz par lesprit de dieu/ ceulx

130 1314 1359 107 sont les filz de dieu: cela faict la grace par no

124 1395 731 107 stre seigneur Iesuchrist.

130 1482 1365 129 1.Coꝝ.15.F. ¶ Le premier hõme

134 1599 1386 125 Adam/ a este faict en ame uiuõte: le

136 1706 1390 132 derniee Rdõ a este faict en esprit ui¬

132 1823 1371 132 uistãt. Et ce qui est spirituel na pas

122 1945 1386 125 este p̃mier: mais ce qui est animal/

120 2056 1385 127 puis apres ce qͥ est spirituel. Le pre¬

130 2167 1375 127 mier hõme est terrien de la terre: le

150 2280 1160 134 second hõme est celeste du ciel.

332 2397 1101 110 ¶ Augufirqau, ui. liure/ au .xix. cha¬

487 2480 808 99 pitre de Genese a uo uettre.

142 2550 1386 104 ¶ Coustumeremẽt aussi on demande: asca¬

145 2648 1368 98 uoir se le corps animal (leq̃l maintenãt nous

145 2725 1356 113 auõs) a este premier forme a lhõme du hmon

139 2814 1371 95 de la terre: ou le corps spirituel tel que nous

130 2886 1380 139 aurõs quãt noꝰ ressusciterõs? Cõbien certai¬

401 139 1008 175 de Adam. Chap̃.iii.

1528 460 267 127 Quelle

1516 578 270 93 chose ce

1513 644 267 119 est de lire

1513 733 232 113 de dieu.

1590 187 107 136 2z

1516 1128 205 127 Ro.8.c

1532 1559 272 111 Geñ.2.b

1578 2550 185 116 Quel

1531 2645 246 110 estoit le

1522 2728 270 104 corps de

1537 2817 258 101 Adã de¬

1531 2900 264 110 uãt le pe

1534 2995 119 113 che.

1254 2995 262 140 nement
