2211 3563
891 178 777 136 De la transgression

663 320 1377 105 nemẽt q̃ lung soit mue en lautre: car le corps

655 405 1391 103 animal est seme ⁊ le corps spirituel se releue¬

653 496 1391 97 ra: mais toutesfoys pourtant demãde on q̃lle

665 570 1377 104 chose a este faicte p̃mier a lhõme/ car si le ani¬

655 659 1385 99 mal a este premier/ nous ne reprendrons point

649 740 1393 101 ce que nous auõs perdu en luy: mais nous re¬

635 823 1407 105 ceurons autant meilleur/ q̃ le spirituel doibt

628 906 1404 107 estre prepose a lanimal: quant nous serons

641 988 963 107 semblables aux anges de dieu.

901 1068 911 109 ¶ Au mesme .xxiiii. chapitre.

647 1149 1388 106 ¶ Nous serons doncques renouuellez de la

641 1238 1394 104 uieillesse de peche: non pas au premier corps

624 1327 1405 95 animal auq̃l a este Adam: mais en ung meil¬

630 1401 1393 110 leur: cest adire en corps spirituel/ quant nous

630 1484 1390 113 serõs faictz semblables aux anges de dieu: cõ

624 1575 1402 95 uenables a lhabitation celeste: la ou noꝰ nau¬

665 1665 1358 86 rons q̃ faire de la uiãde qͥ se corrõpt. Nous se¬

647 1735 1387 103 rõs dõcques renouuellez par lesprit de nostre

628 1819 1410 103 pẽsee: selon limage de celuy qͥ nous a cree: la¬

624 1906 1406 99 quelle Adam perdit par son peche. Nous se-

626 1987 1402 97 rõs aussi renouuellez de chair: quãt ceste cho¬

643 2066 1389 103 se corruptible aura uestu incorruption: telle¬

647 2155 1385 97 ment que ce soit ung corps spirituel: auquel

659 2229 1364 104 nestoit pas encore Adam mue/ mais debuoit

641 2312 1388 113 estre mue: sil neust aussi deserui la mort du

635 2403 839 102 corps animal en pechant.

909 2480 858 107 ¶ Au mesme .xxu. chapitre.

665 2556 1361 107 ¶ Certainemẽt le corps de Adam deuãt le pe¬

650 2654 1379 95 che pouoit estre appelle mortel selon une cau

647 2728 1379 101 se/ ⁊ immortel selon lautre cause. Cest adire

635 2811 1382 107 qͥl estoit mortel: poͬce quil pouuoit mourir: ⁊

635 2903 1379 134 immortel/ pource quil pouuoit non mourir.

356 959 259 139 Luc.20.f

341 1143 274 124 En quel

341 1244 179 92 corps

341 1333 256 101 nous se¬

347 1413 259 89 rons re¬

353 1499 259 80 nouuel¬

368 1570 125 101 lez.

368 1644 270 128 Luc.20.f

350 2209 288 127 1.Corin.

365 2315 137 119 15.g

347 2547 288 113 Le corps

344 2636 256 116 de Adã

347 2731 280 89 deuãt le

350 2814 259 107 peche po

353 2897 262 155 uoit estre

1739 2983 277 126 Car cest
