2212 3563
389 142 990 187 de Adam. Chap̃.iii.

121 308 1362 122 Car cest autre chose de nõ pouuoit mourir: cõ

121 412 1362 92 me dieu a cree aucunes creatures ĩmortelles:

127 492 1356 101 ⁊ autre chose de pouuoir non mourir: selon la

128 572 1353 102 quelle maniere le p̃mier hõme fut cree immor

116 653 1357 105 tel: de ce quil luy estoit dõne du boys de uie:

108 740 1385 105 non pas de la constitution de nature: duquel

104 819 1379 103 boys fut separe quant il eut peche affin quil

102 906 1379 105 peult mourir/ que sil neut pas peche/ pouuoit

102 987 1381 107 nõ mourir. Il estoit doncq̃s mortel selõ la con

102 1070 1379 103 dition du corps animal: mais il estoit immor¬

100 1159 1377 101 tel par le benefice du createur. Car se le corps

97 1241 1386 101 animal est mortel pour ce quil pouuoit mou¬

97 1322 1382 109 rir: aussi pouuoit estre dit immortel de ce quil

102 1409 662 93 pouuoit non mourir.

362 1486 899 111 ¶ Au mesme .xxuii. chapitre.

121 1567 1353 113 ¶ En ce doncques sõmes nous renouuellez/

112 1650 1389 113 selon ce q̃ Adam a perdu: cest adire selõ lesprit

104 1742 1391 104 de nostre pẽsee. Mais selon le corps qͥ est seme

98 1829 1376 100 animal/⁊ resuscitera spirituel nous serõs re¬

97 1906 1378 101 nouuellez en meilleur q̃ iamais ne fut Adam.

95 1992 1379 95 Car lapostre dit. En uous despouillant du

102 2072 1375 105 uieil homme auec ses oeuures: uestez uous du

97 2155 1378 111 nouuel hõme qͥ est renouuelle en la cõgnoissã

98 2229 1388 113 ce de dieu: selõ limage de celuy qͥ la cree.* Adã

98 2330 1382 95 par son peche perdit ceste image imprimee en

95 2399 1382 104 lesprit de sa pẽsee: laquelle nous receuons par

98 2494 1397 104 la grace de iustice. Car le corps spirituel ⁊ im¬

104 2575 1397 99 mortel/ auquel cestuy na pas encore este: ⁊ au¬

112 2654 1373 103 quel seront tous les sainctz resuscitans des

98 2740 1373 107 mortz/ cestuy est le bien qͥl perdit. Et pourtãt

95 2826 1379 95 est ceste premiere estolle/ ou ceste iustice/ de la¬

102 2901 1377 125 quelle il est tombe: ou sil signifie le uestemẽt

1530 199 157 109 24

1510 314 291 116 dit mor¬

1504 406 232 92 tel ou

1504 483 273 113 imortel.

1504 1567 256 113 Ro.6.a

1525 1668 258 101 Eph.4.c

1516 1736 261 110 Heb.12.a

1495 1829 271 106 1.Pe.2.a

1492 1974 271 128 colos.3.b

1510 2229 253 104 Limage

1498 2330 256 89 de dieu

1501 2399 268 124 q̃ Adam

1513 2482 202 116 perdit.

1492 2722 265 125 1.thessa.

1504 2841 116 101 4.d.

1182 3006 297 95 de corpo¬
