2211 3563
669 342 1387 109 de corporelle immortalite: cestuy aussi la telle

661 433 1399 103 mẽt perdu/ q̃ a cause du peche na peu paruenir

661 514 1395 105 a icelle. Car aussi dit on quelcun auoir perdu

673 597 1385 97 sa femme ou auoir perdu son honneur: quant

671 684 1383 101 il na pas ce qͥl auoit espoir dauoir/ par ce qͥl

665 764 1304 106 a offense celuy duquel il auoit cest espoir.

814 847 1236 111 ¶ Augustin au .ii. liure au .uiii. chap̃. de

913 934 1030 99 Ge nese: contre les Manicheens.

662 1015 1385 92 ¶ Nous ne debuõs pas encore entẽdre lhõme

653 1096 1399 105 estre spirituel qui est faict en ame uiuãte/ ⁊ est

647 1181 1409 97 encore animal. Car adonc fut il faict spiri-

641 1262 1421 107 tuel: quant il fut constitue en paradis/ cest

659 1349 1389 95 odire en uie uienheureuse/ ⁊ quil receut le cõ-

671 1431 1373 99 mandement de perfection: affin quid fust par¬

671 1508 1376 113 faict par la parolle de dieu.? Et ainsi apres

671 1606 1385 83 quil eut peche/ en soy retirant du commande

677 1671 1376 107 ment de dieu: et quil fut chasse hors de para¬

689 1763 1367 104 dis/ en ce demoura il quil fust animal. Et

668 1849 1388 101 pourtant premier nous uiuons selon lhom¬

659 1924 1394 103 me animal/ nous tous qui uiuõs de luy/ qui

656 2016 1394 101 sommes naiz apres le peche: iusques a ce que

674 2087 1376 101 nous obtenons le spirituel Adam/ cest adire/

677 2167 1367 116 nostre seigneux Iesuchrist̃: qu na pas faict de

663 2264 1379 99 peche: ⁊ que nous par luy recreez ⁊ uiuifiez

649 2345 1050 103 nous soyons restituez en paradis.

683 2500 1314 178 ¶ De Predestination/

871 2660 957 132 Uocation/ Iustification/

1024 2771 640 138 ⁊ Glorification.

1158 2882 393 156 Cha.iiii.

786 201 1133 139 De la trãsgression de Adam.

377 994 261 131 1.cor.2.d

383 1493 270 113 Premier

377 1597 264 107 est ce qui

374 1689 267 89 est ani¬

377 1763 282 95 mal: pu¬

368 1843 259 98 is apres

365 1918 273 106 ce qui est

362 1998 270 121 spirituel

362 2090 276 101 1.Pe.2.d

371 2173 264 107 1.Io.3.b

1687 3014 343 113 Rom̃.8.F.
