2212 3563
335 145 1208 169 De p̃destinatiõ. Chap̃.iiii.

130 409 336 380 N

661 306 550 141 ¶ Rom̃.8.F.

434 418 1085 149 Ous scauons q̃ toutes cho

445 540 1068 145 ses uiẽnent en bien/ a ceulx

460 653 1044 145 qui aymẽt dieu: a ceulx qui

140 781 1361 125 selon le ꝓpos sont appellez sainctz.

132 888 1384 137 Car ceulx qͥl a presceu/ et p̃destine

132 1009 1390 123 estre faictz conformes a limage de

136 1114 1386 144 son filz: affin q̃ cestuy soit le premier

128 1241 1382 124 naiz ẽtre beaucoup de freres: ceulx

128 1349 1384 129 doncq̃s quil a p̃destine: les mesmes

136 1464 1382 137 aussi a il appelle: ⁊ ceulx quil a ap¬

148 1577 1386 135 pelles/ les mesmes aussi a il iustifie:

146 1688 1398 139 ⁊ ceulx qui a iustifie: les mesmes

138 1805 790 144 aussi a il magnifie.

124 1929 1380 161 Ephe.1.A. ¶ Beneict soit dieu/ ⁊

126 2058 1341 137 le pere de nostre seigñr Iesuchrist: qͥ

130 2167 1371 131 noꝰ a beneict en toute bñdiction spi¬

142 2292 1353 132 rituelle es choses celestes ꝑ Christ:

132 2410 1392 121 cõme il nous a esleu en luy deuãt la

130 2517 1402 137 cõstitution du mõde: affin que nous

142 2632 1380 139 feussions sainctz ⁊ sans macule/ en

132 2747 1373 137 sa p̃sence/ en charite. Lequel nous

120 2862 1390 178 a pdestine en ladoption des /filz/ par

1605 175 116 157 25

1540 531 243 140 De pe¬

1526 649 274 105 ni. distĩc.

1528 730 246 99 iiii.c.si

1520 829 278 97 ex bono.

1516 2021 272 108 De peñ.

1516 2116 276 93 di.iiii.c.

1525 2206 258 98 bñdictꝰ.

1520 2286 278 115 ⁊. c. in do

1528 2381 129 115 mo.

918 2972 583 145 D Iesuchrist
