2211 3563
727 338 1345 139 Iesuchrist en luy mesme: selon le ꝓ¬

689 459 1385 126 pos de sa uolunte pour la louenge

693 574 1379 128 de la gloire de sa grace: en laquelle

681 688 1379 135 nous a faictz agreables par son filz

657 811 1415 123 le bien a yme: auquel nous auons la

651 920 1100 127 redemption/ par sonsang ⁊c.

798 1029 1129 109 ¶ Augu. au liure de la predestination

923 1120 885 101 des sainctz/ au .x. Chapitre.

665 1187 1397 116 ¶ Ceste difference est seullemẽt enfre predesti¬

653 1282 1403 98 nation ⁊ la grace: q̃ predestination est la p̃pa¬

677 1365 1373 98 ratiõ de la grace: mais la grace est le don qͥ est

689 1437 1361 106 desia faict. Predestinatiõ est celle qui ne yeult

677 1538 1382 100 estre sãs p̃sciẽce: mais p̃science peult estre sans

673 1611 1393 109 p̃destination. Dieu doncq̃s a presceu par p̃de¬

673 1700 1389 103 stination/ ce quil deuoit faire. Mais il peult

671 1783 1395 101 prescauoir/ ce aussi quil na pas faict ⁊ ne fera

655 1862 1405 101 pas/ cõme tout peche. Et pourtãt aussi qͥl ya

639 1947 1413 101 aucunes oeuures qͥ sont tellemẽt peche/ q̃lles

655 2028 1403 105 sont aussi les peines des pechez. Dequoy est

680 2111 1379 101 dit.7 Dieu les a baille en pẽsee reprouuee/ af¬

675 2195 1371 105 fin qͥlz faicẽt ce qͥ nappartiẽt pas. Ce nest pas

665 2282 1387 99 dõcques icy le peche de dieu/ mais cest le iuge-

653 2361 1403 97 mẽt. Et poͬtãt ca p̃destinatiõ de dieu/ qͥ est en

659 2444 1397 107 bien: cest la preparation de la grace: ⁊ la grace

659 2525 991 105 est leffect de ceste predestination.

802 2608 1242 109 ¶ Hierosme en lexpositiõ sur lepistre aux

929 2694 1048 100 Ephesiens/ au premier Chapitre.

686 2767 1358 104 ¶ Ceulx qui ont coustume de discuter entre

677 2853 1367 104 les parolles/ dient q̃ telle difference est entre

668 2933 1376 169 predestination/ et propos: que predestination

1016 201 523 129 De predesti¬

368 1172 282 110 Cõment

365 1267 279 107 different

371 1350 288 98 predefti¬

377 1428 300 121 nation ⁊

392 1511 205 113 grace.

368 2087 294 136 Rom̃.1.c

377 2746 279 137 Predesti

377 2868 273 107 nation ⁊

389 2945 199 128 props.

1785 3024 255 139 signifie
