2212 3563
154 342 1353 113 si gnifie ce qͥl doibt uenir daucune chose beau¬

154 433 1345 105 couy par auãt que celuy qui la en sa pẽsee lor

162 514 1341 95 dõne de le faire. Mais propos: cest quãt desia

152 597 1345 107 la deliberation est prochaine: ⁊ que a peu pres

144 678 1145 103 leffect ensuit la pensee ⁊ deliberation.

293 762 1200 106 ¶ Fulgẽce/ en son liure ad Monimum.

128 841 1371 111 ¶ Certainemẽt aussi la predestination de dieu

122 938 1369 101 nest aultre chose: sinon eternelle preparation

120 1013 701 101 de ses oeuures a uenir.

316 1090 987 107 ¶ Augustin en ses meditations/

522 1179 571 103 au .xxuiii. Chap̃.

118 1252 1371 113 ¶ Nous sõmes toꝰ cõme le drap de la fẽme qͥ

114 1342 1375 108 est aux flux de sang: uenãs dune masse corrõ

116 1435 1381 97 pue ⁊ souillee: noꝰ portõs en noz frõtz la souil

124 1512 1369 103 leure de nostre immundicite (laq̃lle ne pouõs

128 1593 1377 103 mucer au moins de toy qͥ uoys toutes choles)

138 1676 1384 105 poͬ quoy ne uouõs estre netz, le tu ne noꝰ laue/

139 1748 1377 113 qͥ seul es net◊ Tu nettoye ceulx dẽtre nous/

127 1826 1359 121 sõmes les /l des Iõoͬan/lz/ lpler de

115 1912 1365 115 habiter: le sq̃lz tu as predestine deuãt le mõde/

112 1998 1371 113 par les proffõdz ⁊ inaccessibles secretz des iu¬

115 2090 1365 116 gemẽs incõprehensibles de ta sapiẽce: (qͥ sont

112 2167 1362 110 tousiours iustes combien quilz soient secretz)

120 2260 1365 99 es ce (ans leurs merites: ⁊ les as appelle du

136 2341 1357 95 monde/ et iustifie ou monde/ et les magnifie

130 2424 1365 97 apres le monde Mais du ne foictz point ce¬

122 2505 1396 94 cy a tous: dequoy tous les sages de Lo terre

118 2577 1404 116 sesmerueillent/ et en sont tous faillis. ? Et

115 2660 1383 104 moy aussi seigneur en considerant ceste cho¬

112 2752 1371 104 se: ie suis espouente ⁊ tout confus de la houl¬

110 2826 1361 122 tesse des richesses de ta sapiẽce ⁊ science: a la¬

107 2921 1364 137 quelle ie ne puis attoucher/ ne aux iugemens

407 184 927 160 nation. Chap̃.tit.

1566 231 129 93 2o

1513 1250 256 145 esa.64.d

1537 1742 252 131 Cenlo qͥ

1510 1855 273 89 sont pre¬

1507 1926 244 98 destinez

1507 2010 267 107 sõt net¬

1507 2099 264 110 toyez de

1501 2176 155 98 dieu.

1537 2577 226 110 Les/uge

1522 2669 247 98 mens de

1498 2758 268 107 dieu sõt

1495 2844 244 104 grandz

1495 2936 253 134 abismes

879 3006 596 125 D .ii. incompre¬
