2211 3563
1006 190 523 128 De predesti¬

692 320 1385 113 incõprehensibles de ta iustice* pour ce q̃ dune

685 415 1405 107 mesme terre tu faictz aucũs uaisseaux en hõ¬

691 500 1393 101 neur: et ses autres en contumelie eternelle.

695 589 1391 97 Ceulx dõcques q̃ tu as esleu pour toy/ entre

693 667 1389 103 plusieurs/ pour estre ton sainct tẽple: ceulx la

683 764 1397 89 nettoye tu: en respandãt sur eulx leaue nette:

680 837 1397 107 desquelz tu cõgnois les noms ⁊ le nõbre* les¬

677 923 1403 98 quelz nullement ne peuuent perir: ausq̃lz tou

689 991 1388 107 tes choses uiengnẽt en bien: mesme aussi les

701 1086 1373 98 pechez. Car quãt ilz tõbẽt: ilz ne se rõpẽt pas/

692 1160 1379 110 car tu metz ta main soubz eulx/ en gardãt toꝰ

677 1238 1409 115 leurs os/ que lung deulx ne soit froisse. Tou¬

668 1330 1421 104 tesfoys la mort des pecheurs est tresmauuai-

686 1413 1397 107 se: cest adire de ceulx/ que deuant q̃ tu feisse le

683 1499 1403 107 ciel ⁊ la terre/ selon le grand abisme de tes iu¬

701 1585 1388 95 gemẽs secretz/ mais tousiours iustes: tu les a

713 1664 1377 103 presceu a la mort eternelle: desquelz le nõbre

709 1747 1385 95 des noms/ ⁊ des mauuais merites est enuers

691 1830 1397 99 toy qui a nõbre le nõbre du sablon de la mer/

686 1903 1397 107 ⁊ as mesure la profondeur de labisme* lesq̃lz

692 1998 1397 104 tu as delaisse en leurs immũdicitez: ausquelz

716 2075 1379 98 toutes choses uiengnẽt en mal: aussi mesme

722 2158 1364 110 leur oraison est tournee en peche: tellement

713 2238 1382 104 aussi quant ilz monteroient iusques au ciel/ ⁊

707 2321 1382 104 quilz mettroient leur nid entre les estoilles

703 2405 1391 120 du ciel: en la fin seront perdus ⁊ mis a neant

707 2488 535 118 comme la fiente.

728 2639 1361 140 Ro. 11.D. ¶ Certainemẽt les dõs

725 2761 1363 136 ⁊ la uocatiõ de dieu sõt sãs repẽtãce.

703 2884 1391 150 Rom̃.11.D. ¶ O haultesse des ri¬

407 308 246 140 Ro.9.e

404 801 258 122 Aux bõs

398 920 199 89 toutes

395 994 205 95 choses

392 1068 279 95 leur uiẽ-

389 1157 288 113 gnent en

380 1247 178 112 bien.

398 1413 240 116 psał.36.

410 1499 225 110 psał.33.

419 1585 249 113 psał.35.

392 1903 276 113 Es mau

392 2010 270 95 uais tou

398 2072 294 107 tes cho¬

427 2167 253 101 ses leur

421 2238 256 104 uiẽgnẽt

421 2327 241 122 en mal.

421 2651 289 119 Sap̃.9.c

414 2755 269 97 esa.40.e

408 2840 265 109 1.cor.2.d

1838 3004 248 139 chesses
