2212 3563
463 195 940 164 nation. Chap̃.iiii.

142 314 1353 184 chesses de la sapiẽce ⁊ sciẽce de dieu/

152 471 1331 136 cõbien sont incõprehẽsibles ses iu¬

151 581 1344 143 gemẽs/ et ses uoyes inuestigables.

140 702 1343 137 Car qui a ꝯgneu le sens du seigñr/

128 811 1357 147 ou qui a este son cõseiller? ou qui est

122 928 1365 146 cestuy qui p̃mier luy a dõne/ ⁊ on luy

118 1043 1387 150 en fera la retribution? Car de luy/ ⁊

118 1165 1383 131 par luy/ ⁊ en luy sõt toutes choses: a

118 1264 1369 151 luy est la gloire au siecle des siecles.

293 1405 1047 123 ¶ Augustin/ ad Paulinum/ en la

445 1504 711 107 cinquantiesme epistre.

139 1588 1380 122 ¶ Les dõs ⁊ la uocation de dieu sont sans re¬

133 1668 1395 119 pentance. Tu uoys ueritablement estre signi

133 1763 1374 98 fiez ceulx qui appartiẽnent au nõbre des pre¬

124 1834 1362 119 destinez. Desq̃lz dit en ung autre lieu. *Noꝰ

118 1915 1365 124 scauõs q̃ toutes choses uiennẽt en biẽ a ceulx

120 2009 1369 114 qͥ ayment dieu: a ceulx qui selon le ꝓpos sont

110 2087 1376 116 appellez sainctz.* Car plusieurs sont appel¬

112 2173 1371 110 lez: mais peu de gens sõt esleuz. *Mais ceulx

136 2244 1341 125 qͥ sont esleuz: iceulx sõt appellez selon le pro¬

127 2339 1356 116 pos: esquelz la prescience de dieu/ sans nulle

121 2410 1383 131 doubte ne peult estre deceue. *Iceulx a il pre¬

115 2500 1407 118 sceu/ ⁊ p̃destine poͬ estre faictz ꝯformes a lima

124 2589 1390 110 ge de son filz: affin q̃ cestuy soit le p̃mier naiz

116 2676 1381 105 entre plusieurs freres. Ceulx quil a p̃destine/

114 2753 1375 121 ceulx mesmes a il appelle. Ceste uocation est

112 2836 1371 125 selon le ꝓpos: ⁊ ceste est sans repentance. Et

110 2925 1369 131 ceulx qͥl a appelle: ceulx mesmes a il iustifie.

1584 249 121 91 27

1525 356 285 116 De peñ.

1514 463 299 83 di.iiii.c.

1514 532 290 119 si ex bõ¬

1525 629 119 92 no.

1510 694 276 110 De peñ.

1512 789 268 95 dist.iii.c.

1504 872 226 113 totam.

1548 1597 262 125 Les dõs

1548 1704 235 89 de dieu

1525 1784 273 98 sõt imua

1507 1864 166 107 bles.

1507 1944 273 116 Rom̃.8.f

1510 2096 276 116 mat.20.c

1522 2200 267 101 Predesti

1507 2283 238 104 nation

1513 2360 253 107 faict la

1528 2446 255 107 necessite

1543 2523 196 134 Ro.8.f

819 3020 654 121 D .iii. Et ceulx
