2211 3563
1042 201 531 137 De predesti¬

721 342 1386 119 Et ceulx qͥl a iustifie: ceulx mesmes a il glori

721 431 1381 105 fie. Se dieu est poͬ nous: qui sera cõtre nous?

752 510 1355 113 *Ceulx ne sont pas en ceste uocation qui ne

745 590 1356 107 perseuerẽt pas iusques en la fin/ en la foy qui

745 682 1344 104 oeuure par charite: cõbien q̃ aucunement ilz y

725 763 1376 95 cheminẽt pour ung tẽps. Aussi ueritablement

701 843 1397 113 aucuns peuuent estre subit oster de ce monde/

704 938 1394 98 affin que la malice ne chãgeast leur entende¬

710 1012 1388 95 ment: si ceulx appartiennẽt a celle predestina

710 1089 1385 122 tion ⁊ uocation qͥ est selon le ꝓpos/ ⁊ sans repẽ

693 1181 1403 111 tance. Mais affin que aucun presumptueux

685 1268 1409 101 ne iuge nullement des choses secretes daul¬

695 1344 1391 104 truy: tellement quil dise pourtant ne sont ilz

707 1425 1379 105 point ostez subit hors de ceste uie deuãt quilz

703 1504 1395 115 soiẽt destructeurs de la foy/ poͬce qͥlz ne chemi

693 1595 1403 105 nent pas fidelemẽt en ceste uie ⁊ ce auoit con¬

707 1676 1391 107 gneu dieu en leͬs cueurs/ cõbiẽ qͥl sẽblast aul¬

703 1755 1393 111 tremẽt aux hõmes: q̃ dira il maintenãt des pe

692 1837 1403 125 tis enfãs* lesq̃lz plusieͬs qͥ ont receu le sacre¬

689 1921 1400 118 mẽt de la grace Chrestiẽne en cest eage sont ꝑ¬

692 2013 1394 104 mis de uenir a leage de uirilite/ ⁊ sont faictz

710 2096 1379 113 apostatz cest adire separez de dieu/ la ou ĩfalli¬

710 2167 1370 107 blemẽt ilz eussẽt appartenu a la uie eternelle/

695 2262 1379 104 ⁊ au royaulme des cieulx/ se subitemẽt ilz fus

691 2337 1397 109 sent allez hors de ceste uie? Dõt uiẽt cela sinõ

681 2420 1409 117 qͥlz nappartiẽnẽt pas a ceste p̃destinatiõ/ ne a

685 2502 1393 118 ceste uocatiõ qͥ est selõ le ꝓpos ⁊ sãs repẽtãce?

691 2591 1389 110 La cause dõcques poͬquoy les ungz appartiẽ

687 2672 1397 115 nẽt a ceste p̃destination ⁊ les autres non: icel¬

687 2755 1393 115 le cause peult estre secrete/ mais elle ne peult

689 2842 1381 109 estre iniuste. Car y aura il iniqͥte enuerz dieu?

695 2927 1381 133 Ia naduiẽgne. Car aussi ceste chose appartiẽt

427 520 278 111 Ceulx qͥ

419 620 297 86 ne ꝑseue

419 688 294 110 rent pas

424 774 268 95 iusques

421 861 271 98 en la fin:

424 935 256 107 ilz ne sõt

421 1027 268 92 pas pre¬

410 1098 279 140 destinez.

401 1826 249 136 Pour¬

392 1932 279 113 quoy au

386 2004 288 118 cuns sõt

389 2099 291 121 faictz a¬

410 2185 240 101 postatz

407 2274 243 98 de dieu.

1850 3024 222 113 a ceste
