<?xml version="1.0" encoding="UTF-8"?>
<alto xmlns:xsi="http://www.w3.org/2001/XMLSchema-instance"
      xmlns="http://www.loc.gov/standards/alto/ns-v4#"
      xsi:schemaLocation="http://www.loc.gov/standards/alto/ns-v4# http://www.loc.gov/standards/alto/v4/alto-4-2.xsd">
  <Description>
    <MeasurementUnit>pixel</MeasurementUnit>
    <sourceImageInformation>
      <fileName>57_17817_default.jpg</fileName>
      <fileIdentifier>https://www.e-rara.ch/i3f/v20/4105792/full/full/0/default.jpg</fileIdentifier>
    </sourceImageInformation>
  </Description>
  <Tags>
    <OtherTag ID="BT8" LABEL="DamageZone" DESCRIPTION="block type DamageZone"/><OtherTag ID="BT10" LABEL="DropCapitalZone" DESCRIPTION="block type DropCapitalZone"/><OtherTag ID="BT11" LABEL="GraphicZone" DESCRIPTION="block type GraphicZone"/><OtherTag ID="BT12" LABEL="MainZone" DESCRIPTION="block type MainZone"/><OtherTag ID="BT13" LABEL="MarginTextZone" DESCRIPTION="block type MarginTextZone"/><OtherTag ID="BT15" LABEL="NumberingZone" DESCRIPTION="block type NumberingZone"/><OtherTag ID="BT17" LABEL="QuireMarksZone" DESCRIPTION="block type QuireMarksZone"/><OtherTag ID="BT18" LABEL="RunningTitleZone" DESCRIPTION="block type RunningTitleZone"/><OtherTag ID="BT20" LABEL="StampZone" DESCRIPTION="block type StampZone"/><OtherTag ID="BT21" LABEL="TableZone" DESCRIPTION="block type TableZone"/><OtherTag ID="BT22" LABEL="TitlePageZone" DESCRIPTION="block type TitlePageZone"/><OtherTag ID="BT132" LABEL="MarginTextZone:handwrittenAddition" DESCRIPTION="block type MarginTextZone:handwrittenAddition"/>
    <OtherTag ID="LT7" LABEL="CustomLine" DESCRIPTION="line type CustomLine"/><OtherTag ID="LT8" LABEL="DefaultLine" DESCRIPTION="line type DefaultLine"/><OtherTag ID="LT9" LABEL="DropCapitalLine" DESCRIPTION="line type DropCapitalLine"/><OtherTag ID="LT10" LABEL="HeadingLine" DESCRIPTION="line type HeadingLine"/><OtherTag ID="LT11" LABEL="InterlinearLine" DESCRIPTION="line type InterlinearLine"/><OtherTag ID="LT125" LABEL="default" DESCRIPTION="line type default"/>
  </Tags>
  <Layout>
    <Page WIDTH="2211"
          HEIGHT="3563"
          PHYSICAL_IMG_NR="57"
          ID="eSc_dummypage_">
      <PrintSpace HPOS="0"
                  VPOS="0"
                  WIDTH="2211"
                  HEIGHT="3563">
        <TextBlock HPOS="631"
                   VPOS="304"
                   WIDTH="1444"
                   HEIGHT="2703"
                   ID="eSc_textblock_e86899aa"
                   TAGREFS="BT12">
          <Shape><Polygon POINTS="672 304 633 903 631 931 662 1758 640 2075 662 2365 672 3007 2071 2995 2075 320"/></Shape>
          <TextLine ID="eSc_line_74074179"
                    TAGREFS="LT8"
                    BASELINE="679 411 2056 417" 
                    HPOS="677"
                    VPOS="314"
                    WIDTH="1379"
                    HEIGHT="137">
            <Shape><Polygon POINTS="2044 340 2024 336 2004 330 1985 326 1965 320 1955 318 1842 318 1840 318 1838 318 1812 332 1802 338 1735 338 1719 330 1691 320 1689 320 1687 320 1685 320 1684 320 1668 330 1656 336 1547 336 1535 328 1521 322 1519 322 1517 322 1515 322 1491 328 1475 332 1472 328 1458 316 1456 316 1454 316 1452 316 1307 326 1254 330 1244 326 1236 322 1234 322 1232 322 1230 322 1222 326 1204 334 1079 334 1063 324 1044 314 1042 314 1040 314 988 324 964 328 954 324 935 314 933 314 931 314 929 314 905 324 881 332 796 332 776 322 772 320 756 322 737 324 717 326 697 328 679 330 679 411 677 435 744 447 746 447 843 437 881 433 887 437 899 447 901 447 903 447 905 447 956 437 962 437 968 437 1036 447 1038 447 1081 437 1103 433 1113 437 1137 449 1139 449 1141 449 1303 439 1311 439 1313 439 1341 449 1343 449 1345 449 1347 449 1349 449 1349 447 1359 439 1365 435 1436 435 1442 439 1452 447 1452 449 1454 449 1456 449 1458 449 1594 439 1648 437 1660 441 1689 451 1691 451 1693 451 1695 451 1723 441 1735 437 1834 437 1846 441 1874 451 1876 451 1878 451 1880 451 1915 441 1933 437 2052 441 2056 417 2054 342 2044 340"/></Shape>
	    <String CONTENT="dit a Pharaon. Car pour ce mesme"
                    HPOS="677"
                    VPOS="314"
                    WIDTH="1379"
                    HEIGHT="137"
                    WC="0.9995897654443979"></String>
          </TextLine>
          <TextLine ID="eSc_line_4729f96f"
                    TAGREFS="LT8"
                    BASELINE="671 528 2066 532" 
                    HPOS="671"
                    VPOS="445"
                    WIDTH="1395"
                    HEIGHT="131">
            <Shape><Polygon POINTS="671 528 671 560 719 554 737 562 748 566 750 566 752 566 754 566 770 562 792 556 822 562 865 572 867 572 869 572 871 572 883 564 899 552 978 552 996 564 1006 572 1008 572 1010 572 1012 574 1105 574 1105 572 1139 566 1202 552 1230 566 1242 572 1244 572 1246 572 1337 568 1414 564 1442 568 1474 574 1475 574 1477 574 1491 570 1531 554 1765 554 1790 572 1792 574 1794 574 1796 574 1798 576 1872 576 1872 574 1874 574 1876 574 1913 554 1975 554 1999 574 2000 574 2002 574 2004 576 2064 576 2066 532 2062 459 1895 463 1886 459 1866 447 1864 447 1773 447 1771 447 1719 459 1699 463 1685 459 1656 447 1654 447 1594 447 1592 447 1590 447 1567 459 1561 461 1539 459 1485 453 1483 453 1452 459 1430 463 1422 459 1410 451 1408 451 1406 451 1404 451 1402 451 1384 459 1376 463 1372 459 1359 447 1359 445 1357 445 1355 445 1281 445 1279 445 1277 445 1244 459 1244 461 1157 461 1149 459 1099 445 1097 445 1095 445 1093 445 1091 445 1071 459 1067 463 972 463 964 459 907 445 905 445 903 445 849 447 847 447 845 447 830 461 826 461 748 461 742 461 723 447 721 447 719 447 717 447 715 447 671 459 671 528"/></Shape>
	    <String CONTENT="te ay ie excite: affin que ie mõstre en"
                    HPOS="671"
                    VPOS="445"
                    WIDTH="1395"
                    HEIGHT="131"
                    WC="0.9975923791527748"></String>
          </TextLine>
          <TextLine ID="eSc_line_3af78c84"
                    TAGREFS="LT8"
                    BASELINE="659 647 2064 647" 
                    HPOS="659"
                    VPOS="564"
                    WIDTH="1405"
                    HEIGHT="120">
            <Shape><Polygon POINTS="659 647 659 663 695 676 697 676 699 676 701 676 703 676 719 665 794 665 840 678 842 678 843 678 845 678 887 665 917 680 919 680 921 680 923 680 956 667 1157 676 1158 676 1220 665 1297 682 1299 684 1477 684 1477 682 1479 682 1511 669 1567 682 1569 682 1571 682 1573 682 1575 682 1596 667 1707 682 1709 682 1711 682 1713 682 1739 665 1794 682 1796 682 1798 682 1878 665 1961 676 1963 676 1965 676 1967 676 1983 667 2028 682 2030 682 2032 682 2034 682 2036 682 2064 665 2064 647 2064 577 1997 566 1995 566 1993 566 1973 576 1967 579 1737 579 1731 576 1723 568 1721 568 1719 568 1717 568 1584 574 1503 577 1487 574 1458 564 1456 564 1363 564 1361 564 1359 564 1333 572 1315 577 1291 572 1250 564 1178 564 1176 564 1174 564 1158 572 1145 579 1053 579 1038 572 1024 564 1022 564 1020 564 966 570 927 576 881 570 832 564 830 564 828 564 812 570 788 577 748 570 719 564 717 564 659 568 659 647"/></Shape>
	    <String CONTENT="toy ma uertu/ et affin que mon nom"
                    HPOS="659"
                    VPOS="564"
                    WIDTH="1405"
                    HEIGHT="120"
                    WC="0.9996502750060138"></String>
          </TextLine>
          <TextLine ID="eSc_line_ceccb780"
                    TAGREFS="LT8"
                    BASELINE="667 766 2062 760" 
                    HPOS="665"
                    VPOS="669"
                    WIDTH="1397"
                    HEIGHT="132">
            <Shape><Polygon POINTS="667 766 667 793 865 783 891 791 917 799 919 799 921 801 1067 801 1067 799 1069 799 1071 799 1083 789 1089 785 1095 789 1097 791 1099 791 1101 791 1103 791 1105 791 1117 789 1145 781 1158 787 1176 797 1178 797 1180 799 1238 799 1238 797 1240 797 1277 787 1295 781 1313 785 1349 797 1351 797 1353 797 1355 797 1396 785 1410 781 1426 785 1474 795 1475 795 1477 795 1523 783 1531 781 1533 783 1549 795 1551 795 1553 795 1555 795 1557 795 1592 781 1602 779 1616 781 1660 791 1662 791 1664 791 1695 781 1703 779 1709 781 1763 795 1765 795 1767 797 1963 797 1963 795 2062 775 2062 760 2060 684 2002 669 2000 669 1999 669 1997 669 1959 682 1931 669 1929 669 1769 669 1767 669 1765 669 1737 682 1729 686 1670 682 1582 676 1580 676 1579 676 1577 676 1569 682 1557 690 1523 690 1511 682 1493 671 1491 671 1489 671 1487 671 1485 671 1446 682 1422 690 1273 690 1262 680 1258 678 1256 678 1254 678 1252 678 1250 678 1248 678 1246 680 1236 688 1149 680 1133 680 1131 680 1119 680 1038 690 1024 680 1014 673 1012 673 1010 673 1008 673 960 680 923 686 861 680 824 676 822 676 820 676 818 676 814 680 800 692 772 692 760 680 752 674 752 673 750 673 748 673 746 673 665 678 667 766"/></Shape>
	    <String CONTENT="soit annõce en toute la terre. Il a pi¬"
                    HPOS="665"
                    VPOS="669"
                    WIDTH="1397"
                    HEIGHT="132"
                    WC="0.9852333918213845"></String>
          </TextLine>
          <TextLine ID="eSc_line_d35c9e86"
                    TAGREFS="LT8"
                    BASELINE="655 878 2056 872" 
                    HPOS="653"
                    VPOS="785"
                    WIDTH="1403"
                    HEIGHT="131">
            <Shape><Polygon POINTS="655 878 655 898 857 898 877 902 948 916 950 916 952 916 988 902 1002 898 1048 902 1131 912 1133 912 1135 912 1157 904 1178 896 1273 896 1309 906 1343 914 1345 914 1347 916 1588 916 1588 914 1626 908 1711 894 1808 910 1826 912 1828 912 1844 910 1901 902 1973 912 1983 912 1985 912 1987 912 1989 912 2020 900 2050 912 2056 872 2052 809 1868 809 1800 785 1798 785 1796 785 1682 805 1656 785 1654 785 1652 785 1604 785 1602 785 1600 785 1598 785 1584 797 1573 787 1571 787 1569 787 1485 787 1483 787 1481 787 1434 811 1372 811 1329 787 1327 787 1325 787 1323 787 1321 787 1297 807 1240 799 1238 799 1236 799 1198 809 1149 787 1147 787 1145 787 1143 787 1141 787 1111 813 907 813 877 789 875 789 873 789 701 789 699 789 697 789 653 811 655 878"/></Shape>
	    <String CONTENT="tie dõcques de celuy qͥl ueult/ ⁊ en¬"
                    HPOS="653"
                    VPOS="785"
                    WIDTH="1403"
                    HEIGHT="131"
                    WC="0.9953576420482836"></String>
          </TextLine>
          <TextLine ID="eSc_line_8ab9d687"
                    TAGREFS="LT8"
                    BASELINE="649 989 2058 993" 
                    HPOS="647"
                    VPOS="900"
                    WIDTH="1411"
                    HEIGHT="129">
            <Shape><Polygon POINTS="649 989 647 1005 838 1025 840 1027 903 1027 903 1025 905 1025 907 1025 927 1009 954 1019 956 1019 958 1019 960 1019 962 1019 980 1009 1028 1009 1085 1009 1087 1009 1113 1025 1115 1025 1117 1025 1119 1027 1218 1027 1218 1025 1220 1025 1222 1025 1240 1009 1242 1009 1252 1009 1384 1021 1386 1021 1456 1013 1529 1027 1531 1029 1620 1029 1620 1027 1622 1027 1664 1013 1705 1021 1707 1021 1709 1021 1711 1021 1721 1011 1745 1027 1747 1027 1749 1027 1751 1027 1836 1013 1848 1011 1852 1013 1882 1027 1884 1027 1886 1029 1933 1029 1933 1027 1935 1027 1937 1027 1957 1013 1961 1011 2008 1011 2012 1013 2022 1023 2024 1023 2026 1023 2028 1023 2030 1023 2056 1013 2058 993 2054 910 2024 920 1931 910 1929 910 1927 910 1905 922 1777 922 1737 908 1733 906 1731 906 1729 906 1717 906 1628 920 1608 906 1606 904 1604 904 1602 904 1600 904 1588 906 1545 916 1507 906 1501 904 1499 904 1497 904 1495 904 1491 906 1466 920 1396 920 1363 904 1357 902 1355 902 1260 902 1258 902 1256 902 1254 902 1254 904 1240 916 1206 904 1204 904 1202 904 1200 904 1174 918 1139 902 1137 902 1135 902 1133 902 1131 902 1129 902 1095 918 1065 902 1063 902 1061 902 1002 902 1000 902 998 902 954 920 774 920 742 902 740 902 649 900 649 989"/></Shape>
	    <String CONTENT="durcyt celuy quil ueult. Parquoy tu"
                    HPOS="647"
                    VPOS="900"
                    WIDTH="1411"
                    HEIGHT="129"
                    WC="0.9675932782036918"></String>
          </TextLine>
          <TextLine ID="eSc_line_665bd314"
                    TAGREFS="LT8"
                    BASELINE="665 1106 2050 1106" 
                    HPOS="665"
                    VPOS="1015"
                    WIDTH="1385"
                    HEIGHT="123">
            <Shape><Polygon POINTS="665 1106 665 1122 842 1122 843 1122 881 1136 883 1136 885 1136 1028 1124 1044 1134 1046 1134 1048 1134 1050 1134 1089 1126 1230 1136 1232 1136 1295 1124 1313 1122 1394 1122 1400 1126 1410 1134 1412 1134 1414 1134 1416 1134 1495 1126 1529 1122 1535 1126 1549 1136 1551 1136 1553 1136 1555 1136 1628 1126 1666 1122 1705 1126 1777 1136 1779 1138 1876 1138 1876 1136 1878 1136 1903 1128 1925 1122 1945 1128 1971 1136 1973 1136 1975 1136 1977 1136 2002 1128 2024 1122 2046 1128 2050 1106 2050 1015 1925 1015 1923 1015 1921 1015 1915 1017 1846 1041 1711 1041 1670 1021 1654 1015 1652 1015 1650 1015 1648 1015 1632 1021 1596 1039 1400 1031 1394 1027 1380 1015 1378 1015 1376 1015 1374 1015 1313 1027 1271 1037 1256 1029 1228 1015 1226 1015 1158 1015 1157 1015 1155 1015 1153 1015 1131 1031 1117 1041 1036 1041 1020 1033 986 1021 984 1021 982 1021 980 1021 948 1035 939 1039 935 1035 909 1015 907 1015 905 1015 903 1015 901 1015 869 1025 812 1015 810 1015 808 1015 806 1015 770 1039 768 1039 766 1039 735 1027 733 1027 731 1027 665 1039 665 1106"/></Shape>
	    <String CONTENT="me diras. Que demande on plus"
                    HPOS="665"
                    VPOS="1015"
                    WIDTH="1385"
                    HEIGHT="123"
                    WC="0.9996469205823438"></String>
          </TextLine>
          <TextLine ID="eSc_line_6f5db7e6"
                    TAGREFS="LT8"
                    BASELINE="669 1217 2058 1221" 
                    HPOS="667"
                    VPOS="1128"
                    WIDTH="1391"
                    HEIGHT="134">
            <Shape><Polygon POINTS="669 1217 667 1245 861 1258 863 1258 865 1258 889 1249 927 1256 929 1256 1085 1245 1107 1245 1111 1245 1129 1258 1131 1258 1133 1258 1135 1260 1182 1260 1182 1258 1184 1258 1214 1245 1218 1245 1327 1245 1331 1245 1363 1260 1365 1260 1367 1260 1474 1247 1503 1256 1505 1256 1507 1256 1559 1249 1573 1260 1575 1260 1577 1260 1579 1262 1646 1262 1646 1260 1648 1260 1650 1260 1664 1249 1693 1260 1695 1260 1697 1262 1747 1262 1747 1260 1749 1260 1751 1260 1751 1258 1765 1247 1806 1260 1808 1260 1810 1260 1884 1249 1903 1260 1905 1260 1907 1260 1909 1260 1911 1260 1913 1260 1931 1247 1953 1256 1955 1256 1957 1256 2056 1245 2058 1221 2058 1148 2034 1134 2032 1134 2030 1134 2028 1134 1973 1146 1941 1130 1939 1130 1937 1130 1763 1140 1713 1130 1711 1130 1709 1130 1707 1130 1682 1148 1682 1150 1602 1150 1600 1148 1580 1132 1579 1132 1577 1132 1575 1132 1485 1146 1388 1130 1386 1130 1384 1130 1329 1146 1309 1128 1307 1128 1305 1128 1303 1128 1301 1128 1271 1138 1256 1128 1254 1128 1252 1128 1250 1128 1248 1128 1246 1128 1214 1148 1194 1148 1105 1148 1105 1146 1069 1128 1067 1128 1012 1128 1010 1128 1008 1128 1006 1128 1006 1130 986 1146 915 1146 847 1146 820 1128 818 1128 816 1128 814 1128 669 1144 669 1217"/></Shape>
	    <String CONTENT="oultre? Car qui est cestuy qͥ resiste a"
                    HPOS="667"
                    VPOS="1128"
                    WIDTH="1391"
                    HEIGHT="134"
                    WC="0.9787998581543947"></String>
          </TextLine>
          <TextLine ID="eSc_line_c1fc065e"
                    TAGREFS="LT8"
                    BASELINE="673 1339 2058 1332" 
                    HPOS="668"
                    VPOS="1235"
                    WIDTH="1388"
                    HEIGHT="145">
            <Shape><Polygon POINTS="671 1336 674 1380 737 1365 2050 1371 2056 1330 2047 1247 1821 1261 1791 1238 1791 1235 1780 1235 1729 1261 1655 1244 1640 1244 1616 1264 1509 1264 1488 1244 1488 1241 1405 1235 1369 1264 1242 1264 1194 1238 1182 1238 1129 1267 1046 1267 927 1258 912 1241 909 1241 909 1238 668 1238 671 1336"/></Shape>
	    <String CONTENT="sa uolunte. O toy hõme/ qui es tu/"
                    HPOS="668"
                    VPOS="1235"
                    WIDTH="1388"
                    HEIGHT="145"
                    WC="0.9887842331613813"></String>
          </TextLine>
          <TextLine ID="eSc_line_381e1aa9"
                    TAGREFS="LT8"
                    BASELINE="669 1448 2050 1452" 
                    HPOS="667"
                    VPOS="1355"
                    WIDTH="1383"
                    HEIGHT="133">
            <Shape><Polygon POINTS="669 1448 667 1476 679 1484 681 1484 683 1484 685 1484 776 1472 802 1470 808 1474 818 1480 820 1480 822 1480 824 1480 873 1474 903 1470 911 1474 927 1482 929 1482 931 1482 933 1482 947 1474 950 1472 952 1474 962 1484 964 1484 966 1484 968 1484 1137 1476 1295 1470 1331 1478 1359 1486 1361 1486 1363 1486 1394 1480 1430 1472 1616 1472 1646 1482 1656 1486 1658 1486 1660 1488 2048 1488 2050 1452 2048 1379 1993 1379 1993 1377 1971 1359 1971 1357 1969 1357 1967 1357 1965 1357 1905 1369 1892 1357 1890 1357 1888 1357 1840 1357 1838 1357 1836 1357 1792 1371 1779 1359 1779 1357 1777 1357 1775 1357 1721 1357 1719 1357 1717 1357 1715 1357 1715 1359 1695 1377 1693 1379 1648 1379 1646 1377 1620 1357 1618 1357 1616 1357 1549 1357 1547 1357 1545 1357 1543 1357 1543 1359 1523 1375 1521 1379 1442 1379 1438 1375 1414 1359 1412 1359 1410 1359 1408 1359 1406 1359 1372 1371 1329 1359 1327 1359 1325 1359 1323 1359 1321 1359 1301 1375 1299 1377 1216 1377 1214 1375 1192 1355 1190 1355 1188 1355 1127 1355 1125 1355 1123 1355 1087 1373 1085 1375 1083 1373 1038 1355 1036 1355 972 1355 970 1355 968 1355 966 1355 939 1373 933 1375 669 1373 669 1448"/></Shape>
	    <String CONTENT="pour respondre a dieu? Lachose for"
                    HPOS="667"
                    VPOS="1355"
                    WIDTH="1383"
                    HEIGHT="133"
                    WC="0.9994629428667181"></String>
          </TextLine>
          <TextLine ID="eSc_line_d4b2015b"
                    TAGREFS="LT8"
                    BASELINE="673 1563 2052 1567" 
                    HPOS="671"
                    VPOS="1470"
                    WIDTH="1381"
                    HEIGHT="135">
            <Shape><Polygon POINTS="673 1563 671 1579 744 1601 746 1601 748 1601 750 1601 786 1591 808 1601 810 1601 812 1601 881 1591 1002 1601 1004 1601 1129 1583 1133 1583 1232 1583 1234 1583 1250 1597 1252 1597 1254 1597 1256 1597 1351 1583 1361 1583 1365 1583 1418 1603 1420 1603 1422 1605 1573 1605 1573 1603 1575 1603 1626 1585 1630 1585 1632 1585 1693 1603 1695 1603 1697 1605 1763 1605 1763 1603 1765 1603 1767 1603 1787 1587 1787 1585 1794 1587 1862 1603 1864 1603 1866 1603 1911 1591 1923 1601 1925 1601 1927 1601 1929 1601 1931 1601 1955 1587 1961 1585 2048 1587 2052 1567 2050 1496 1862 1496 1862 1494 1816 1472 1814 1472 1612 1472 1610 1472 1608 1472 1559 1494 1557 1496 1440 1496 1436 1494 1374 1472 1372 1472 1370 1472 1368 1472 1321 1492 1222 1492 1200 1492 1198 1492 1158 1470 1157 1470 1071 1470 1069 1470 1067 1470 1032 1486 1002 1470 1000 1470 873 1470 871 1470 869 1470 867 1470 840 1492 838 1492 673 1492 673 1563"/></Shape>
	    <String CONTENT="mee dist elle a celuy qui la formee:"
                    HPOS="671"
                    VPOS="1470"
                    WIDTH="1381"
                    HEIGHT="135"
                    WC="0.9891933881574206"></String>
          </TextLine>
          <TextLine ID="eSc_line_c481c0ec"
                    TAGREFS="LT8"
                    BASELINE="675 1682 2062 1674" 
                    HPOS="673"
                    VPOS="1587"
                    WIDTH="1389"
                    HEIGHT="137">
            <Shape><Polygon POINTS="675 1682 675 1724 788 1702 836 1720 838 1720 840 1720 842 1720 903 1702 966 1718 982 1722 984 1722 986 1722 988 1722 990 1722 996 1718 1022 1700 1069 1712 1071 1712 1073 1712 1075 1712 1117 1700 1153 1714 1160 1718 1162 1718 1164 1718 1166 1718 1168 1718 1172 1714 1186 1704 1232 1712 1269 1720 1271 1720 1273 1720 1275 1720 1283 1712 1299 1700 1349 1700 1367 1710 1372 1714 1374 1714 1376 1714 1378 1714 1380 1714 1382 1714 1388 1710 1394 1706 1402 1710 1420 1716 1422 1716 1424 1716 1426 1716 1428 1716 1438 1708 1448 1700 1456 1708 1470 1718 1472 1718 1474 1718 1475 1718 1477 1718 1507 1708 1644 1718 1646 1718 1648 1718 1650 1718 1668 1704 1674 1698 1719 1696 1804 1696 1816 1700 1860 1716 1862 1716 1864 1718 1959 1718 1959 1716 2060 1694 2062 1674 2058 1609 1890 1609 1890 1607 1866 1587 1864 1587 1862 1587 1792 1587 1790 1587 1789 1587 1787 1587 1759 1605 1678 1589 1582 1589 1580 1589 1579 1589 1577 1589 1561 1601 1487 1589 1485 1589 1483 1589 1448 1607 1444 1609 1438 1607 1410 1589 1408 1589 1406 1589 1404 1589 1402 1589 1400 1589 1374 1607 1368 1609 1365 1607 1355 1599 1353 1599 1351 1599 1349 1599 1315 1605 1291 1611 1281 1605 1262 1595 1260 1595 1258 1595 1256 1595 1232 1605 1218 1611 1166 1605 1121 1601 1119 1601 1089 1605 1065 1609 1057 1605 1046 1597 1044 1597 1042 1597 1040 1597 1038 1597 1014 1605 996 1611 941 1605 903 1601 901 1601 899 1601 889 1605 873 1611 851 1605 812 1593 810 1593 756 1593 754 1593 752 1593 750 1593 737 1605 725 1613 673 1605 675 1682"/></Shape>
	    <String CONTENT="poͬquoy mas tu ainsi faict? Le po¬"
                    HPOS="673"
                    VPOS="1587"
                    WIDTH="1389"
                    HEIGHT="137"
                    WC="0.9827562272548676"></String>
          </TextLine>
          <TextLine ID="eSc_line_8e4f7b25"
                    TAGREFS="LT8"
                    BASELINE="669 1793 2064 1793" 
                    HPOS="669"
                    VPOS="1704"
                    WIDTH="1395"
                    HEIGHT="125">
            <Shape><Polygon POINTS="669 1793 669 1811 820 1827 822 1827 824 1827 853 1813 857 1813 980 1823 982 1823 1046 1813 1050 1813 1053 1813 1101 1827 1103 1827 1105 1827 1107 1827 1149 1815 1260 1825 1262 1825 1263 1825 1265 1825 1279 1813 1281 1813 1289 1813 1380 1827 1382 1827 1384 1827 1422 1815 1426 1813 1430 1815 1464 1827 1466 1827 1468 1829 1571 1829 1571 1827 1573 1827 1575 1827 1590 1815 1592 1813 1598 1815 1636 1827 1638 1827 1640 1829 1676 1829 1676 1827 1678 1827 1680 1827 1680 1825 1691 1815 1695 1813 1753 1813 1757 1815 1771 1827 1773 1827 1775 1827 1777 1827 2064 1815 2064 1793 2062 1718 1991 1724 1973 1718 1959 1712 1957 1712 1955 1712 1953 1712 1941 1718 1929 1724 1909 1718 1866 1704 1864 1704 1735 1704 1733 1704 1731 1704 1701 1720 1691 1726 1428 1726 1422 1720 1388 1704 1386 1704 1297 1704 1295 1704 1293 1704 1260 1722 1258 1722 1254 1722 1180 1706 1178 1706 1176 1706 1174 1706 1149 1722 1147 1724 1145 1722 1135 1714 1133 1714 1131 1714 1129 1714 1127 1714 1125 1714 1115 1722 1111 1726 994 1726 992 1724 978 1714 976 1714 974 1714 972 1714 925 1724 921 1724 919 1724 879 1704 877 1704 875 1704 873 1704 816 1722 746 1704 744 1704 742 1704 740 1704 669 1724 669 1793"/></Shape>
	    <String CONTENT="tier de terre na il pas la puissance/"
                    HPOS="669"
                    VPOS="1704"
                    WIDTH="1395"
                    HEIGHT="125"
                    WC="0.9987173579834603"></String>
          </TextLine>
          <TextLine ID="eSc_line_c9908592"
                    TAGREFS="LT8"
                    BASELINE="661 1910 2060 1906" 
                    HPOS="659"
                    VPOS="1817"
                    WIDTH="1401"
                    HEIGHT="132">
            <Shape><Polygon POINTS="661 1910 661 1931 733 1933 756 1949 758 1949 760 1949 762 1949 818 1947 820 1947 822 1947 840 1933 877 1945 879 1945 881 1945 883 1945 909 1933 960 1935 990 1949 992 1949 994 1949 1042 1947 1044 1947 1046 1947 1061 1933 1119 1945 1121 1945 1123 1945 1125 1945 1143 1933 1287 1933 1319 1949 1321 1949 1323 1949 1325 1949 1353 1937 1715 1947 1717 1947 1800 1933 1897 1947 1899 1947 1901 1947 1903 1947 1903 1945 1921 1931 1975 1931 2002 1945 2004 1945 2006 1945 2008 1945 2060 1927 2060 1906 2056 1838 1947 1838 1921 1817 1919 1817 1917 1817 1915 1817 1913 1817 1882 1832 1844 1817 1842 1817 1765 1817 1763 1817 1761 1817 1759 1817 1733 1838 1691 1838 1648 1817 1646 1817 1644 1817 1642 1817 1602 1836 1555 1827 1553 1827 1454 1836 1361 1817 1359 1817 1357 1817 1311 1838 824 1819 822 1819 820 1819 760 1838 735 1819 733 1819 731 1819 695 1819 693 1819 691 1819 689 1819 659 1836 661 1910"/></Shape>
	    <String CONTENT="de faire dume mesme masse/ lũg des"
                    HPOS="659"
                    VPOS="1817"
                    WIDTH="1401"
                    HEIGHT="132"
                    WC="0.9922492010252816"></String>
          </TextLine>
          <TextLine ID="eSc_line_a96aab74"
                    TAGREFS="LT8"
                    BASELINE="649 2024 2054 2024" 
                    HPOS="649"
                    VPOS="1935"
                    WIDTH="1405"
                    HEIGHT="129">
            <Shape><Polygon POINTS="649 2024 649 2046 703 2062 705 2062 707 2062 709 2062 737 2052 871 2062 873 2062 875 2062 903 2048 968 2048 970 2048 996 2062 998 2062 1000 2062 1087 2050 1103 2062 1105 2062 1107 2062 1109 2062 1281 2048 1297 2048 1303 2048 1347 2060 1349 2060 1351 2060 1416 2048 1422 2048 1424 2048 1440 2062 1442 2062 1444 2062 1446 2064 1541 2064 1541 2062 1543 2062 1545 2062 1557 2052 1721 2062 1723 2062 1725 2062 1771 2050 1781 2048 1967 2048 1979 2050 2020 2062 2022 2062 2024 2062 2026 2062 2054 2050 2054 2024 2054 1955 1872 1955 1868 1951 1848 1935 1846 1935 1844 1935 1800 1935 1798 1935 1796 1935 1767 1951 1763 1953 1759 1951 1723 1935 1721 1935 1719 1935 1624 1949 1608 1951 1600 1949 1567 1935 1565 1935 1563 1935 1561 1935 1559 1935 1537 1949 1529 1953 1452 1947 1392 1943 1390 1943 1361 1947 1307 1953 1275 1945 1238 1935 1236 1935 1192 1935 1190 1935 1188 1935 1186 1935 1176 1945 1162 1953 911 1951 897 1941 889 1935 887 1935 885 1935 796 1935 794 1935 792 1935 782 1939 758 1951 733 1939 723 1935 721 1935 719 1935 649 1937 649 2024"/></Shape>
	    <String CONTENT="uaisseaux en honneur/ et laultre en"
                    HPOS="649"
                    VPOS="1935"
                    WIDTH="1405"
                    HEIGHT="129"
                    WC="0.9995136107717242"></String>
          </TextLine>
          <TextLine ID="eSc_line_be25d800"
                    TAGREFS="LT8"
                    BASELINE="663 2135 1184 2135" 
                    HPOS="663"
                    VPOS="2054"
                    WIDTH="521"
                    HEIGHT="113">
            <Shape><Polygon POINTS="663 2135 663 2153 709 2167 711 2167 713 2167 715 2167 758 2155 1160 2167 1162 2167 1164 2167 1166 2167 1184 2155 1184 2135 1184 2072 1155 2060 1153 2060 1151 2060 1149 2060 1109 2070 1087 2054 1085 2054 1083 2054 1018 2054 1016 2054 1014 2054 980 2070 972 2072 859 2072 853 2066 842 2058 840 2058 838 2058 836 2058 834 2058 814 2066 798 2072 663 2064 663 2135"/></Shape>
	    <String CONTENT="conturciebie?"
                    HPOS="663"
                    VPOS="2054"
                    WIDTH="521"
                    HEIGHT="113"
                    WC="0.9993404837755057"></String>
          </TextLine>
          <TextLine ID="eSc_line_49fa2887"
                    TAGREFS="LT8"
                    BASELINE="673 2258 2048 2252" 
                    HPOS="671"
                    VPOS="2157"
                    WIDTH="1377"
                    HEIGHT="137">
            <Shape><Polygon POINTS="673 2258 673 2278 800 2292 802 2292 804 2292 836 2280 843 2278 899 2280 1046 2288 1048 2288 1093 2282 1133 2276 1184 2282 1267 2292 1269 2294 1575 2294 1575 2292 1577 2292 1579 2292 1590 2284 1606 2274 1664 2284 1666 2284 1668 2284 1691 2274 1709 2286 1717 2290 1719 2290 1721 2290 1723 2290 2046 2286 2048 2252 2042 2165 1739 2175 1725 2169 1717 2163 1715 2163 1713 2163 1711 2163 1709 2163 1689 2169 1668 2175 1662 2169 1648 2157 1646 2157 1644 2157 1590 2157 1588 2157 1586 2157 1584 2157 1567 2171 1557 2179 1416 2179 1406 2173 1384 2159 1382 2159 1380 2159 1226 2159 1224 2159 1222 2159 1176 2175 1145 2159 1143 2159 1141 2159 1063 2161 1061 2161 1059 2161 1034 2177 1028 2181 915 2181 915 2179 877 2161 875 2161 737 2161 735 2161 733 2161 671 2181 673 2258"/></Shape>
	    <String CONTENT="Osee.2.D ¶ Happelleraycelle qͥ"
                    HPOS="671"
                    VPOS="2157"
                    WIDTH="1377"
                    HEIGHT="137"
                    WC="0.9647954841454823"></String>
          </TextLine>
          <TextLine ID="eSc_line_e838251d"
                    TAGREFS="LT8"
                    BASELINE="671 2359 2058 2365" 
                    HPOS="669"
                    VPOS="2280"
                    WIDTH="1389"
                    HEIGHT="127">
            <Shape><Polygon POINTS="671 2359 669 2389 867 2401 869 2401 871 2401 899 2389 905 2387 911 2389 931 2401 933 2401 935 2401 1042 2389 1075 2387 1103 2389 1198 2403 1200 2403 1202 2403 1204 2403 1220 2389 1222 2389 1226 2389 1258 2401 1260 2401 1262 2401 1263 2401 1287 2389 1289 2389 1295 2389 1345 2403 1347 2403 1349 2403 1351 2403 1378 2389 1382 2389 1470 2389 1479 2389 1559 2403 1561 2403 1563 2403 1565 2403 1584 2389 1586 2389 1608 2405 1610 2405 1612 2405 1614 2407 1723 2407 1723 2405 1725 2405 1727 2405 1743 2391 1769 2405 1771 2405 1773 2405 1848 2391 1979 2405 1981 2405 2056 2389 2058 2365 2058 2288 2022 2284 2020 2284 2018 2284 2012 2288 1985 2302 1935 2288 1919 2284 1917 2284 1794 2284 1792 2284 1790 2284 1781 2290 1755 2304 1676 2304 1628 2290 1594 2282 1592 2282 1590 2282 1588 2282 1563 2290 1533 2300 1493 2292 1460 2284 1458 2284 1456 2284 1454 2284 1446 2292 1434 2302 1384 2302 1367 2292 1349 2282 1347 2282 1345 2282 1343 2282 1317 2292 1297 2302 1135 2302 1117 2294 1101 2288 1099 2288 1097 2288 956 2296 889 2298 883 2296 865 2282 863 2282 861 2282 778 2280 776 2280 671 2296 671 2359"/></Shape>
	    <String CONTENT="nest pas ma gent/ ma gẽt: ⁊ celle qui"
                    HPOS="669"
                    VPOS="2280"
                    WIDTH="1389"
                    HEIGHT="127"
                    WC="0.9959065851412321"></String>
          </TextLine>
          <TextLine ID="eSc_line_057c9c68"
                    TAGREFS="LT8"
                    BASELINE="663 2484 2066 2484" 
                    HPOS="663"
                    VPOS="2399"
                    WIDTH="1403"
                    HEIGHT="124">
            <Shape><Polygon POINTS="663 2484 663 2503 782 2521 784 2521 786 2521 830 2507 895 2521 897 2521 899 2521 958 2505 1059 2521 1061 2523 1133 2523 1133 2521 1135 2521 1180 2505 1234 2519 1236 2519 1238 2519 1240 2519 1271 2505 1305 2515 1307 2515 1309 2515 1374 2507 1392 2521 1394 2521 1396 2521 1398 2521 1483 2505 1555 2505 1596 2521 1598 2521 1600 2521 1812 2505 1838 2519 1840 2519 2008 2521 2010 2521 2012 2521 2066 2503 2066 2484 2064 2399 2004 2401 2002 2401 2000 2401 1973 2416 1909 2416 1882 2401 1878 2399 1876 2399 1789 2399 1787 2399 1785 2399 1783 2399 1779 2403 1761 2416 1747 2407 1745 2407 1743 2407 1741 2407 1739 2407 1717 2418 1588 2418 1565 2407 1563 2407 1561 2407 1559 2407 1557 2407 1539 2418 1384 2418 1363 2408 1343 2399 1341 2399 1339 2399 1273 2408 1224 2416 1214 2410 1208 2405 1206 2405 1204 2405 1109 2399 1107 2399 945 2412 905 2416 901 2414 879 2401 877 2401 875 2401 784 2399 782 2399 780 2399 778 2399 748 2416 746 2418 663 2418 663 2484"/></Shape>
	    <String CONTENT="nest pas aymee/ aymee: ⁊ celle qui"
                    HPOS="663"
                    VPOS="2399"
                    WIDTH="1403"
                    HEIGHT="124"
                    WC="0.9998645081239588"></String>
          </TextLine>
          <TextLine ID="eSc_line_08337930"
                    TAGREFS="LT8"
                    BASELINE="671 2602 2046 2599" 
                    HPOS="669"
                    VPOS="2509"
                    WIDTH="1377"
                    HEIGHT="131">
            <Shape><Polygon POINTS="671 2602 673 2640 737 2620 828 2638 830 2638 832 2638 879 2620 919 2628 921 2628 1137 2618 1172 2634 1174 2634 1176 2634 1178 2634 1180 2634 1202 2618 1252 2626 1254 2626 1357 2616 1412 2636 1414 2636 1416 2636 1418 2636 1420 2636 1446 2618 1495 2636 1497 2636 1499 2636 1701 2622 1733 2636 1735 2636 1737 2638 1858 2638 1858 2636 1860 2636 1862 2636 1872 2626 1892 2636 1894 2636 1895 2638 2044 2638 2046 2599 2042 2511 2008 2509 2006 2509 2004 2509 2002 2509 2000 2511 1981 2525 1945 2511 1937 2509 1935 2509 1860 2509 1858 2509 1856 2509 1854 2509 1850 2513 1828 2527 1733 2527 1719 2515 1713 2509 1711 2509 1709 2509 1668 2509 1666 2509 1664 2509 1662 2509 1654 2515 1642 2527 1571 2527 1561 2517 1553 2511 1553 2509 1551 2509 1549 2509 1394 2509 1392 2509 1390 2509 1388 2509 1376 2519 1368 2527 1303 2527 1281 2521 1267 2517 1265 2517 1263 2517 1192 2523 1137 2527 1131 2523 1117 2513 1115 2513 1113 2513 1057 2511 1055 2511 1053 2511 1052 2511 1034 2525 1030 2529 954 2529 950 2527 927 2513 925 2513 923 2513 921 2513 891 2527 849 2515 847 2515 845 2515 843 2515 842 2515 828 2529 748 2529 725 2513 723 2513 721 2513 719 2513 717 2513 669 2529 671 2602"/></Shape>
	    <String CONTENT="na pas obtenu misericorde/ celle qͥ"
                    HPOS="669"
                    VPOS="2509"
                    WIDTH="1377"
                    HEIGHT="131"
                    WC="0.9952424917902265"></String>
          </TextLine>
          <TextLine ID="eSc_line_7aa502e9"
                    TAGREFS="LT8"
                    BASELINE="675 2715 1533 2711" 
                    HPOS="673"
                    VPOS="2618"
                    WIDTH="860"
                    HEIGHT="129">
            <Shape><Polygon POINTS="675 2715 675 2741 1038 2735 1042 2737 1053 2745 1055 2745 1057 2745 1059 2745 1061 2745 1093 2737 1099 2735 1103 2735 1135 2745 1137 2745 1139 2745 1141 2745 1143 2745 1153 2735 1155 2735 1190 2745 1192 2745 1194 2745 1244 2733 1250 2733 1252 2733 1273 2745 1275 2745 1277 2747 1440 2747 1440 2745 1533 2729 1533 2711 1529 2640 1477 2628 1475 2628 1474 2628 1460 2636 1444 2620 1444 2618 1442 2618 1440 2618 1438 2618 1436 2618 1392 2640 1392 2642 1325 2642 1325 2640 1299 2618 1297 2618 1295 2618 1117 2618 1115 2618 1113 2618 1111 2618 1091 2634 1059 2624 1057 2624 1055 2624 935 2642 812 2620 810 2620 808 2620 806 2620 774 2644 673 2644 675 2715"/></Shape>
	    <String CONTENT="a obtenu misericorde."
                    HPOS="673"
                    VPOS="2618"
                    WIDTH="860"
                    HEIGHT="129"
                    WC="0.978807392574492"></String>
          </TextLine>
          <TextLine ID="eSc_line_d7476b64"
                    TAGREFS="LT10"
                    BASELINE="770 2808 1973 2812" 
                    HPOS="768"
                    VPOS="2735"
                    WIDTH="1205"
                    HEIGHT="115">
            <Shape><Polygon POINTS="768 2844 859 2846 861 2846 863 2846 865 2846 881 2834 954 2846 962 2846 964 2846 966 2846 968 2846 1004 2828 1032 2842 1034 2842 1036 2842 1038 2842 1040 2842 1040 2840 1055 2826 1089 2844 1091 2844 1093 2844 1190 2826 1349 2826 1513 2842 1515 2842 1517 2842 1545 2828 1590 2828 1622 2848 1624 2848 1626 2848 1628 2848 1630 2848 1632 2848 1664 2828 1800 2828 1860 2848 1862 2848 1864 2850 1971 2850 1973 2812 1973 2755 1937 2743 1935 2743 1933 2743 1931 2743 1929 2743 1921 2751 1907 2741 1907 2739 1905 2739 1903 2739 1901 2739 1899 2739 1856 2753 1796 2743 1794 2743 1792 2743 1790 2743 1790 2745 1781 2753 1781 2755 1709 2755 1707 2753 1682 2737 1680 2737 1678 2737 1588 2737 1586 2737 1584 2737 1529 2753 1523 2755 1442 2755 1438 2751 1410 2739 1408 2739 1406 2739 1404 2739 1376 2751 1374 2753 1372 2751 1355 2737 1353 2737 1351 2737 1305 2735 1303 2735 1232 2751 1226 2751 1194 2751 1141 2749 1119 2735 1117 2735 1115 2735 1113 2735 1030 2737 1028 2737 1026 2737 1010 2749 1006 2751 982 2749 812 2735 810 2735 808 2735 770 2747 770 2808"/></Shape>
	    <String CONTENT="¶ Augustin/ au liure de predestination ⁊"
                    HPOS="768"
                    VPOS="2735"
                    WIDTH="1205"
                    HEIGHT="115"
                    WC="0.9787843108177186"></String>
          </TextLine>
          <TextLine ID="eSc_line_fdba43b1"
                    TAGREFS="LT10"
                    BASELINE="952 2888 1711 2891" 
                    HPOS="950"
                    VPOS="2824"
                    WIDTH="761"
                    HEIGHT="89">
            <Shape><Polygon POINTS="950 2913 1709 2913 1711 2891 1709 2844 1652 2844 1652 2842 1626 2826 1624 2826 1622 2826 1594 2826 1592 2826 1590 2826 1588 2826 1588 2828 1573 2842 1491 2826 1489 2826 1210 2840 1155 2824 1153 2824 1151 2824 1149 2824 1117 2842 1113 2842 1002 2842 1002 2840 974 2826 972 2826 970 2826 968 2826 966 2826 952 2834 952 2888"/></Shape>
	    <String CONTENT="de grace/ au .ii. Chapitre."
                    HPOS="950"
                    VPOS="2824"
                    WIDTH="761"
                    HEIGHT="89"
                    WC="0.9933499274430452"></String>
          </TextLine>
          <TextLine ID="eSc_line_1d29105c"
                    TAGREFS="LT8"
                    BASELINE="690 2984 2050 2977" 
                    HPOS="686"
                    VPOS="2888"
                    WIDTH="1361"
                    HEIGHT="158">
            <Shape><Polygon POINTS="1001 2888 942 2903 686 2891 689 3046 888 3046 888 3043 980 3010 1066 3028 1126 3010 1304 3010 1352 3034 1364 3034 1375 3022 1381 3022 1450 3040 1459 3040 1518 3010 1572 3028 1583 3028 1613 3007 1851 3040 1922 3007 1967 3028 1976 3028 2047 3001 2047 2975 2038 2897 1420 2906 1369 2891 1334 2891 1141 2909 1102 2891 1087 2891 1054 2909 1001 2888"/></Shape>
	    <String CONTENT="¶ Sil a pitie de qui il ueult/ ⁊ endurcit celuy"
                    HPOS="686"
                    VPOS="2888"
                    WIDTH="1361"
                    HEIGHT="158"
                    WC="0.9957578638766674"></String>
          </TextLine>
        </TextBlock>
        <TextBlock HPOS="984"
                   VPOS="176"
                   WIDTH="539"
                   HEIGHT="136"
                   ID="eSc_textblock_32002625"
                   TAGREFS="BT18">
          <Shape><Polygon POINTS="984 176 984 312 1519 312 1523 176"/></Shape>
          <TextLine ID="eSc_line_d1c84c48"
                    TAGREFS="LT10"
                    BASELINE="1006 275 1513 269" 
                    HPOS="1004"
                    VPOS="174"
                    WIDTH="509"
                    HEIGHT="134">
            <Shape><Polygon POINTS="1479 174 1460 174 1440 174 1420 174 1408 174 1382 186 1370 190 1365 184 1351 174 1341 174 1321 174 1305 174 1295 184 1283 195 1115 195 1091 182 1077 174 1063 174 1055 174 1018 178 1004 193 1006 275 1006 298 1117 290 1125 296 1137 306 1139 306 1141 306 1143 308 1174 308 1174 306 1273 292 1303 288 1329 290 1444 302 1446 302 1448 302 1450 302 1468 287 1513 285 1513 269 1511 195 1499 186"/></Shape>
	    <String CONTENT="De predesti¬"
                    HPOS="1004"
                    VPOS="174"
                    WIDTH="509"
                    HEIGHT="134"
                    WC="0.992215096950531"></String>
          </TextLine>
        </TextBlock>
        <TextBlock HPOS="396"
                   VPOS="1271"
                   WIDTH="260"
                   HEIGHT="96"
                   ID="eSc_textblock_7d60644f"
                   TAGREFS="BT13">
          <Shape><Polygon POINTS="396 1271 396 1367 656 1367 656 1271"/></Shape>
          <TextLine ID="eSc_line_73fe588f"
                    TAGREFS="LT8"
                    BASELINE="402 1340 649 1339" 
                    HPOS="398"
                    VPOS="1235"
                    WIDTH="249"
                    HEIGHT="160">
            <Shape><Polygon POINTS="401 1339 401 1371 469 1395 472 1395 475 1395 478 1395 534 1380 552 1377 644 1386 647 1336 638 1250 526 1261 502 1247 487 1235 484 1235 481 1235 478 1235 398 1244 401 1339"/></Shape>
	    <String CONTENT="esa.45.b"
                    HPOS="398"
                    VPOS="1235"
                    WIDTH="249"
                    HEIGHT="160"
                    WC="0.9996898248791695"></String>
          </TextLine>
        </TextBlock>
        <TextBlock HPOS="376"
                   VPOS="1543"
                   WIDTH="292"
                   HEIGHT="88"
                   ID="eSc_textblock_5b804e14"
                   TAGREFS="BT13">
          <Shape><Polygon POINTS="376 1543 376 1631 668 1631 668 1543"/></Shape>
          <TextLine ID="eSc_line_67a868e3"
                    TAGREFS="LT8"
                    BASELINE="392 1609 647 1607" 
                    HPOS="390"
                    VPOS="1534"
                    WIDTH="257"
                    HEIGHT="106">
            <Shape><Polygon POINTS="390 1543 392 1609 392 1640 465 1629 643 1640 647 1607 643 1547 406 1534 404 1534 402 1534 400 1534 392 1538 390 1543"/></Shape>
	    <String CONTENT="hier.18.a"
                    HPOS="390"
                    VPOS="1534"
                    WIDTH="257"
                    HEIGHT="106"
                    WC="0.9889031913545396"></String>
          </TextLine>
        </TextBlock>
        <TextBlock HPOS="400"
                   VPOS="2271"
                   WIDTH="272"
                   HEIGHT="100"
                   ID="eSc_textblock_229defdd"
                   TAGREFS="BT13">
          <Shape><Polygon POINTS="400 2271 400 2371 672 2371 672 2271"/></Shape>
          <TextLine ID="eSc_line_d929b599"
                    TAGREFS="LT8"
                    BASELINE="400 2345 655 2347" 
                    HPOS="395"
                    VPOS="2253"
                    WIDTH="258"
                    HEIGHT="131">
            <Shape><Polygon POINTS="398 2342 395 2378 564 2369 570 2372 594 2384 597 2384 600 2384 603 2384 650 2366 653 2345 647 2253 609 2274 537 2274 526 2262 520 2256 520 2253 517 2253 514 2253 511 2253 398 2268 398 2342"/></Shape>
	    <String CONTENT="1.Pe.2.b"
                    HPOS="395"
                    VPOS="2253"
                    WIDTH="258"
                    HEIGHT="131"
                    WC="0.9771885573863983"></String>
          </TextLine>
        </TextBlock>
        <TextBlock HPOS="376"
                   VPOS="2899"
                   WIDTH="296"
                   HEIGHT="108"
                   ID="eSc_textblock_e2b08be2"
                   TAGREFS="BT13">
          <Shape><Polygon POINTS="376 2899 376 3007 672 3007 672 2899"/></Shape>
          <TextLine ID="eSc_line_f8483011"
                    TAGREFS="LT8"
                    BASELINE="392 2985 663 2984" 
                    HPOS="386"
                    VPOS="2891"
                    WIDTH="276"
                    HEIGHT="152">
            <Shape><Polygon POINTS="389 2984 389 3043 463 3043 466 3043 469 3043 478 3037 523 3010 656 3013 662 2981 653 2891 386 2891 389 2984"/></Shape>
	    <String CONTENT="La ma¬"
                    HPOS="386"
                    VPOS="2891"
                    WIDTH="276"
                    HEIGHT="152"
                    WC="0.9369842608769735"></String>
          </TextLine>
        </TextBlock>
        <TextBlock HPOS="1875"
                   VPOS="3007"
                   WIDTH="200"
                   HEIGHT="88"
                   ID="eSc_textblock_f329d8d5"
                   TAGREFS="BT17">
          <Shape><Polygon POINTS="1875 3007 1875 3095 2075 3095 2075 3007"/></Shape>
          <TextLine ID="eSc_line_863f86ac"
                    TAGREFS="LT8"
                    BASELINE="1895 3066 2056 3062" 
                    HPOS="1892"
                    VPOS="2994"
                    WIDTH="164"
                    HEIGHT="119">
            <Shape><Polygon POINTS="2052 3018 2050 2994 1892 3008 1895 3066 1895 3113 2056 3097 2056 3062 2054 3054 2052 3018"/></Shape>
	    <String CONTENT="quil"
                    HPOS="1892"
                    VPOS="2994"
                    WIDTH="164"
                    HEIGHT="119"
                    WC="0.9998821318149567"></String>
          </TextLine>
        </TextBlock>
      </PrintSpace>
    </Page>
  </Layout>
</alto>
