2212 3563
440 106 984 182 nation. Chap̃.iiii.

127 258 1383 127 quil ueult: q̃ demande on plus oultre? Car qͥ

133 359 1365 119 resistera a sa uolũte? Ung chascun cõgnoisse

148 439 1341 116 q̃ par ceste sentẽce nous sõmes fort cõtrainctz

148 513 1341 140 a humilite/ ⁊ a pitie. Car quãt le tresgrand do

142 599 1362 122 cteur en referãt tout a dieu/ desnie tout au for

136 685 1359 119 ces humaines: quelle autre chose enhorte il/

136 777 1376 113 sinon q̃ en nous resinant de tout nostre cueur

128 859 1371 114 en dieu/ nous luy demandions aide de salut?

130 940 1371 124 Celuy dõcques q̃ ceste diuersite de la dispẽsa¬

128 1021 1386 123 tion de la grace diuine/ esmeut: ⁊ qͥ cuide estre

130 1100 1388 127 iniuste de desnier a lung ce q̃ lautre a receu: qͥl

130 1190 1374 110 entẽde cõment le diuin psalmiste a dit. *Tou

132 1270 1375 127 tes les uoyes du seigñr sont misericorde ⁊ ue¬

130 1345 1383 136 rite* ⁊ quil recõgnoisse q̃ dieu agite les cho¬

136 1428 1377 136 ses humaines de tel iugemẽt: que iustement il

145 1520 1368 110 rend les peines deues/ ou les pardõne miseri¬

157 1600 1380 125 cordieusemẽt. La souillure de la racine macu

157 1683 1397 119 lee est tellement esparse par les branches des

160 1760 1377 137 generatiõs* que aussi ung enfant dung iour

148 1852 1371 125 nest pas priue du peche de la premiere preua¬

139 1935 1368 119 rication: sil nest deliure par la grace du saul¬

142 2019 1371 115 ueur qui ne luy est pas deue. Que si cestuy

142 2096 1374 127 nest pas sans peche/ qui nen peult auoir de

154 2179 1371 136 propre: il est doncques manifeste/ quil a tire

168 2270 1360 125 ce peche daultruy: duquel dit lapostre. *Le

166 2348 1365 131 peche est entre au monde par ung homme/ et

160 2432 1394 129 la mort par le peche. Et celuy qͥ nye ceste cho¬

160 2519 1408 129 se: il nye premieremẽt que nous soyons mor¬

166 2592 1406 133 telz. *Car la mort nest pas la cõdition de na¬

169 2675 1374 139 ture: mais cest la peine du peche: ⁊ est necessi¬

166 2758 1371 139 te q̃ la peine suyue le peche. Si doncq̃s (cõme

163 2850 1380 178 il appert) nous sõmes tous naiz debteurs de

1537 240 234 119 tiere de

1519 344 291 104 p̃destina

1507 421 303 113 tiõ nous

1510 504 276 107 ꝯtrainct

1516 587 273 110 a humi¬

1522 685 137 95 lite.

1574 152 103 89 29

1528 1143 241 151 Ps̈.24.

1540 1327 261 121 Les uo¬

1534 1440 243 92 yes du

1540 1520 282 104 seigneur

1566 1585 262 125 sõt mise

1572 1686 250 116 ricorde ⁊

1557 1766 209 104 uerite.

1540 1834 276 125 Aussi lẽ

1543 1926 267 110 fant dũg

1537 2007 279 112 ioͬ/ nest

1540 2102 273 110 pas sans

1548 2200 203 98 peche.

1563 2348 214 107 Ro.5.c

1584 2562 238 136 La mort

1560 2672 268 119 est la pei

1560 2770 268 113 ne du pe

1563 2838 125 151 che.

1215 2947 339 115 la semence
