2211 3563
1014 158 509 140 De predesti¬

679 298 1373 113 la semẽce du preuaricateur: pource q̃ en Adam

673 385 1385 111 tous ont peche: ⁊ q̃ ceste masse est cõdẽnee des

663 471 1393 103 le cõmencement/ de laquelle nous descendõs:

661 552 1395 111 nul ne soit si hardy q̃ de se cõplaindre de sa du

667 635 1381 109 rete ou de sa peine: laq̃lle peine aussi est deue

673 720 1367 109 a ceulx qͥ ne sõt pas en leurs propres pechez/

657 805 1389 103 mais seullemẽt sont en la cõdition de la natu

635 888 1407 105 re pecheresse. Mais ce que dieu dõne sa miseri

635 971 1405 103 corde (qͥ nest pas tenu de le faire) a aucuns qui

653 1051 1381 103 sont cõuertis par la uocation gratuite: on ne

643 1138 1389 103 le doibt pas referer a liniustice du dispensa¬

631 1221 1409 107 teur: mais a la largesse tresmisericordieuse du

633 1302 940 95 donnant/ par raison de uerite.

836 1383 927 105 ¶ Augustin en son manuel/ au

1081 1464 420 107 xcui. Chap̃.

656 1526 1376 124 ¶ Mais qͥ est celuy qui soit si insipient: quil

653 1630 1376 106 dise que dieu ne peult cõuertir en bien les mau

662 1704 1367 113 uaises uoluntez des hõmes/ telles quil uoul¬

665 1784 1361 125 dra/ quant il uouldra/ ⁊ la ou il uouldra?

656 1882 1373 110 Mais quant il le faict: il faict par sa miseri¬

632 1956 1391 101 corde: ⁊ quãt il ne le faict point: par iugement

635 2051 1388 95 ne le faict il pas. *Car il a pitie de celuy quil

659 2117 1358 121 ueult/ ⁊ endurcit celuy qͥl ueul/ Et quãt lapo

647 2203 1370 118 stre disoit ceste chose il dõnoit louẽge a la gra

630 2286 1390 121 ce. A la louenge de laq̃lle auoit desia parle de

618 2377 1398 107 ces deux enfans au uẽtre de Rebecca: ausq̃lz

624 2458 1394 107 deuãt quilz fussent naiz/ ⁊ qͥlz nauoient faict

624 2543 1392 109 ne bien ne mal: affin que selon lelectiõ le pro¬

628 2626 1384 109 pos de dieu demourast: fut dit non pas pour

624 2715 1388 105 les oeuures/ mais par celuy qui appelle: que

620 2794 1388 111 le plus grand seruiroit au moindre. Pour la¬

624 2876 1378 126 q̃lle chose adiousta ung aultre tesmoignage

362 1517 273 133 La uolẽ

356 1627 279 104 te de dieu

350 1710 277 95 est la ri¬

356 1781 288 122 gle ð tou

353 1873 274 98 tes cho¬

359 1953 125 107 ses.

338 2022 274 115 rom̃.9.d

338 2122 294 107 exo.4.d.

341 2200 229 110 e.⁊. 7.a

344 2283 268 122 Deu.2.f

1545 2975 452 103 propheticque/
