2212 3563
401 133 981 184 nation. Chap̃.iiii.

139 282 1353 148 propheticque/ la ou est escript: *Iay ayme Ia

148 385 1338 113 cob: nais iay hay Esau. Et sentãt q̃ ce qui est

157 478 1326 109 dit peult esmouuoir ceulx/ qͥ ne peuuent entẽ

154 561 1341 107 dre par leur entendemẽt ceste haultesse de gra

144 641 1355 115 ce: dict. Que dirons nous doncques? Iniquite

134 724 1365 115 est elle enuers dieu? Ia naduiẽgne. Car il sem

130 807 1369 117 ble q̃ ce soit iniustice: q̃ sãs aucuns merites de

126 896 1373 109 bõnes ou mauuaises oeuures: dieu ayme lũg

124 970 1371 128 ⁊ haye lautre. *En laquelle chose sil uouloit

118 1048 1374 127 entendre des oeuures a uenir/ assauoir ou des

124 1131 1368 119 biens de lung/ ou des maulx de lautre: les¬

124 1217 1377 119 quelles totallement dieu scauoit par auant:

124 1303 1368 125 il ne diroit nullemeut: non pas pour les oeu¬

127 1383 1374 125 ures: mais diroit/ par les oeuures a uenir: et

133 1460 1603 122 en telle maniere rendroit la solution de ceste

158 1555 1354 119 q̃stion: mesme ne feroit nulle question. Mais

157 1636 1374 109 quant maintenont ⁊ eut respondu: ia nad¬

157 1713 1386 130 uiengne: cest adire ia naduiengne quil y ait

154 1802 1359 116 iniquite enuers dieu: incontinent apres/ affin

146 1888 1368 113 quil prouuast que ce nest pas faict par ini¬

144 1971 1376 111 quite qui soit en dieu: il dit. Certainement il

142 2057 1365 104 a dit a Moyse. *Iauray pitie de celuy a qͥ ie

150 2141 1362 113 faictz misericorde: ⁊ feray misericorde a celuy

158 2222 1364 105 de qui iay pitie. Car qui est celuy (sil nest

174 2304 1348 108 fol) qui estime que iniquite soit enuers dieu:

174 2391 1358 107 soit quil enuoye le iugement de peine a ce¬

156 2464 1390 121 luy qui en est digne: soit quil faice misericor¬

158 2549 1402 117 de a celuy qui nen est pas digne? Finablemẽt

160 2627 1377 119 il conclud et dit. *Ce nest pas doncques du¬

174 2715 1354 105 uueillant ne du courrant: mais uient de dieu

162 2800 1358 115 qui faict misericorde. Et ainsi tous les deux

156 2886 1372 130 enfans par nature estoient naiz enfans de ire/

1566 151 137 148 30

1516 249 291 151 mala.1a

1516 380 297 115 De Ia¬

1507 457 297 113 cob ⁊ de

1516 546 211 110 Esau.

1522 956 267 115 Dieu ne

1516 1057 247 86 regarde

1519 1116 255 119 poĩt les

1522 1214 235 95 merites

1516 1297 267 107 des oeu¬

1522 1386 217 98 ures a

1531 1457 205 116 venir.

1560 1609 259 124 2.parali.

1563 1716 131 92 19.b.

1546 1790 252 110 Ro.9.c

1528 2027 267 134 exo.33.d

1557 2568 232 160 Lo.8.d

1237 2975 287 116 *non pas
