2211 3563
389 279 285 130 Noꝰ sõ¬

392 388 276 104 mes dã¬

392 463 270 110 nez ꝑ ge

383 558 270 104 neratiõ/

377 644 282 104 ⁊ ꝑ grace

374 724 291 98 nous sõ¬

380 804 279 110 mes sau

386 882 150 97 uez.

701 290 1358 149 Ynon pas urayemẽt par leurs ꝓpres oeuures?

689 400 1382 134 mais obligez par le lien de dãnatiõ originele-

677 483 1376 134 mẽt uenãt de Adã. Mais celuy qͥ a dit iauray

680 555 1373 145 pitie de celuy a qui ie sais misericorde: ⁊ feray

683 644 1370 142 misericorde a ce luy de qͥ iay pitie: il a ayme Ia

686 730 1364 131 cob par sa misericorde gratuite: ⁊ a hay Esau

674 819 1379 122 par iugemẽt qͥ luy estoit deu. Et cõbien qͥl fut

639 904 1403 131 deu a tous deux: lung toutesfois cõgneut en

635 979 1409 139 laultre/ quon ne se doibt pas glorifier de ses

641 1072 1399 123 merites differẽtes a laultre: de ce q̃ en la mes¬

647 1150 1401 130 me cause il ne luy est pas aduenu le mesme

653 1231 1389 132 tourmẽt: mais q̃ ce uuy est donne o la largesse

653 1318 1377 125 de la diuine grace: car ce nest pas du uueidlãt/

647 1397 1385 131 ne du courãt: mais il uiẽt de dieu qui faict mi

641 1480 1401 131 sericorde. Et faict toutes choses par ung tres¬

639 1565 1395 121 hault ⁊ tressalutaire mistere. Et (cõme son di¬

655 1648 1381 125 soit) la face des sainctes escriptures cõsiderãt

649 1724 1387 132 diligẽmẽt ceste chose/ nous admõneste.? Que

644 1799 1320 145 celxy qui se glorifie: qͥl se glorifie au seigñr.

792 1902 1117 115 ¶ Augu. au liure de la predestinatrõ

867 1983 882 115 des sainctz/ au .iiii. chapitre.

627 2054 1396 137 ¶ Mais ce qui sensuyt. Il endurcit celuy qͥl

639 2141 1379 133 ueult: icy loffection de la pensee hrmaine est

630 2228 1386 121 ung petit confuse/ par la nouuellite de la pa¬

614 2313 1408 127 rolle. Mais il ne le sault pas tellemẽt entẽ-

614 2391 1402 130 dre: q̃ dieu faice la durete du cueur en lhõme¬

614 2472 1402 128 laquelle ny a pas este par auant. Car quelle

614 2557 1390 129 chose est la durete du cueur: sinon obuier aux

618 2645 1390 137 cõmandemẽs de dieu?? Parquoy tout ce que

621 2731 1379 131 thõme/ qui est naiz apres ceste preuarication/

615 2796 1382 143 seuffre de tourmẽtz: quil confesse q̃ iustement/

615 2894 1379 146 luy est rendu ⁊ meritoirement. On dit/ q̃ dieu

1050 176 527 138 De predesti¬

347 1793 277 116 1.coꝝ.1.d

320 2603 277 131 Cõment

320 2713 277 107 il est dit

320 2802 277 98 que dieu

317 2877 244 139 edurcist

1695 3008 307 119 endur cist
