2212 3563
416 160 984 175 nation. Chap̃.iiii.

142 311 1368 137 endurcist cestuy/ qͥl ne ueult pas amolir. Ainsi

160 415 1335 110 pareillement dit on que dieu aueuglyt celuy/

166 492 1335 113 quil ne ueult pas enluminer. Car ceulx quil

166 581 1339 119 a p̃destine/ ceulx mesmes a il appelle ⁊c. Car

148 665 1359 109 celuy qui nous a donne la grace destre/ celuy

148 752 1360 114 mesme nous donne la grace que nous soyõs

144 841 685 103 en sa faueur ⁊ amour.

314 908 1198 125 ¶ Augu. en son Manuel. Chap̃.xcuiii.

145 991 1365 122 ¶ Ueritablemẽt dieu discerne seullemẽt par

154 1084 1370 115 sa grace/ ceulx qui sont rachetez/ de ceulx qui

152 1165 1374 119 sont perdus: lesq̃lz une mesme cause uenãt de

144 1251 1382 114 la generatiõ les auoit assemble en une masse.

144 1332 1382 118 Mais celuy qui oyt cecy: tellement quil dise:

146 1413 1378 121 quelle chose ueult on plus se cõplaindre: car

154 1498 1380 115 qui resistera a sa uolunte? Non pourtãt quil

166 1585 1386 103 ne luy semble pas q̃ dieu soit a blasmer/ poͬce

178 1668 1392 111 quil faict misericorde a celuy quil ueult/ ⁊ en¬

178 1749 1388 107 durcist celuy quil ueult. Ia ne aduiengne que

178 1832 1368 105 nous soyõs hõteux de respondre ce que nous

172 1912 1370 116 ueons que Lapostre a respondu. O toy hõme

162 1999 1378 109 qui es tu pour respondre a dieu? La chose for¬

166 2082 1378 115 mee dit elle a celuy qui la faict: poͬquoy mas

166 2163 1384 117 tu ainsi faict? Et en ce lieu/ aucuns folz esti¬

186 2248 1366 113 ment/ que Lapostre a failly en ceste responce:

198 2333 1358 99 ⁊ que petitement a reprime laudace du contre¬

190 2407 1378 110 disant. Mais ce qͥl a dit a grand poidz/ asca¬

182 2490 1402 116 uoir. O toy hõme qui est tu pour respondre a

186 2569 1398 123 dieu? Et en telles questiõs/ rappelle lhõme a

196 2654 1376 109 la cõsideration de sa capacite/ a peu de parol

201 2735 1361 123 les: mais selon la chose/ la response est grãde:

201 2824 1365 119 Car sil nentend pas ces choses: qui est il pour

192 2907 1380 137 respõdre a dieu? Aussi sil lentẽd/ dautãt treu¬

1598 203 85 117 31

1531 282 279 145 le cueur

1525 403 291 113 des hom

1528 498 148 95 mes.

1531 638 226 128 Ro.8.f.

1540 985 234 146 Ro.9.e.

1213 2998 359 113 ue il moins
