2211 3563
1042 192 523 138 De predesti¬

707 296 1373 158 ue il moins a respondre.* Car sil lentend: il

704 406 1367 140 uoit que tout le genre humain/ est de tãt grãd

689 498 1376 128 ⁊ iuste iugemẽt diuin condẽne en la racine apo

692 578 1376 128 staticque: q̃ quãt aussi nul nen seroit deliure/

698 665 1367 118 encore nul ne pourroit iustemẽt uituperer la

698 754 1358 115 iustice de dieu: ⁊ fault q̃ ceulx qͥ sont deliurez

683 828 1379 119 soient tellemẽt deliurez: q̃ de plusieurs qui ne

668 911 1391 134 sõt pas deliurez/ ⁊ qͥ sont delaissez en tresiuste

656 997 1400 116 dãnation/ il fust monstre quelle chose toute la

645 1086 1405 117 multitude auoit deseruy: ⁊ aussi la ou le iuste

639 1171 1411 117 iugemẽt menoit ceulx qͥ sont deliurez/ si sa mi

641 1256 1403 101 sericorde nõ deue ne leur subuenoit: affin que

649 1334 1395 118 toute bouche de ceulx qͥ se ueullẽt glorifier de

665 1415 1383 123 leurs merites/ soit estoupee:* ⁊ que celuy qui

671 1493 1201 125 se glorifie/ quil se glorifie au seigneur.

824 1581 1113 119 ¶ Augustin ad Sixtum prestre Ro¬

996 1672 614 99 main en lepistre. cu.

671 1739 1367 128 ¶ De ce que plusieurs estiment que dieu soit

659 1823 1376 124 accepteur de personne: en ce quilz croient/ que

644 1906 1385 121 sans aucuns merites precedens/ il faict mise¬

635 1989 1388 133 ricorde a ceulx quil ueult/ ⁊ appelle ceulx qͥl

653 2066 1370 131 ueult/ ⁊ faict ceulx quil luy plaist religieux:

653 2149 1361 140 iceulx cõsiderent peu/ q̃ a celuy qui est damne

638 2235 1376 125 luy est̃ deuemẽt la peine rendue/ ⁊ a celuy qui

616 2325 1406 119 est deliure/ luy est dõnee la grace nõ deue: tel¬

620 2412 1400 107 lement que lung ne se peult complaindre/ ne

624 2494 1390 122 lautre soy glorifier: ⁊ q̃ plus tost icy ny a q̃l¬

624 2577 1386 113 que acception de personne/ la ou il les enue¬

622 2662 1382 115 loppe dune mesme masse de damnation et de

635 2740 1365 128 peche: *affin que celuy qui est deliure apprẽ¬

635 2823 1362 131 gne par celuy qui nest pas deliure/ que aussi a

632 2906 1365 161 luy appartenoit la damnatoin/ se la grace ne

404 279 273 142 Quant

407 409 273 104 aussi di¬

404 483 270 104 eu dãne¬

404 561 255 113 roit toꝰ

395 641 273 125 les hões:

383 739 303 98 nul ne se

386 816 282 95 pourroit

386 899 261 104 iustemẽt

392 982 229 155 plaĩdre.

368 1445 279 128 1.corĩ.1.d

365 1707 262 122 Act̃.10.e

362 1805 244 113 agee.1.c

362 1888 265 107 dieu nest

350 1992 262 86 pas ac¬

344 2069 238 104 cepteur

347 2140 283 116 de persõ

354 2240 131 89 ne.

383 2698 211 128 Dieu

332 2805 280 113 nest pas

332 2888 235 134 iniuste.

1848 3016 137 115 luy
