2212 3563
124 302 1371 143 luy subuenoit. Que si cest grace: il fault q̃lle

136 421 1350 98 soit dõnee sans q̃lque merite/ ⁊ par bonte gra¬

136 492 1353 113 tuite. Mais cest chose iniuste (disent ilz) q̃ en

138 581 1357 105 une mesme mauuaise cause/ lung est deliure/

130 659 1357 112 ⁊ lautre est pugny. Cest dõcques iuste chose q̃

120 744 1373 111 lung ⁊ lautre soient pugnis: qͥ niera ceste cho

116 831 1379 107 se? Rendõs graces dõcques au saulueur: quãt

108 916 1383 99 nous ne ueons point quil nous soit rẽdu/ ce q̃

108 995 1391 107 nous cõgnoissons estre rẽdu en la dãnatiõ de

106 1078 1391 107 ceulx qͥ sont semblables a nous/ laq̃lle chose

106 1161 1393 113 aussi nous estoit deue. Car si lung et lautre

100 1245 1395 110 estoiẽt deliurez on ne scauroit pas quelle chose

104 1332 1389 105 esi deue au peche par droicte iustice: ⁊ se nul ne

104 1411 1391 111 estoit deliure on ne scauroit pas q̃lle chose se¬

110 1494 1381 111 roit dõnee par grace. Affin dõcq̃s q̃ en ceste tres

122 1579 1375 103 difficile q̃stion noꝰ usons des parolles de lapo

124 1653 1395 122 stre? Dieu uoulãt mõqrrer (on uee/ ⁊ demon¬

122 1741 1396 109 strer sa puissance ⁊c. La ou pour ce q̃ toute la

116 1823 1383 110 masse asẽdar̃mee.H ◊ce ad a commelie

108 1914 1383 105 deue/ ⁊ la grace donne lhõneur non deue: non

110 1995 1385 111 point par la prerogatiue du merite/ non point

110 2078 1387 105 par la necessite/ non point par la temerite de

118 2157 1379 109 fortune: mais par la haultesse des richesses de

122 2242 1379 113 la sapiẽce de dieu. Poͬquoy dõcques se uãte¬

122 2327 1379 107 roit de ses merites celuy qͥ est deliure: auq̃l sil

112 2399 1383 118 luy estoit rendu Ielon Ies merites/ il ne seroit

112 2491 1407 104 sinõ dãme?7Les iustes dõcq̃s nõt iunulz meri

118 2559 1401 116 tes? Ilz en ont urayemẽt/ poͬce qͥlz sont iustes:

118 2657 1389 104 mais les merites nont pas faict qͥlz ayent este

118 2731 1368 113 iustes. Car ilz ont este faictz iustes/ quant ilz

112 2808 1377 131 ont este iustifiez. Mais cõe dit lapostre.7 Uoꝰ

107 2897 1388 164 estes iustifiez pour neant/ par sa grace. Si

386 154 981 175 nation. Chap̃. titt.

1522 311 267 110 Ro.11.a

1522 394 282 113 Gat.5.a

1513 481 238 127 titũ.3.b

1576 186 115 122 32

1548 1585 203 163 Ro.9.e

1519 2342 226 169 Ro.3d

1543 2470 208 119 Quelz

1534 2565 243 116 sont les

1522 2660 229 101 merites

1513 2731 232 107 des sa¬

1513 2805 178 116 inctz.

1522 2897 229 113 Ro.3.d.

1307 3006 186 103 nous
