2211 3563
713 356 1389 103 nous demandõs le merite de lendurcissemẽt.

707 441 1397 103 Certainement toute la masse par son merite

709 528 1387 99 est iustemẽt dãnee: et dieu ne lendurcist pas en

715 615 1377 95 luy baillant la malice/ mais il lendur cist en

713 690 1383 105 ce quil ne luy dõne pas misericorde. Et ceulx

705 775 1395 105 a qui il faict le don/ ilz nen sõt pas dignes/ ⁊

687 863 1413 100 si ne le deseruẽt pas: mais plus tost sõt dignes

679 944 1421 99 ⁊ deseruẽt q̃ ce ne leur soit dõne. Mais si nous

698 1021 1391 98 de mandons le merite de misericordeͬ nots ne

701 1098 1382 119 le trouuerons poi/: car il nen yapas/ affin q̃

686 1181 1403 119 grace ne soit euacuee/ selle nestoit pas donnee

683 1278 1405 97 gratuitemẽt/ mais quelle fut rendue meritoi¬

695 1355 1393 107 remẽt. Car si nous disons q̃ la foy a precede/

699 1439 1399 102 en laquelle estoit le merite de grace: quel me¬

704 1523 1382 95 rite a lhõme deuãt la foy?T Car quelle chose

704 1609 1385 92 a il/ quil ne le ait receu? Que si lhõme uou¬

699 1684 1395 105 loit demãder q̃lle chose il auroit merite deuãt

693 1769 1397 101 la grace/ pour la receuoir: lhõe pourroit trou

673 1852 1415 103 uer ses maulx/ ⁊ nõ pas des biens: uoire aussi

669 1937 1413 105 quãt la grace du saluateur le trouueroit seu¬

667 2019 1211 104 lemẽt ayãt uescu ung iour sur la terre.

865 2104 1110 107 ¶ Hierosme a Hedibie/ en la question

1093 2185 537 101 x.au .5iii. Tome.

692 2250 1373 113 ¶ Se Esau ⁊ Iacob nestoiẽt pas encore naiz/

677 2354 1394 95 ⁊ silz nauoiẽt encore saict ne biẽ ne mal/ pour

674 2422 1388 119 perdre lamour de dieu/ ou pour loffenser: et q̃

686 2514 1382 98 leur election/ ou abiection mõstre q̃ ce nestoit

692 2600 1370 104 point par le merite dung chascũ deulx/ mais

683 2681 1379 98 par la uolunte de celuy qui esleit ou qui re¬

671 2755 1382 119 iecte: q̃ dirõs nous doncq̃s? Dieu est il iniuste?

677 2844 1370 110 Selon lexemple quil dit a Moyse? Ie feray

673 2933 1375 123 misericorde a celuy de qui iay pitie: et auray

424 985 208 143 Lhõme

404 1098 264 98 na pas d

395 1184 223 131 merite.

1109 217 543 133 De predesti¬

410 1484 276 119 1.cor.4.b

419 1600 249 145 gala.1.c

395 2235 267 134 Electiõ.

389 2336 267 104 et abie¬

386 2419 267 98 ction est

380 2497 279 112 en la uo

380 2577 282 116 lunte de

377 2672 190 98 dieu.

374 2814 279 193 exo.33.d

1794 3022 258 117 pitie de
