2212 3563
410 145 1011 172 nation. Chap̃.iiii.

138 298 1370 135 pitie de celuy a qͥ ie fais misericorde. Dõcques

150 391 1357 125 se nous (dit il) receuons cela: q̃ dieu faice tout

152 479 1351 110 ce qͥl luy plaist: ⁊ que sans oeuure ou sans me

142 561 1362 107 rite il eslise ou cõdemne aucun: il sensuit dõc¬

138 639 1365 121 ques/ que ce nest pas du uueillant/ ne du cou¬

126 724 1377 119 rant/ mais cest de dieu qui faict misericorde:

122 805 1383 117 principalemẽt la ou la mesme escripture/ cest

115 878 1386 137 adire/ le mesme dieu dit a Pharaõ. En ce mes

112 967 1389 134 me te ay ie excite: affin quen toy ie monstre ma

120 1062 1387 115 uertu: et que mon nom soit annonce en toute

112 1143 1389 121 la terre. *Sil est ainsi: ⁊ que pour sa uolun¬

115 1226 1392 110 te il faice misericorde a Israel/ et endurcisse

112 1312 1389 119 Pharaon: on faict doncques pour neant la

118 1395 1389 116 querelle et la complaincte/ de ce que nauons

124 1476 1388 115 faict nulz biẽs/ ou que nous auons faict les

130 1563 1390 117 maulx: ueu que en sa puissance et en sa uou¬

136 1646 1406 105 lunte es de eslire ou de rebouter aucun/ sans

138 1726 1402 118 quelque bõnes oeuures ou mauuaises: ⁊ prin

138 1807 1382 120 cipalement ueu que la fragilite humaine ne

124 1891 1389 128 peult resister a sa uolunte. *Mais la cha¬

118 1968 1389 128 leur du soleil nest que une chaleur: et toutes¬

130 2051 1380 131 fois selõ les creatures qui sont dessoubz luy/

130 2141 1380 113 les unes il les fond/ et endurcist les aultres:

134 2226 1382 113 il espars les unes/ ⁊ restraĩct les aultres. Car

142 2308 1376 114 la cire sespart/ et la terre sendurcist: ⁊ toutes¬

144 2395 1376 114 fois la nature de la chaleur nest pas diuerse.

134 2476 1404 119 Pareillement aussi la bonte ⁊ la clemence de

136 2553 1410 129 dieu/ endurcit les uaisseaux de ire qui sont cõ

142 2638 1398 125 uenables a la perdition/ cest adire le peuple de

148 2713 1374 140 Israel: et appelle les uaisseaux de misericor¬

133 2811 1383 134 de quil a prepare pour la gloire: cest adire le

142 2913 448 115 peuple gentil.

1604 174 89 136 33

1531 492 226 155 Ro.9.c.

1522 869 273 107 exo.10.a

1531 982 214 92 ⁊.14.a.

1537 1122 246 110 Dieu a

1528 1211 273 113 fait tout

1525 1300 270 107 ce quil a

1534 1377 223 128 uoulu.

1537 1873 264 107 La cõpa

1528 1956 273 107 ratiõ du

1534 2042 205 119 soleil.

1546 2716 252 122 Hie.25.g

1546 2808 225 125 Ro.9.d

1079 2966 443 151 E Rom̃.
