2211 3563
661 300 1391 127 Rom̃.11.A ¶ Les demourãs sont

657 415 1401 137 sauuez/ selon lelectiõ de la grace de

657 536 1397 129 dieu. Que si cest par la grace desia

661 655 1389 128 nest ce poĩt par les oeuures. Aultre¬

649 775 1391 125 mẽt grace ne seroit pas grace: quoy

631 886 1419 127 doncq̃s? Israel na pas obtenu ce qͥl

628 995 1412 111 demãdoit: mais lelectionlg obtenu:

630 1116 1416 125 ⁊ tous les autres ont este aueuglis/

626 1225 1430 132 cõme il est escript. Dieu leur a dõne

624 1342 1422 138 lesprit de compunction: des yeulx

633 1458 1411 137 affin quilz ne uoyent/ ⁊ des aureil¬

651 1575 1403 135 les affin quilz ne oyent/ iusques au

667 1690 424 127 iourdhuy.

651 1797 1413 136 Rom// D ¶ Il est uerite que selõ

645 1912 1415 134 leuangile ilz sont ennemis/ a cause

665 2024 1397 143 de uous: moas selon lelection ilz sõt

677 2151 1367 121 les biens aymez a cause des peres.

663 2258 1395 135 Les dõs ⁊ la uocation de dieu sont

661 2387 721 118 sans repentance.

845 2482 1167 113 ¶ Augustin/ au liure de la predestina¬

832 2573 1085 103 tion des sainctz/ au .xui. Chapitre.

675 2650 1389 117 ¶ Il est uerite que selon leuãgile ilz sont en¬

657 2739 1407 101 nemis a cause de uous: mais selon lelectiõ ilz

663 2824 1395 107 sont bien aymez/ a cause des peres. Quest ce/

671 2897 1382 149 selon leuangile ilz sont ennemis a cause de

994 162 517 140 De predesti¬

352 1316 248 119 Esa.6.c

356 1969 246 101 De ꝯse.

353 2060 259 107 di.iiii.c.

370 2151 256 89 sine pe¬

374 2218 259 103 nitẽtia.

389 2903 235 146 Ro.11.d

1830 2996 222 111 uous:
