2212 3563
404 151 984 157 nation. Chap.iiii.

144 298 1378 117 uous: sinon q̃ linimicite par laquelle ilz occi¬

148 391 1370 109 rent Christ/ a prouffite a leuangile/ comme

157 478 1356 98 nous uoyõs sans doubte? *Et ce monstre il

148 558 1365 110 estre uenu par la dispense de dieu: lequel aussi

142 641 1371 107 scait bien user des mauuais: non pas que les

127 712 1386 113 uaisseaux de ire luy prouffitent: mais par ce

121 795 1392 128 quil en use en bien/ ilz prouffitent aux uais¬

118 881 1395 125 seaux de misericorde. Car quelle chose se pou

112 970 1401 110 uoit dire plus manifestement/ que ce qͥ est dit.

115 1048 1398 109 Selon leuãgile ilz sont ennemis/ a cause de

118 1138 1387 113 uous?* Il est doncq̃s en la puissãce des mau¬

107 1217 1391 125 uais de pecher. Mais que par ceste malice ilz

112 1306 1386 113 faicẽt une chose ou laultre en pechant/ il nest

107 1392 1385 107 pas en leur puissance/ mais est de dieu qͥ diui¬

107 1466 1385 113 se les tenebres ⁊ les ordõne: tellemẽt aussi que

112 1543 1380 116 de ce qͥl font cõtre la uolunte de dieu/ nest au¬

110 1624 1409 127 tre chose acõplie q̃ la uolunte de dieu. Uoicy

104 1716 1406 118 ce qͥ est dit. Selon leuãgile ilz sont ennemis a

104 1790 1376 119 cause de uous. Car la main ⁊ le cõseil de dieu

98 1888 1388 116 en auoit autãt p̃destine poͬ estre faict par les

104 1959 1373 131 Iuifz ennemis: qͥl estoit necessaire a leuãgile/

102 2048 1379 121 a nostre cause. Mais q̃lle chose est ce qͥ sẽsuit.

104 2133 1383 115 Selõ lelectiõ ilz sõt biẽ aymez a cause des pe

100 2222 1387 109 res? Les ennemis de dieu qͥ sont peris en leurs

100 2302 1383 118 inimictiez/ ⁊ ceulx qͥ sõt de la natiõ qui peris¬

102 2385 1377 115 sent encore par estre cõtraire a Christ: sont ilz

95 2458 1400 122 esleuz ⁊ bien aymez? Ia naduiengne. Qui se¬

104 2541 1388 128 roit si fol de dire ces choses?* Mais combien

110 2642 1370 107 que ces deux motz icy (ascauoir ennemis/ et

104 2719 1358 107 bien aymez) soient entre eulx contraires: et

98 2791 1364 130 quilz ne cõuiennent pas a une mesme person

95 2874 1373 145 ne: toutesfois peuuent estre ditz de la mesme

1578 178 149 148 34

1537 445 270 154 Les uais

1522 578 282 96 seaux de

1522 662 276 104 ire ꝓffi¬

1522 742 273 104 tent aux

1522 816 255 119 uaisse¬

1522 911 258 95 aux de

1522 997 241 89 miseri¬

1522 1071 178 104 corde.

1516 1244 273 101 les mau

1516 1324 273 92 uais ont

1516 1395 273 116 la puis-

1516 1484 279 101 sance de

1519 1564 282 107 mal uou

1537 1650 261 98 loir ma¬

1528 1748 217 89 is non

1510 1823 235 101 pas de

1510 1909 261 127 mal fai¬

1510 2001 71 92 re.

1519 2479 247 110 Les bien

1516 2577 244 107 aymez ⁊

1507 2660 256 107 les enne

1489 2734 244 98 mis ne

1492 2829 262 98 sont pas

1495 2906 149 122 ung.

888 2975 601 139 E .ii. nation
