<?xml version="1.0" encoding="UTF-8"?>
<alto xmlns:xsi="http://www.w3.org/2001/XMLSchema-instance"
      xmlns="http://www.loc.gov/standards/alto/ns-v4#"
      xsi:schemaLocation="http://www.loc.gov/standards/alto/ns-v4# http://www.loc.gov/standards/alto/v4/alto-4-2.xsd">
  <Description>
    <MeasurementUnit>pixel</MeasurementUnit>
    <sourceImageInformation>
      <fileName>69_e5705_default.jpg</fileName>
      <fileIdentifier>https://www.e-rara.ch/i3f/v20/4105804/full/full/0/default.jpg</fileIdentifier>
    </sourceImageInformation>
  </Description>
  <Tags>
    <OtherTag ID="BT8" LABEL="DamageZone" DESCRIPTION="block type DamageZone"/><OtherTag ID="BT10" LABEL="DropCapitalZone" DESCRIPTION="block type DropCapitalZone"/><OtherTag ID="BT11" LABEL="GraphicZone" DESCRIPTION="block type GraphicZone"/><OtherTag ID="BT12" LABEL="MainZone" DESCRIPTION="block type MainZone"/><OtherTag ID="BT13" LABEL="MarginTextZone" DESCRIPTION="block type MarginTextZone"/><OtherTag ID="BT15" LABEL="NumberingZone" DESCRIPTION="block type NumberingZone"/><OtherTag ID="BT17" LABEL="QuireMarksZone" DESCRIPTION="block type QuireMarksZone"/><OtherTag ID="BT18" LABEL="RunningTitleZone" DESCRIPTION="block type RunningTitleZone"/><OtherTag ID="BT20" LABEL="StampZone" DESCRIPTION="block type StampZone"/><OtherTag ID="BT21" LABEL="TableZone" DESCRIPTION="block type TableZone"/><OtherTag ID="BT22" LABEL="TitlePageZone" DESCRIPTION="block type TitlePageZone"/><OtherTag ID="BT132" LABEL="MarginTextZone:handwrittenAddition" DESCRIPTION="block type MarginTextZone:handwrittenAddition"/>
    <OtherTag ID="LT7" LABEL="CustomLine" DESCRIPTION="line type CustomLine"/><OtherTag ID="LT8" LABEL="DefaultLine" DESCRIPTION="line type DefaultLine"/><OtherTag ID="LT9" LABEL="DropCapitalLine" DESCRIPTION="line type DropCapitalLine"/><OtherTag ID="LT10" LABEL="HeadingLine" DESCRIPTION="line type HeadingLine"/><OtherTag ID="LT11" LABEL="InterlinearLine" DESCRIPTION="line type InterlinearLine"/><OtherTag ID="LT125" LABEL="default" DESCRIPTION="line type default"/>
  </Tags>
  <Layout>
    <Page WIDTH="2211"
          HEIGHT="3563"
          PHYSICAL_IMG_NR="69"
          ID="eSc_dummypage_">
      <PrintSpace HPOS="0"
                  VPOS="0"
                  WIDTH="2211"
                  HEIGHT="3563">
        <TextBlock HPOS="392"
                   VPOS="552"
                   WIDTH="272"
                   HEIGHT="436"
                   ID="eSc_textblock_3f121802"
                   TAGREFS="BT13">
          <Shape><Polygon POINTS="392 552 392 988 664 988 664 552"/></Shape>
          <TextLine ID="eSc_line_3af870b1"
                    TAGREFS="LT8"
                    BASELINE="398 629 662 630" 
                    HPOS="392"
                    VPOS="504"
                    WIDTH="267"
                    HEIGHT="146">
            <Shape><Polygon POINTS="395 626 392 650 656 650 659 629 656 516 534 504 531 504 528 504 526 504 499 528 481 540 395 537 395 626"/></Shape>
	    <String CONTENT="Les dõs"
                    HPOS="392"
                    VPOS="504"
                    WIDTH="267"
                    HEIGHT="146"
                    WC="0.9994362145662308"></String>
          </TextLine>
          <TextLine ID="eSc_line_bff5ebd3"
                    TAGREFS="LT8"
                    BASELINE="400 712 602 712 628 715" 
                    HPOS="395"
                    VPOS="629"
                    WIDTH="232"
                    HEIGHT="113">
            <Shape><Polygon POINTS="398 709 395 727 621 742 627 712 621 629 398 632 398 709"/></Shape>
	    <String CONTENT="de dieu"
                    HPOS="395"
                    VPOS="629"
                    WIDTH="232"
                    HEIGHT="113"
                    WC="0.9999209642410278"></String>
          </TextLine>
          <TextLine ID="eSc_line_74188320"
                    TAGREFS="LT8"
                    BASELINE="402 793 621 799" 
                    HPOS="398"
                    VPOS="718"
                    WIDTH="220"
                    HEIGHT="116">
            <Shape><Polygon POINTS="401 792 398 816 424 834 427 834 430 834 433 834 615 816 618 798 618 742 401 718 401 792"/></Shape>
	    <String CONTENT="demeu¬"
                    HPOS="398"
                    VPOS="718"
                    WIDTH="220"
                    HEIGHT="116"
                    WC="0.9956635733445486"></String>
          </TextLine>
          <TextLine ID="eSc_line_db172fba"
                    TAGREFS="LT8"
                    BASELINE="396 878 645 886" 
                    HPOS="392"
                    VPOS="807"
                    WIDTH="252"
                    HEIGHT="122">
            <Shape><Polygon POINTS="395 875 392 911 505 908 526 923 528 926 531 926 534 926 638 929 644 884 644 828 567 807 564 807 561 807 395 819 395 875"/></Shape>
	    <String CONTENT="rent fer¬"
                    HPOS="392"
                    VPOS="807"
                    WIDTH="252"
                    HEIGHT="122"
                    WC="0.9680266446537442"></String>
          </TextLine>
          <TextLine ID="eSc_line_7232d12e"
                    TAGREFS="LT8"
                    BASELINE="390 967 540 967" 
                    HPOS="389"
                    VPOS="899"
                    WIDTH="148"
                    HEIGHT="116">
            <Shape><Polygon POINTS="389 964 389 997 534 1015 537 964 537 905 389 899 389 964"/></Shape>
	    <String CONTENT="mes."
                    HPOS="389"
                    VPOS="899"
                    WIDTH="148"
                    HEIGHT="116"
                    WC="0.9999787211418152"></String>
          </TextLine>
        </TextBlock>
        <TextBlock HPOS="656"
                   VPOS="316"
                   WIDTH="1455"
                   HEIGHT="2715"
                   ID="eSc_textblock_94eca3ba"
                   TAGREFS="BT12">
          <Shape><Polygon POINTS="656 316 658 1034 663 1047 710 1176 669 1392 684 3031 2111 3015 2087 316"/></Shape>
          <TextLine ID="eSc_line_7ecb84ea"
                    TAGREFS="LT8"
                    BASELINE="683 385 2074 385" 
                    HPOS="683"
                    VPOS="310"
                    WIDTH="1391"
                    HEIGHT="111">
            <Shape><Polygon POINTS="2070 328 2058 322 1997 314 1991 314 1971 314 1951 314 1903 326 1731 326 1703 310 1701 310 1509 310 1507 310 1505 310 1503 310 1483 324 1410 310 1232 310 1230 310 1228 310 1226 310 1208 324 1081 314 1079 314 1077 314 1075 314 1059 324 1018 310 1016 310 1014 310 1012 310 1010 310 988 326 836 326 822 314 822 316 802 316 782 318 762 318 742 320 723 320 713 320 701 322 687 344 683 385 683 403 836 407 847 419 849 419 851 419 853 419 855 419 895 405 899 405 903 405 974 419 976 421 1061 421 1061 419 1063 419 1087 407 1087 405 1089 407 1109 419 1111 419 1113 419 1115 419 1226 407 1254 405 1462 405 1470 409 1489 419 1491 419 1493 419 1563 409 1592 405 1598 409 1612 419 1614 419 1616 419 1618 419 1662 409 1682 405 1695 409 1721 419 1723 419 1725 419 1783 411 1816 405 1830 411 1852 419 1854 419 1856 419 1927 411 1981 405 2002 411 2024 419 2026 419 2028 419 2074 411 2074 385 2074 330 2070 328"/></Shape>
	    <String CONTENT="nation des Iuifz/ ⁊ de la mesme semence selon"
                    HPOS="683"
                    VPOS="310"
                    WIDTH="1391"
                    HEIGHT="111"
                    WC="0.9983907010820177"></String>
          </TextLine>
          <TextLine ID="eSc_line_a0de8eb8"
                    TAGREFS="LT8"
                    BASELINE="677 471 2084 469" 
                    HPOS="675"
                    VPOS="401"
                    WIDTH="1409"
                    HEIGHT="101">
            <Shape><Polygon POINTS="677 471 677 488 754 488 756 488 772 500 774 500 776 500 778 500 780 500 824 488 828 488 832 488 881 498 883 498 885 498 923 488 927 488 929 488 952 500 954 500 956 502 1085 502 1085 500 1087 500 1089 500 1099 490 1101 488 1109 490 1137 498 1139 498 1141 498 1143 498 1157 490 1164 488 1323 488 1331 492 1341 500 1343 500 1345 500 1347 500 1390 492 1412 488 1428 492 1452 500 1454 500 1456 502 1658 502 1658 500 1689 494 1725 488 1802 488 1812 496 1818 500 1820 500 1822 500 1824 500 1870 496 1921 490 1933 496 1941 500 1943 500 1945 500 2084 496 2084 469 2080 415 1909 415 1844 401 1842 401 1840 401 1820 411 1800 401 1798 401 1796 401 1794 401 1755 413 1684 401 1682 401 1464 413 1406 401 1404 401 1339 413 1202 401 1200 401 1198 401 1196 401 1174 415 1107 415 1091 401 1089 401 1087 401 1034 401 1032 401 966 413 939 401 937 401 935 401 933 401 931 401 911 415 845 415 798 401 796 401 794 401 792 401 752 413 705 401 703 401 701 401 699 401 675 413 677 471"/></Shape>
	    <String CONTENT="la chair de Israel: aux ungz poͬ leur p̃uarica"
                    HPOS="675"
                    VPOS="401"
                    WIDTH="1409"
                    HEIGHT="101"
                    WC="0.9993622873140418"></String>
          </TextLine>
          <TextLine ID="eSc_line_61e7ad15"
                    TAGREFS="LT8"
                    BASELINE="673 556 2082 556" 
                    HPOS="673"
                    VPOS="486"
                    WIDTH="1409"
                    HEIGHT="99">
            <Shape><Polygon POINTS="673 556 673 577 933 585 935 585 937 585 954 579 970 576 980 579 992 585 994 585 996 585 998 585 1000 585 1008 579 1016 576 1057 581 1097 585 1099 585 1141 581 1192 576 1218 581 1234 585 1236 585 1238 585 1256 581 1285 576 1664 576 1713 583 1725 585 1727 585 1729 585 1731 585 1731 583 1743 576 1846 576 1901 585 1907 585 1909 585 1911 585 1913 585 1955 576 1999 585 2000 585 2002 585 2004 585 2006 585 2022 576 2080 585 2082 556 2082 500 2056 486 2054 486 2052 486 2050 486 2012 500 1945 486 1870 486 1868 486 1866 486 1864 486 1844 500 1771 486 1769 486 1767 486 1717 500 1715 500 1660 486 1658 486 1656 486 1454 498 1416 486 1414 486 1412 486 1410 486 1408 486 1392 498 1390 500 1386 498 1349 486 1347 486 1345 486 1265 498 1246 500 673 496 673 556"/></Shape>
	    <String CONTENT="tion/ aux autres poͬ la benediction de Israel."
                    HPOS="673"
                    VPOS="486"
                    WIDTH="1409"
                    HEIGHT="99"
                    WC="0.9837877024774966"></String>
          </TextLine>
          <TextLine ID="eSc_line_670cbd7a"
                    TAGREFS="LT8"
                    BASELINE="680 630 2080 637" 
                    HPOS="674"
                    VPOS="558"
                    WIDTH="1403"
                    HEIGHT="118">
            <Shape><Polygon POINTS="1372 558 1369 558 1358 561 1307 573 1224 561 1197 558 1194 558 1167 561 1069 573 677 561 677 629 674 662 1277 662 1286 662 1375 676 1378 676 2074 662 2077 635 2071 564 1598 576 1423 561 1375 558 1372 558"/></Shape>
	    <String CONTENT="7 Dequoy aussi apres q̃ cestuy a dit. Selõ le¬"
                    HPOS="674"
                    VPOS="558"
                    WIDTH="1403"
                    HEIGHT="118"
                    WC="0.9874027307997358"></String>
          </TextLine>
          <TextLine ID="eSc_line_3d64eb22"
                    TAGREFS="LT8"
                    BASELINE="671 719 703 722 2082 718" 
                    HPOS="665"
                    VPOS="650"
                    WIDTH="1415"
                    HEIGHT="107">
            <Shape><Polygon POINTS="668 718 668 757 2080 739 2080 715 2074 656 665 650 668 718"/></Shape>
	    <String CONTENT="lection sõt bien aymez/ a cause des peres/ cõse"
                    HPOS="665"
                    VPOS="650"
                    WIDTH="1415"
                    HEIGHT="107"
                    WC="0.9967324964854182"></String>
          </TextLine>
          <TextLine ID="eSc_line_aef8b578"
                    TAGREFS="LT8"
                    BASELINE="665 799 2076 803" 
                    HPOS="659"
                    VPOS="730"
                    WIDTH="1415"
                    HEIGHT="104">
            <Shape><Polygon POINTS="662 798 659 825 2068 834 2074 801 2071 730 662 739 662 798"/></Shape>
	    <String CONTENT="quẽment dit ce dequoy nous traictõs. Car les"
                    HPOS="659"
                    VPOS="730"
                    WIDTH="1415"
                    HEIGHT="104"
                    WC="0.9982948497585629"></String>
          </TextLine>
          <TextLine ID="eSc_line_e206d759"
                    TAGREFS="LT8"
                    BASELINE="663 887 709 888 2074 888" 
                    HPOS="659"
                    VPOS="807"
                    WIDTH="1412"
                    HEIGHT="101">
            <Shape><Polygon POINTS="662 884 659 908 2068 905 2071 887 2068 825 1946 807 1943 807 1875 822 1869 822 1863 822 1756 807 1462 807 1459 807 1456 807 1453 807 1435 819 1429 822 1399 819 1298 807 1295 807 1188 819 1141 822 1093 816 1001 807 998 807 995 807 974 816 959 822 662 816 662 884"/></Shape>
	    <String CONTENT="dons ⁊ la uocatiõ de dieu sont sans repẽtãce:"
                    HPOS="659"
                    VPOS="807"
                    WIDTH="1412"
                    HEIGHT="101"
                    WC="0.9918157495558262"></String>
          </TextLine>
          <TextLine ID="eSc_line_ef97c5c4"
                    TAGREFS="LT8"
                    BASELINE="667 971 2072 971" 
                    HPOS="665"
                    VPOS="911"
                    WIDTH="1406"
                    HEIGHT="95">
            <Shape><Polygon POINTS="665 970 665 1006 2071 1000 2071 970 2071 911 665 911 665 970"/></Shape>
	    <String CONTENT="cest adire/ il demeurẽt fermes sans mutation."
                    HPOS="665"
                    VPOS="911"
                    WIDTH="1406"
                    HEIGHT="95"
                    WC="0.9995923832706783"></String>
          </TextLine>
          <TextLine ID="eSc_line_dfd7cde0"
                    TAGREFS="LT8"
                    BASELINE="677 1055 2076 1051" 
                    HPOS="675"
                    VPOS="983"
                    WIDTH="1401"
                    HEIGHT="103">
            <Shape><Polygon POINTS="677 1055 679 1086 705 1074 824 1074 836 1084 838 1084 840 1084 842 1084 869 1084 1174 1074 1194 1080 1204 1084 1206 1084 1208 1084 1230 1080 1263 1074 1477 1078 1749 1082 1751 1082 1818 1074 1836 1072 1848 1074 1897 1082 1899 1082 1901 1082 1919 1072 1921 1072 1935 1082 1937 1082 1939 1082 1941 1082 2074 1070 2076 1051 2070 999 1882 999 1874 999 1789 983 1787 983 1785 983 1735 999 1731 1001 1648 1001 1646 999 1604 983 1602 983 1600 983 1598 983 1596 983 1579 999 1577 1001 1545 1001 1543 999 1517 983 1515 983 1513 983 1470 983 1468 983 1466 983 1428 999 1424 999 1343 989 1341 989 1273 999 1262 1001 1258 999 1244 987 1242 987 1240 987 1168 985 1166 985 1164 985 1162 985 1139 999 1135 1003 1000 1003 996 1001 958 985 956 985 954 985 952 985 913 997 842 985 840 985 838 985 836 985 818 999 711 985 709 985 707 985 675 997 677 1055"/></Shape>
	    <String CONTENT="Ceulx qͥ appartiẽnent a ceste uocation: tous"
                    HPOS="675"
                    VPOS="983"
                    WIDTH="1401"
                    HEIGHT="103"
                    WC="0.9995983944998847"></String>
          </TextLine>
          <TextLine ID="eSc_line_fa72b5b1"
                    TAGREFS="LT8"
                    BASELINE="695 1140 2082 1134" 
                    HPOS="693"
                    VPOS="1070"
                    WIDTH="1389"
                    HEIGHT="105">
            <Shape><Polygon POINTS="695 1140 695 1161 709 1171 711 1171 713 1171 715 1171 717 1171 719 1171 740 1159 901 1159 933 1173 935 1173 937 1175 1071 1175 1071 1173 1073 1173 1075 1173 1075 1171 1091 1157 1155 1157 1174 1167 1176 1167 1178 1167 1180 1167 1182 1167 1198 1157 1246 1167 1248 1167 1368 1157 1460 1171 1462 1173 1616 1173 1616 1171 1723 1157 1755 1167 1757 1167 1759 1167 1761 1167 1790 1155 2028 1169 2030 1169 2032 1169 2082 1152 2082 1134 2076 1080 1963 1082 1957 1080 1941 1070 1939 1070 1937 1070 1935 1070 1933 1070 1931 1070 1917 1080 1913 1084 1691 1084 1689 1082 1678 1070 1676 1070 1674 1070 1672 1070 1670 1070 1628 1082 1624 1082 1618 1082 1551 1070 1549 1070 1547 1070 1513 1082 1505 1086 1327 1086 1317 1084 1240 1070 1238 1070 1236 1070 1208 1084 1206 1084 1160 1070 1158 1070 1157 1070 1079 1084 1069 1086 1065 1084 1034 1072 1032 1072 1030 1072 867 1086 859 1086 857 1086 843 1074 843 1072 842 1072 840 1072 709 1072 707 1072 705 1072 703 1072 693 1080 695 1140"/></Shape>
	    <String CONTENT="sont enseignez de dieu: et nul dentre eulx ne"
                    HPOS="693"
                    VPOS="1070"
                    WIDTH="1389"
                    HEIGHT="105"
                    WC="0.9861426949501038"></String>
          </TextLine>
          <TextLine ID="eSc_line_a921436c"
                    TAGREFS="LT8"
                    BASELINE="715 1218 2076 1221" 
                    HPOS="710"
                    VPOS="1157"
                    WIDTH="1364"
                    HEIGHT="90">
            <Shape><Polygon POINTS="713 1217 710 1247 2071 1244 2074 1220 2071 1163 713 1157 713 1217"/></Shape>
	    <String CONTENT="peult dire: iay creu poͬ ainsi estre appelle: car"
                    HPOS="710"
                    VPOS="1157"
                    WIDTH="1364"
                    HEIGHT="90"
                    WC="0.9930388282756416"></String>
          </TextLine>
          <TextLine ID="eSc_line_bb4334c3"
                    TAGREFS="LT8"
                    BASELINE="699 1299 2072 1306" 
                    HPOS="695"
                    VPOS="1235"
                    WIDTH="1376"
                    HEIGHT="110">
            <Shape><Polygon POINTS="698 1297 695 1330 2065 1345 2071 1303 2068 1247 698 1235 698 1297"/></Shape>
	    <String CONTENT="la misericorde de dieu la ureuenu/ par laquel¬"
                    HPOS="695"
                    VPOS="1235"
                    WIDTH="1376"
                    HEIGHT="110"
                    WC="0.9920527494472006"></String>
          </TextLine>
          <TextLine ID="eSc_line_233f8de1"
                    TAGREFS="LT8"
                    BASELINE="671 1391 1697 1383" 
                    HPOS="669"
                    VPOS="1320"
                    WIDTH="1028"
                    HEIGHT="99">
            <Shape><Polygon POINTS="671 1391 671 1407 879 1419 881 1419 883 1419 923 1407 929 1405 1028 1405 1040 1415 1040 1417 1042 1417 1044 1417 1046 1417 1109 1405 1113 1405 1115 1405 1180 1417 1182 1417 1303 1415 1305 1415 1307 1415 1321 1403 1343 1415 1345 1415 1347 1415 1349 1415 1388 1405 1460 1413 1462 1413 1464 1413 1466 1413 1477 1401 1479 1401 1499 1401 1682 1413 1684 1413 1685 1413 1687 1413 1697 1403 1697 1383 1693 1336 1573 1322 1571 1322 1569 1322 1533 1334 1430 1324 1428 1324 1368 1336 1244 1320 1242 1320 1240 1320 1238 1320 1212 1338 1083 1338 1065 1324 1065 1322 1063 1322 1061 1322 1026 1322 1024 1322 1022 1322 988 1336 941 1326 939 1326 937 1326 911 1340 887 1324 885 1324 883 1324 843 1324 842 1324 840 1324 838 1324 838 1326 826 1336 776 1328 774 1328 772 1328 740 1340 725 1326 725 1324 723 1324 721 1324 685 1324 683 1324 681 1324 679 1324 679 1326 677 1326 669 1334 671 1391"/></Shape>
	    <String CONTENT="le a este ainsi appelle pour croire."
                    HPOS="669"
                    VPOS="1320"
                    WIDTH="1028"
                    HEIGHT="99"
                    WC="0.9879719730880525"></String>
          </TextLine>
          <TextLine ID="eSc_line_1a37aa50"
                    TAGREFS="LT8"
                    BASELINE="685 1498 2084 1492" 
                    HPOS="683"
                    VPOS="1401"
                    WIDTH="1401"
                    HEIGHT="117">
            <Shape><Polygon POINTS="685 1498 685 1518 2082 1514 2084 1492 2080 1425 1846 1425 1818 1411 1816 1411 1814 1411 1812 1411 1810 1411 1798 1421 1779 1411 1777 1411 1775 1411 1709 1421 1616 1401 1614 1401 1505 1421 1466 1403 1464 1403 1462 1403 1372 1413 1299 1403 1297 1403 1295 1403 1293 1403 1267 1425 1180 1403 1178 1403 1176 1403 1107 1405 1105 1405 1103 1405 1077 1429 1004 1429 958 1405 956 1405 954 1405 952 1405 899 1427 851 1405 849 1405 796 1405 794 1405 792 1405 790 1405 756 1429 683 1429 685 1498"/></Shape>
	    <String CONTENT="1.Corĩ.1.D. ¶ Mes freres regar"
                    HPOS="683"
                    VPOS="1401"
                    WIDTH="1401"
                    HEIGHT="117"
                    WC="0.9851966942510297"></String>
          </TextLine>
          <TextLine ID="eSc_line_04fd1a42"
                    TAGREFS="LT8"
                    BASELINE="687 1617 891 1609 2086 1605" 
                    HPOS="683"
                    VPOS="1502"
                    WIDTH="1400"
                    HEIGHT="134">
            <Shape><Polygon POINTS="686 1615 686 1636 2080 1636 2083 1603 2080 1520 2023 1505 2011 1505 1997 1517 1979 1502 1964 1502 1931 1523 1827 1523 1797 1502 1705 1517 1679 1502 1667 1502 1652 1514 1646 1523 1474 1526 1364 1526 1346 1505 1286 1511 1212 1523 1123 1505 1031 1523 977 1505 683 1505 686 1615"/></Shape>
	    <String CONTENT="dez uostre uocation: car plusieͬs sai¬"
                    HPOS="683"
                    VPOS="1502"
                    WIDTH="1400"
                    HEIGHT="134"
                    WC="0.9990495396287817"></String>
          </TextLine>
          <TextLine ID="eSc_line_6695d1cb"
                    TAGREFS="LT8"
                    BASELINE="689 1718 2096 1724" 
                    HPOS="689"
                    VPOS="1629"
                    WIDTH="1407"
                    HEIGHT="128">
            <Shape><Polygon POINTS="689 1718 689 1749 810 1737 885 1751 891 1751 893 1751 895 1751 897 1751 947 1737 984 1751 986 1751 988 1751 990 1751 992 1751 1012 1737 1125 1737 1153 1751 1157 1753 1158 1753 1160 1753 1162 1753 1168 1751 1214 1741 1285 1753 1295 1753 1297 1753 1299 1753 1301 1753 1301 1751 1317 1739 1460 1753 1470 1753 1472 1753 1475 1753 1541 1739 1559 1753 1561 1753 1563 1753 1565 1753 1571 1753 1743 1741 1765 1755 1767 1755 1769 1755 1771 1757 1814 1757 1814 1755 1816 1755 1818 1755 1840 1741 1905 1755 1911 1755 1913 1755 1925 1755 2056 1743 2090 1755 2096 1724 2092 1654 2034 1656 2020 1652 1981 1642 1979 1642 1977 1642 1933 1650 1913 1640 1911 1640 1909 1640 1907 1640 1905 1640 1888 1652 1886 1654 1878 1652 1785 1633 1783 1633 1781 1633 1779 1633 1757 1652 1751 1658 1630 1658 1624 1652 1610 1640 1608 1640 1606 1640 1604 1640 1602 1640 1569 1652 1563 1654 1559 1652 1529 1637 1527 1637 1454 1631 1452 1631 1450 1631 1402 1652 1396 1656 1339 1656 1331 1652 1271 1631 1269 1631 1168 1631 1166 1631 1164 1631 1089 1652 1087 1652 1053 1629 1052 1629 1050 1629 877 1629 875 1629 873 1629 818 1652 814 1652 689 1652 689 1718"/></Shape>
	    <String CONTENT="ges selõ la chair ne sõt pas esleuz ne"
                    HPOS="689"
                    VPOS="1629"
                    WIDTH="1407"
                    HEIGHT="128"
                    WC="0.9912777498364449"></String>
          </TextLine>
          <TextLine ID="eSc_line_30deb812"
                    TAGREFS="LT8"
                    BASELINE="695 1838 2094 1838" 
                    HPOS="695"
                    VPOS="1745"
                    WIDTH="1399"
                    HEIGHT="131">
            <Shape><Polygon POINTS="695 1838 695 1874 792 1870 794 1870 796 1870 816 1856 840 1874 842 1874 843 1874 845 1874 847 1874 849 1874 877 1856 976 1856 1006 1874 1008 1874 1010 1874 1012 1876 1053 1876 1053 1874 1055 1874 1057 1874 1091 1856 1145 1874 1149 1874 1151 1874 1153 1876 1226 1876 1226 1874 1228 1874 1234 1872 1297 1856 1420 1856 1440 1872 1442 1874 1444 1874 1446 1874 1448 1874 1464 1872 1519 1862 1654 1870 1684 1872 1685 1872 1687 1872 1693 1870 1741 1856 1775 1856 1790 1868 1790 1870 1792 1870 1794 1870 1796 1870 1802 1870 1909 1858 1929 1870 1935 1872 1937 1872 1939 1872 1941 1872 1949 1870 1989 1856 2092 1868 2094 1838 2092 1751 2022 1763 2000 1751 1993 1747 1991 1747 1903 1745 1901 1745 1899 1745 1872 1753 1828 1765 1745 1765 1682 1763 1668 1755 1654 1745 1652 1745 1650 1745 1648 1745 1598 1755 1586 1757 1575 1755 1529 1745 1527 1745 1525 1745 1503 1755 1487 1763 1402 1757 1319 1751 1317 1751 1315 1751 1295 1759 1281 1763 1271 1759 1248 1745 1246 1745 1153 1745 1151 1745 1149 1745 1147 1745 1125 1759 1121 1763 1103 1759 1046 1749 1044 1749 990 1761 978 1763 964 1761 867 1745 865 1745 863 1745 830 1763 828 1763 792 1745 790 1745 788 1745 786 1745 784 1745 758 1763 695 1763 695 1838"/></Shape>
	    <String CONTENT="plusieͬs puissãs/ ne plusieͬs nobles:"
                    HPOS="695"
                    VPOS="1745"
                    WIDTH="1399"
                    HEIGHT="131"
                    WC="0.9863298723572179"></String>
          </TextLine>
          <TextLine ID="eSc_line_b5b663e0"
                    TAGREFS="LT8"
                    BASELINE="673 1955 2092 1951" 
                    HPOS="673"
                    VPOS="1856"
                    WIDTH="1419"
                    HEIGHT="131">
            <Shape><Polygon POINTS="673 1955 673 1969 964 1969 1018 1987 1020 1987 1022 1987 1107 1971 1125 1983 1127 1983 1129 1983 1263 1987 1265 1987 1267 1987 1269 1987 1293 1969 1359 1979 1361 1979 1363 1979 1384 1971 1410 1983 1412 1983 1414 1983 1416 1983 1418 1983 1438 1969 1452 1979 1454 1979 1456 1979 1458 1979 1460 1979 1503 1967 1525 1985 1527 1985 1529 1985 1531 1987 1567 1987 1567 1985 1569 1985 1612 1967 1624 1979 1626 1979 1628 1979 1630 1979 1781 1967 1818 1985 1820 1985 1822 1987 2018 1987 2018 1985 2020 1985 2092 1963 2092 1951 2088 1884 2028 1876 2006 1856 2004 1856 2002 1856 2000 1856 1882 1858 1880 1858 1878 1858 1840 1884 1751 1884 1711 1856 1709 1856 1707 1856 1592 1856 1590 1856 1588 1856 1521 1882 1428 1856 1426 1856 1424 1856 1422 1856 1420 1856 1376 1884 1374 1884 1353 1884 1327 1884 1295 1858 1293 1858 1291 1858 1254 1858 1252 1858 1250 1858 1248 1858 1212 1882 1151 1874 1149 1874 1067 1884 1065 1884 1026 1858 1024 1858 1022 1858 1020 1858 937 1860 935 1860 903 1876 838 1858 836 1858 834 1858 832 1858 784 1884 782 1886 677 1886 673 1955"/></Shape>
	    <String CONTENT="mais dieu a esleu les folles choses"
                    HPOS="673"
                    VPOS="1856"
                    WIDTH="1419"
                    HEIGHT="131"
                    WC="0.9996668202536446"></String>
          </TextLine>
          <TextLine ID="eSc_line_7bb65eb8"
                    TAGREFS="LT8"
                    BASELINE="677 2066 2098 2066" 
                    HPOS="677"
                    VPOS="1977"
                    WIDTH="1421"
                    HEIGHT="125">
            <Shape><Polygon POINTS="677 2066 677 2096 826 2100 828 2100 830 2100 838 2098 865 2084 976 2084 1004 2098 1008 2100 1010 2100 1012 2100 1014 2100 1020 2098 1057 2084 1097 2098 1103 2100 1105 2100 1107 2102 1317 2102 1317 2100 1319 2100 1323 2098 1359 2084 1454 2084 1468 2094 1470 2094 1472 2094 1474 2094 1624 2084 1715 2100 1721 2100 1723 2100 1725 2100 1727 2100 1765 2086 1812 2094 1814 2094 1816 2094 1858 2084 1874 2098 1876 2098 1878 2098 1949 2100 1977 2100 1979 2100 1981 2100 2022 2086 2096 2100 2098 2066 2098 1995 2048 1977 2046 1977 2044 1977 2042 1977 2012 1991 1967 1977 1965 1977 1963 1977 1961 1977 1959 1977 1935 1995 1933 1997 1838 1997 1836 1995 1802 1977 1800 1977 1798 1977 1796 1977 1765 1993 1741 1977 1739 1977 1737 1977 1691 1977 1689 1977 1687 1977 1685 1977 1662 1993 1658 1995 1606 1995 1604 1993 1586 1977 1584 1977 1582 1977 1503 1977 1501 1977 1499 1977 1497 1977 1475 1993 1472 1995 1466 1993 1428 1977 1426 1977 1372 1977 1370 1977 1368 1977 1367 1977 1351 1991 1345 1997 1228 1997 1218 1991 1196 1977 1194 1977 1192 1977 1121 1977 1119 1977 1117 1977 1115 1977 1101 1989 1093 1995 1069 1989 1048 1985 1046 1985 1044 1985 1030 1989 1008 1995 998 1989 980 1977 978 1977 976 1977 974 1977 907 1979 905 1979 903 1979 891 1987 877 1997 758 1997 735 1987 707 1977 705 1977 703 1977 701 1977 677 1985 677 2066"/></Shape>
	    <String CONTENT="du mõde/ affin quil cõfonde les sai¬"
                    HPOS="677"
                    VPOS="1977"
                    WIDTH="1421"
                    HEIGHT="125"
                    WC="0.992652587200466"></String>
          </TextLine>
          <TextLine ID="eSc_line_85d38717"
                    TAGREFS="LT8"
                    BASELINE="701 2183 2098 2183" 
                    HPOS="701"
                    VPOS="2094"
                    WIDTH="1397"
                    HEIGHT="126">
            <Shape><Polygon POINTS="701 2183 701 2220 770 2220 770 2218 772 2218 774 2218 798 2203 861 2203 885 2218 887 2218 889 2218 891 2218 893 2218 897 2218 958 2203 1044 2205 1061 2216 1063 2218 1065 2218 1067 2218 1069 2220 1105 2220 1105 2218 1107 2218 1109 2218 1111 2216 1129 2203 1194 2216 1210 2218 1212 2218 1236 2216 1327 2203 1386 2203 1402 2214 1406 2218 1408 2218 1410 2218 1412 2218 1557 2214 1559 2214 1561 2214 1561 2213 1577 2203 1765 2203 1783 2213 1796 2218 1798 2218 1800 2218 1802 2218 1826 2211 1846 2207 1874 2211 1917 2218 1919 2218 2098 2209 2098 2183 2096 2110 2034 2114 2024 2110 1991 2094 1989 2094 1987 2094 1985 2094 1953 2110 1943 2116 1745 2116 1723 2110 1638 2094 1636 2094 1634 2094 1604 2108 1527 2096 1525 2096 1523 2096 1495 2112 1472 2094 1470 2094 1468 2094 1396 2094 1394 2094 1392 2094 1329 2112 1323 2114 1317 2112 1271 2094 1269 2094 1170 2094 1168 2094 1166 2094 1164 2094 1143 2112 1121 2094 1119 2094 1117 2094 1073 2094 1071 2094 990 2114 988 2114 986 2114 945 2094 943 2094 941 2094 939 2094 889 2114 885 2114 756 2102 754 2102 701 2114 701 2183"/></Shape>
	    <String CONTENT="ges: ⁊ les foibles choses du monde:"
                    HPOS="701"
                    VPOS="2094"
                    WIDTH="1397"
                    HEIGHT="126"
                    WC="0.9928938218525478"></String>
          </TextLine>
          <TextLine ID="eSc_line_92028f9b"
                    TAGREFS="LT8"
                    BASELINE="697 2294 2090 2298" 
                    HPOS="695"
                    VPOS="2205"
                    WIDTH="1395"
                    HEIGHT="126">
            <Shape><Polygon POINTS="697 2294 695 2310 742 2329 744 2329 746 2329 828 2317 847 2329 849 2329 851 2329 853 2331 956 2331 956 2329 1052 2313 1196 2313 1222 2329 1224 2329 1226 2329 1228 2329 1303 2319 1329 2329 1331 2329 1333 2329 1335 2329 1394 2313 1477 2329 1479 2329 1575 2315 1604 2331 1606 2331 1608 2331 1862 2321 1945 2331 1947 2331 1949 2331 1951 2331 1975 2315 2088 2315 2090 2298 2088 2209 1951 2207 1949 2207 1947 2207 1939 2209 1897 2230 1783 2230 1749 2216 1747 2216 1745 2216 1743 2216 1701 2228 1680 2213 1672 2207 1670 2207 1668 2207 1640 2207 1638 2207 1636 2207 1634 2207 1626 2213 1604 2230 1545 2230 1527 2214 1519 2207 1517 2207 1515 2207 1513 2207 1442 2216 1432 2216 1426 2216 1384 2205 1382 2205 1380 2205 1378 2205 1376 2205 1359 2216 1357 2218 1345 2216 1267 2205 1265 2205 1263 2205 1238 2218 1222 2226 1164 2218 1121 2214 1119 2214 1117 2214 1115 2214 1109 2220 1107 2222 1105 2220 1085 2205 1083 2205 1081 2205 1046 2205 1044 2205 1042 2205 1040 2205 1018 2220 1010 2228 901 2228 891 2222 857 2205 855 2205 800 2205 798 2205 796 2205 794 2205 772 2224 768 2226 697 2226 697 2294"/></Shape>
	    <String CONTENT="affin quil confonde les fortes: ⁊ les"
                    HPOS="695"
                    VPOS="2205"
                    WIDTH="1395"
                    HEIGHT="126"
                    WC="0.9960373640060425"></String>
          </TextLine>
          <TextLine ID="eSc_line_9b0379ce"
                    TAGREFS="LT8"
                    BASELINE="689 2408 2100 2414" 
                    HPOS="687"
                    VPOS="2319"
                    WIDTH="1413"
                    HEIGHT="129">
            <Shape><Polygon POINTS="689 2408 687 2424 731 2442 733 2442 735 2442 818 2432 855 2442 857 2442 859 2442 861 2442 863 2442 877 2430 925 2440 927 2440 929 2440 931 2440 945 2428 947 2426 956 2428 1006 2438 1008 2438 1061 2428 1079 2426 1083 2430 1099 2442 1101 2442 1103 2442 1158 2444 1160 2444 1162 2444 1206 2430 1216 2428 1273 2428 1281 2432 1305 2444 1307 2444 1309 2444 1311 2444 1351 2432 1367 2428 1438 2428 1446 2434 1458 2444 1460 2444 1462 2444 1464 2444 1466 2444 1493 2434 1501 2432 1521 2434 1590 2444 1592 2444 1594 2444 1596 2444 1606 2436 1612 2430 1638 2436 1684 2446 1685 2448 1753 2448 1753 2446 1755 2446 1757 2446 1769 2438 1773 2434 1781 2438 1796 2444 1798 2444 1800 2444 1802 2444 1816 2438 1832 2430 1848 2438 1852 2440 1854 2440 1856 2440 1858 2440 1866 2438 1899 2430 2002 2432 2014 2440 2024 2446 2026 2446 2028 2446 2030 2446 2098 2440 2100 2414 2100 2345 2044 2323 2042 2323 2040 2323 2038 2323 1985 2343 1933 2323 1931 2323 1773 2323 1771 2323 1769 2323 1745 2335 1731 2323 1729 2323 1727 2323 1658 2323 1656 2323 1654 2323 1652 2323 1628 2339 1549 2341 1525 2325 1523 2325 1521 2325 1519 2325 1442 2341 1440 2341 1438 2341 1271 2321 1269 2321 1267 2321 1265 2321 1236 2341 1232 2343 1162 2343 1158 2341 1145 2329 1143 2329 1141 2329 1139 2329 1137 2329 1105 2339 1105 2341 923 2341 921 2339 899 2319 897 2319 895 2319 893 2319 814 2335 778 2319 776 2319 774 2319 772 2319 770 2319 738 2339 737 2339 689 2339 689 2408"/></Shape>
	    <String CONTENT="choses non nobles ⁊ contẽptibles/ ⁊"
                    HPOS="687"
                    VPOS="2319"
                    WIDTH="1413"
                    HEIGHT="129"
                    WC="0.9995371368196275"></String>
          </TextLine>
          <TextLine ID="eSc_line_c54c21a9"
                    TAGREFS="LT8"
                    BASELINE="691 2523 2100 2527" 
                    HPOS="689"
                    VPOS="2430"
                    WIDTH="1411"
                    HEIGHT="135">
            <Shape><Polygon POINTS="691 2523 689 2543 754 2561 756 2561 758 2561 760 2561 804 2547 895 2561 897 2561 976 2547 1030 2561 1032 2561 1034 2561 1093 2547 1131 2561 1133 2561 1135 2561 1368 2547 1394 2563 1396 2563 1398 2563 1400 2563 1505 2549 1563 2549 1577 2563 1579 2563 1580 2563 1582 2563 1660 2549 1729 2549 1745 2561 1747 2561 1749 2561 1751 2561 1753 2561 1794 2549 1826 2563 1828 2563 1830 2565 1880 2565 1880 2563 1882 2563 1884 2563 1897 2551 1911 2563 1913 2563 1915 2563 1917 2565 1973 2565 1973 2563 1975 2563 1977 2563 1997 2551 2058 2563 2060 2563 2062 2563 2098 2547 2100 2527 2094 2432 2052 2448 2022 2432 2020 2432 2018 2432 2016 2432 2014 2432 2012 2432 1979 2456 1945 2456 1921 2434 1919 2432 1917 2432 1915 2432 1842 2432 1840 2432 1838 2432 1836 2432 1832 2436 1806 2454 1640 2440 1638 2440 1575 2454 1555 2440 1553 2440 1551 2440 1549 2440 1547 2440 1513 2454 1481 2440 1462 2432 1460 2432 1458 2432 1398 2442 1347 2450 1335 2442 1319 2432 1317 2432 1315 2432 1313 2432 1311 2432 1285 2442 1271 2430 1269 2430 1267 2430 1265 2430 1263 2430 1238 2444 1222 2454 1089 2454 1075 2446 1040 2430 1038 2430 978 2430 976 2430 974 2430 947 2444 915 2430 913 2430 911 2430 909 2430 907 2430 881 2450 875 2454 762 2454 758 2450 727 2434 725 2434 723 2434 721 2434 691 2448 691 2523"/></Shape>
	    <String CONTENT="les choses qui ne sont pas: affin qͥl"
                    HPOS="689"
                    VPOS="2430"
                    WIDTH="1411"
                    HEIGHT="135"
                    WC="0.9887275067535607"></String>
          </TextLine>
          <TextLine ID="eSc_line_f58ce0a5"
                    TAGREFS="LT8"
                    BASELINE="703 2638 2096 2644" 
                    HPOS="701"
                    VPOS="2545"
                    WIDTH="1395"
                    HEIGHT="137">
            <Shape><Polygon POINTS="701 2656 731 2670 733 2670 735 2670 737 2670 772 2660 810 2678 812 2678 814 2678 816 2678 857 2660 988 2678 990 2678 992 2678 1028 2660 1216 2660 1216 2662 1242 2680 1244 2680 1246 2680 1248 2680 1250 2680 1287 2662 1333 2680 1335 2680 1337 2680 1466 2666 1487 2680 1489 2680 1491 2680 1493 2680 1555 2678 1557 2678 1559 2678 1577 2664 1580 2662 1588 2664 1638 2682 1640 2682 1642 2682 1644 2682 1646 2682 1670 2666 1674 2664 1721 2666 1745 2666 1769 2682 1771 2682 1773 2682 1775 2682 2094 2668 2096 2644 2094 2573 1901 2573 1897 2569 1880 2553 1878 2553 1876 2553 1818 2549 1816 2549 1814 2549 1812 2549 1787 2567 1781 2571 1735 2565 1691 2561 1689 2561 1666 2565 1634 2571 1624 2563 1604 2547 1602 2547 1600 2547 1509 2547 1507 2547 1505 2547 1503 2547 1485 2561 1475 2571 1424 2571 1412 2561 1398 2547 1396 2547 1394 2547 1392 2547 1339 2559 1315 2565 1305 2559 1293 2547 1291 2547 1289 2547 1260 2547 1258 2547 1256 2547 1254 2547 1238 2557 1218 2569 1127 2567 1111 2555 1097 2545 1095 2545 1093 2545 1091 2545 1089 2545 1067 2555 1059 2559 1055 2555 1046 2547 1046 2545 1044 2545 1042 2545 976 2545 974 2545 972 2545 954 2553 921 2567 879 2551 861 2545 859 2545 857 2545 822 2551 754 2561 705 2549 703 2638 701 2656"/></Shape>
	    <String CONTENT="destruise les choses qͥ sont: affin que"
                    HPOS="701"
                    VPOS="2545"
                    WIDTH="1395"
                    HEIGHT="137"
                    WC="0.9909761731441205"></String>
          </TextLine>
          <TextLine ID="eSc_line_ba2919b5"
                    TAGREFS="LT8"
                    BASELINE="701 2757 2096 2757" 
                    HPOS="701"
                    VPOS="2668"
                    WIDTH="1395"
                    HEIGHT="126">
            <Shape><Polygon POINTS="701 2757 701 2777 945 2777 964 2792 966 2792 968 2792 970 2794 1034 2794 1034 2792 1036 2792 1077 2777 1121 2792 1123 2792 1125 2792 1127 2792 1184 2777 1273 2792 1275 2792 1277 2792 1311 2779 1355 2792 1357 2792 1359 2792 1432 2781 1573 2792 1575 2792 1577 2792 1579 2792 1604 2777 1685 2777 1717 2792 1719 2792 1721 2792 1901 2783 1921 2792 1923 2792 1925 2794 2044 2794 2044 2792 2046 2792 2096 2775 2096 2757 2096 2690 1901 2690 1901 2688 1878 2668 1876 2668 1874 2668 1832 2668 1830 2668 1828 2668 1826 2668 1802 2688 1802 2690 1648 2690 1648 2688 1622 2668 1620 2668 1618 2668 1539 2668 1537 2668 1535 2668 1499 2686 1464 2668 1462 2668 1293 2668 1291 2668 1289 2668 1216 2688 1214 2688 1212 2688 1182 2674 1180 2674 1178 2674 1176 2674 1139 2688 1117 2668 1115 2668 1113 2668 1111 2668 1053 2680 990 2668 988 2668 986 2668 984 2668 958 2688 956 2688 941 2688 750 2674 748 2674 746 2674 701 2686 701 2757"/></Shape>
	    <String CONTENT="toute chair ne se glorifie en sa pre¬"
                    HPOS="701"
                    VPOS="2668"
                    WIDTH="1395"
                    HEIGHT="126"
                    WC="0.9998975315609494"></String>
          </TextLine>
          <TextLine ID="eSc_line_f6c812d9"
                    TAGREFS="LT8"
                    BASELINE="697 2872 2092 2872" 
                    HPOS="697"
                    VPOS="2785"
                    WIDTH="1395"
                    HEIGHT="120">
            <Shape><Polygon POINTS="697 2872 697 2899 845 2889 887 2897 889 2897 891 2897 893 2897 905 2888 941 2897 943 2897 945 2897 1046 2888 1061 2899 1061 2901 1063 2901 1065 2901 1067 2901 1077 2901 1230 2888 1246 2899 1248 2899 1250 2899 1252 2899 1372 2888 1408 2901 1412 2903 1414 2903 1416 2903 1418 2903 1422 2903 1462 2891 1513 2903 1521 2903 1523 2903 1525 2903 1527 2903 1553 2888 1622 2888 1650 2903 1652 2903 1654 2903 1656 2905 1713 2905 1713 2903 1715 2903 1717 2903 1737 2889 1769 2899 1771 2899 1773 2899 1878 2891 1909 2903 1911 2903 1913 2903 1917 2903 2006 2893 2090 2903 2092 2872 2092 2808 1931 2808 1927 2804 1886 2785 1884 2785 1882 2785 1806 2802 1789 2806 1783 2802 1775 2796 1773 2796 1771 2796 1769 2796 1737 2800 1705 2806 1695 2800 1685 2794 1684 2794 1682 2794 1680 2794 1678 2794 1656 2800 1630 2806 1616 2798 1590 2785 1588 2785 1586 2785 1584 2785 1539 2798 1511 2806 1499 2796 1483 2785 1481 2785 1479 2785 1438 2785 1436 2785 1434 2785 1432 2785 1416 2796 1398 2806 1323 2796 1321 2796 1319 2796 1287 2806 1250 2792 1226 2785 1224 2785 1174 2785 1172 2785 1170 2785 1168 2785 1160 2791 1145 2802 1119 2791 1105 2785 1103 2785 1101 2785 1099 2785 1081 2791 1067 2794 1052 2791 1036 2785 1034 2785 1032 2785 1030 2785 1028 2785 1022 2789 1004 2800 970 2792 968 2792 966 2792 964 2792 962 2792 943 2804 879 2796 877 2796 875 2796 842 2806 792 2785 790 2785 788 2785 697 2785 697 2872"/></Shape>
	    <String CONTENT="sence: mais uous estes de par luy en"
                    HPOS="697"
                    VPOS="2785"
                    WIDTH="1395"
                    HEIGHT="120"
                    WC="0.9839447554614809"></String>
          </TextLine>
          <TextLine ID="eSc_line_af6f0276"
                    TAGREFS="LT8"
                    BASELINE="737 2992 2088 2985" 
                    HPOS="735"
                    VPOS="2889"
                    WIDTH="1353"
                    HEIGHT="147">
            <Shape><Polygon POINTS="737 2992 737 3028 772 3022 786 3028 802 3036 804 3036 806 3036 808 3036 810 3036 818 3028 834 3018 899 3018 923 3030 939 3036 941 3036 943 3036 945 3036 962 3030 982 3022 1016 3030 1040 3034 1042 3034 1044 3034 1055 3030 1091 3016 1168 3016 1192 3030 1194 3032 1196 3032 1198 3032 1275 3034 1277 3034 1279 3034 1281 3034 1285 3030 1303 3016 1353 3016 1367 3028 1368 3028 1370 3028 1372 3028 1374 3028 1402 3016 1420 3030 1422 3032 1424 3032 1426 3032 1428 3032 1430 3032 1436 3030 1470 3018 1553 3030 1571 3032 1573 3032 1575 3032 1579 3030 1606 3018 1638 3026 1640 3026 1642 3026 1717 3014 1741 3030 1743 3032 1745 3032 1747 3032 1749 3032 1765 3030 1868 3016 1895 3030 1897 3030 1899 3030 1901 3030 1903 3030 1927 3012 1953 3030 1955 3030 1957 3030 1959 3030 1961 3030 1991 3014 2012 3030 2014 3030 2016 3030 2018 3032 2086 3032 2088 2985 2084 2911 2030 2911 2028 2909 2002 2889 2000 2889 1999 2889 1997 2889 1995 2889 1935 2909 1931 2909 1927 2909 1860 2893 1858 2893 1856 2893 1830 2907 1826 2909 1816 2907 1757 2895 1755 2895 1656 2905 1638 2907 1636 2905 1620 2895 1618 2895 1616 2895 1614 2895 1612 2895 1610 2895 1594 2905 1586 2911 1579 2905 1561 2891 1559 2891 1557 2891 1555 2891 1501 2903 1472 2891 1470 2891 1468 2891 1466 2891 1434 2903 1406 2913 1378 2903 1363 2897 1361 2897 1359 2897 1357 2897 1345 2903 1323 2915 1190 2915 1174 2901 1166 2893 1164 2893 1162 2893 1160 2893 1040 2895 1038 2895 1028 2899 1008 2907 978 2899 964 2895 962 2895 960 2895 958 2895 956 2895 952 2899 933 2917 913 2917 889 2897 887 2895 885 2895 883 2895 881 2895 863 2897 798 2909 735 2897 737 2992"/></Shape>
	    <String CONTENT="Iesuchrist lequel est faict uostre sa¬"
                    HPOS="735"
                    VPOS="2889"
                    WIDTH="1353"
                    HEIGHT="147"
                    WC="0.9995629944299397"></String>
          </TextLine>
        </TextBlock>
        <TextBlock HPOS="1028"
                   VPOS="164"
                   WIDTH="559"
                   HEIGHT="136"
                   ID="eSc_textblock_f2e919a1"
                   TAGREFS="BT18">
          <Shape><Polygon POINTS="1028 164 1028 300 1587 300 1587 164"/></Shape>
          <TextLine ID="eSc_line_a6675259"
                    TAGREFS="LT10"
                    BASELINE="1030 267 1565 257" 
                    HPOS="1028"
                    VPOS="166"
                    WIDTH="537"
                    HEIGHT="130">
            <Shape><Polygon POINTS="1503 166 1501 166 1481 166 1462 166 1452 166 1410 174 1368 166 1363 166 1343 166 1335 166 1313 176 1050 168 1048 168 1046 168 1044 168 1028 193 1030 267 1030 281 1198 279 1202 281 1240 296 1242 296 1244 296 1337 279 1456 292 1458 292 1563 271 1565 257 1561 176 1545 170"/></Shape>
	    <String CONTENT="De predesti¬"
                    HPOS="1028"
                    VPOS="166"
                    WIDTH="537"
                    HEIGHT="130"
                    WC="0.9989868402481079"></String>
          </TextLine>
        </TextBlock>
        <TextBlock HPOS="372"
                   VPOS="1155"
                   WIDTH="316"
                   HEIGHT="168"
                   ID="eSc_textblock_d3142fcb"
                   TAGREFS="BT13">
          <Shape><Polygon POINTS="372 1155 372 1323 688 1323 688 1155"/></Shape>
          <TextLine ID="eSc_line_b9c8e3a1"
                    TAGREFS="LT8"
                    BASELINE="392 1217 646 1218" 
                    HPOS="386"
                    VPOS="1125"
                    WIDTH="258"
                    HEIGHT="122">
            <Shape><Polygon POINTS="386 1247 641 1235 644 1217 644 1143 618 1128 615 1128 612 1128 609 1128 606 1128 591 1140 573 1152 475 1152 392 1125 389 1214 386 1247"/></Shape>
	    <String CONTENT="Io.6.c."
                    HPOS="386"
                    VPOS="1125"
                    WIDTH="258"
                    HEIGHT="122"
                    WC="0.9349882687841143"></String>
          </TextLine>
          <TextLine ID="eSc_line_f5e21211"
                    TAGREFS="LT8"
                    BASELINE="394 1298 675 1299" 
                    HPOS="392"
                    VPOS="1220"
                    WIDTH="282"
                    HEIGHT="130">
            <Shape><Polygon POINTS="392 1297 392 1333 466 1350 469 1350 674 1342 674 1297 671 1220 392 1232 392 1297"/></Shape>
	    <String CONTENT="Hier.31.f"
                    HPOS="392"
                    VPOS="1220"
                    WIDTH="282"
                    HEIGHT="130"
                    WC="0.9382727808422513"></String>
          </TextLine>
        </TextBlock>
        <TextBlock HPOS="388"
                   VPOS="1463"
                   WIDTH="292"
                   HEIGHT="268"
                   ID="eSc_textblock_59c7203d"
                   TAGREFS="BT13">
          <Shape><Polygon POINTS="388 1463 388 1731 680 1731 680 1463"/></Shape>
          <TextLine ID="eSc_line_b655ca5c"
                    TAGREFS="LT8"
                    BASELINE="406 1549 655 1543" 
                    HPOS="402"
                    VPOS="1460"
                    WIDTH="253"
                    HEIGHT="111">
            <Shape><Polygon POINTS="406 1549 406 1571 655 1567 655 1543 651 1478 570 1462 568 1462 566 1462 542 1474 536 1478 521 1474 469 1460 467 1460 465 1460 402 1470 406 1549"/></Shape>
	    <String CONTENT="De pre¬"
                    HPOS="402"
                    VPOS="1460"
                    WIDTH="253"
                    HEIGHT="111"
                    WC="0.999603773866381"></String>
          </TextLine>
          <TextLine ID="eSc_line_ba825290"
                    TAGREFS="LT8"
                    BASELINE="400 1629 669 1632" 
                    HPOS="395"
                    VPOS="1567"
                    WIDTH="273"
                    HEIGHT="104">
            <Shape><Polygon POINTS="398 1627 395 1653 442 1671 445 1671 448 1671 451 1671 493 1659 514 1653 662 1668 668 1630 665 1570 398 1567 398 1627"/></Shape>
	    <String CONTENT="ben. c. pe"
                    HPOS="395"
                    VPOS="1567"
                    WIDTH="273"
                    HEIGHT="104"
                    WC="0.94400754570961"></String>
          </TextLine>
          <TextLine ID="eSc_line_16945053"
                    TAGREFS="LT8"
                    BASELINE="402 1708 616 1714" 
                    HPOS="400"
                    VPOS="1644"
                    WIDTH="216"
                    HEIGHT="113">
            <Shape><Polygon POINTS="402 1708 400 1730 485 1733 497 1743 511 1755 513 1755 515 1755 612 1757 616 1714 616 1664 548 1644 546 1644 544 1644 402 1658 402 1708"/></Shape>
	    <String CONTENT="nulti."
                    HPOS="400"
                    VPOS="1644"
                    WIDTH="216"
                    HEIGHT="113"
                    WC="0.9998449186484019"></String>
          </TextLine>
        </TextBlock>
        <TextBlock HPOS="1851"
                   VPOS="3011"
                   WIDTH="256"
                   HEIGHT="96"
                   ID="eSc_textblock_ce7a73b5"
                   TAGREFS="BT17">
          <Shape><Polygon POINTS="1851 3011 1851 3107 2107 3107 2107 3011"/></Shape>
          <TextLine ID="eSc_line_83d7507e"
                    TAGREFS="LT8"
                    BASELINE="1860 3083 2088 3087" 
                    HPOS="1858"
                    VPOS="3012"
                    WIDTH="230"
                    HEIGHT="121">
            <Shape><Polygon POINTS="1860 3083 1858 3127 1921 3115 1947 3123 1975 3133 1977 3133 1979 3133 2086 3113 2088 3087 2086 3016 1983 3028 1947 3022 1903 3012 1901 3012 1899 3012 1897 3012 1897 3014 1886 3024 1884 3026 1860 3026 1860 3083"/></Shape>
	    <String CONTENT="pience"
                    HPOS="1858"
                    VPOS="3012"
                    WIDTH="230"
                    HEIGHT="121"
                    WC="0.9999964634577433"></String>
          </TextLine>
        </TextBlock>
      </PrintSpace>
    </Page>
  </Layout>
</alto>
