2212 3563
184 397 1350 139 ilz te garderont. Il a mis deuãt toy

178 514 1366 139 haue ⁊ le feu: estẽdz ta main auquel

156 633 1388 135 que tu uouldras. Deuant lhõme est

146 742 1220 134 la uie ⁊ la mort: le bien ⁊ le mal.

360 868 1139 121 ¶ Augustin/ en son liure du nouueau

390 960 1053 108 canticque: au huytiesme chapitre.

150 1043 1378 116 ¶ Quelle chose peult faire le franc arbitre qͥ

133 1122 1404 125 nest point ayde: il est demõstre en Adã.4 Il est

142 1214 1389 110 suffisant ꝑ luy/ a mal faire: mais a bien/ nõ:

136 1297 1395 107 sil nest ayde de dieu. Car ce p̃mier hõe a receu

130 1368 1398 122 le franc arbitre/ droict: ⁊ mist deuãt luy (cõme

130 1454 1398 134 dist lescripture) le feu ⁊ leaue: auq̃l q̃ tu ueulx

136 1540 1392 116 (dist il) estendz ta main. Il esleut le seu/ ⁊ de¬

136 1629 1410 118 laissa leaue: regarde le iuste iuge. Ce q̃ chõme

148 1716 1402 111 a esleu eq sa uidertr/ es meume a il receu: il a

148 1789 1382 121 uoulu le mol/ ⁊ le mal l /rruy. Legardez

138 1876 1372 115 de rechief ce iuste iuge qui faict misericorde.

145 1956 1383 125 4 Car quand il ueit que lhõme par son mau¬

124 2036 1398 122 uais usaige de larbitre de sa franche uolunte

124 2117 1395 133 en toute sa lignee/ lauoit dãnee en soy cõme

124 2200 1395 127 en la racine/ deuãt que nul le priast/ il est de¬

142 2289 1377 130 scendu du ciel: ⁊ a guery le gendre humain en

136 2366 1383 139 destruisãt lorguerd dor son humilite: il a me¬

133 2458 1404 119 ne les desuoyez iusq̃s a lo uoye: ⁊ a mene les

136 2543 1398 121 estrãgiers en leurs pays. Que noture uumai¬

138 2624 1386 123 ne doncques ne se glorifie point de soy: mais

142 2709 1172 115 quelle se glorifie en celuy qui la faict.

362 2808 1065 121 ¶ Augustin/ en son liure/ de la cor¬

431 2888 1010 122 reption ⁊ de grace. Chap.x.

132 2973 1384 134 ¶ Aussi on nous demande (autant qͥl appar¬

457 216 952 190 de Adam. Chap̃.5.

1638 279 131 136 Z

1551 1137 277 127 Le franc

1551 1247 235 98 arbitre

1548 1318 280 113 est suffi¬

1551 1419 220 95 sant a

1554 1496 280 134 mal faĩ¬

1546 1576 101 125 re.

1548 1965 271 137 Noꝰ sõ¬

1540 2072 276 104 mes toꝰ

1540 2155 264 98 damnez

1537 2238 276 110 en adam

1546 2321 276 113 cõme en

1540 2405 276 112 la raci¬

1554 2497 102 106 ne.

838 3064 699 136 A .iii. tient a
