2211 3563
663 380 1403 128 2.Tim̃.1.C. ¶ Lequel nous a de¬

659 500 1395 133 liure ⁊ appelle/ par sa saincte uoca¬

655 619 1399 121 tion: nõ pas selõ noz oeuures: mais

653 730 1395 133 selõ son propos/ ⁊ la grace qui nous

630 849 1424 128 a este donnee par Iesuchrist/ deuãt

643 963 882 117 les temps des siecles.

657 1070 1387 131 Rom̃./.A. ¶ Par lequel noꝰ auõs

647 1189 1393 131 receu la grace/ ⁊ loffice daposire/ en

631 1310 1423 129 son nom en toutes gens/ affin quilz

631 1421 1419 130 obeissent a la foy: entre lesquelz uoꝰ

643 1534 1405 132 estes aussi appellez de Iesuchrist: a

663 1652 1373 123 tous ceulx qui sont a Rõme uiẽ ay¬

657 1765 1175 131 mez de dieu/ appellez sainctz.

804 1894 1115 111 ¶ Augustin au liure de lexposition

804 1985 1103 95 cõmẽcee sur lepistre aux Romains.

671 2054 1385 110 ¶ A tous (dit U quisont a Rõme bien aymez

680 2143 1376 104 de dieu/ appellez sainctz.? sey ausst mõstre il

674 2223 1382 110 la benigmite de dieu/ plus tost/ que leur merĩ¬

662 2310 1397 100 te. Car il ne dit pas/ a ceulx qui ayment dieu:

659 2399 1400 101 mais aux biens aymez de dieu. Car il nous a

674 2479 1373 107 premier ayme: deuãt tous noz merites: affin q̃

677 2571 1346 95 nous qui sommes aymez nous laymissions.

846 2645 1035 98 ¶ Augustin/ contre deux epistres

830 2731 1058 103 des Pelagiens ad Bonifacium au

840 2812 911 109 second liure/ au .ix. Chapitre.

674 2906 1379 98 ¶ Les pelagiens disent quilz confessent/ que

665 2986 1397 137 aussi la grace ayde le bon propos dung cha¬

386 712 242 121 Ad Tit.

384 809 99 99 3.b

988 237 511 137 De predesti¬

350 1148 283 104 En la sa

348 1233 264 113 lutatiõ.

353 2033 282 146 Noꝰ ss¬

362 2155 297 98 mes ay¬

368 2235 256 98 mez de

368 2324 273 89 dieu/ de¬

368 2402 270 103 uãt tout

365 2500 244 89 merite.

362 2556 294 134 1.Io.4.d

368 2675 300 95 apoc.1.b

380 2894 267 128 Nous re

374 2995 264 116 ceuõs le

1866 3076 194 106 scun:
