2212 3563
448 187 949 166 nation. Chap̃.iiii.

190 329 1329 128 scun: mais toutesfoys elle ne dõne pas lestu¬

181 442 1329 92 de de uertu a celuy qui resiste. Et disent cela/

178 519 1335 104 comme lhomme aye bon propos de soymesme

178 605 1338 105 sans layde de dieu/ et lestude de uertu: par le¬

170 690 1348 103 quel merite precedent il est digne destre ayde

158 777 1354 89 par la grace de dieu suiuante: car par aduen¬

154 859 1319 99 ture cuident ilz que lapostre ait ainsi dit.

178 932 1326 107 *Nous scauons que toutes choses aident en

142 1023 1372 95 bien a ceulx qui ayment dieu: a ceulx qui se¬

139 1098 1380 110 lon le propos sont appellez* tellement quil

142 1184 1365 101 uoulust entendre le propos de lhõme: lequel

136 1282 1371 86 propos suyue la misericorde de dieu qui ap¬

136 1350 1377 104 pelle/ comme bon merite: ignorans que ceste

140 1439 1368 104 parolle (qui selon le propos ont este appellez)

146 1528 1380 99 a este dicte/ pour entendre le propos de dieu/ et

154 1611 1390 97 non pas de lhomme: par lequel a presceu et

158 1688 1398 93 predestine pour estre conformes a limage de

174 1767 1368 105 son filz ceulx quil a esleu deuant la constitu¬

150 1854 1378 99 tion du mõde. Car tous ceulx qui sont appel¬

138 1933 1380 107 lez/ ne sõt pas appellez selon le propos. *Car

136 2010 1377 107 plusieurs sont appellez/ mais peu de gẽs sont

133 2108 1377 104 esleuz. Ceulx doncques sont appellez selon

142 2189 1380 103 le propos/ qui sont esleuz deuant la constitu¬

154 2274 1368 101 tion du monde. Il est uerite que la grace sui¬

156 2353 1368 99 uãt/ ayde le bon propos de lhõme: mais aussi

144 2434 1394 101 le bon propos ne seroit pas/ se la grace ne pre¬

140 2515 1414 103 cedoit. Aussi la bõne estude de lhomme/ com¬

142 2600 1408 105 bien quelle soit aydee par la grace quant elle

146 2684 1388 107 est cõmencee: toutesfoys aussi ne cõmence elle

150 2773 562 105 pa◊◊◊◊◊ la grace.

326 2848 1099 113 ¶ Augustin/ au liure de la correction

502 2931 826 123 ⁊ de la grace. Chapitre.uii.

1602 201 131 140 36

1540 347 267 104 bõ pro¬

1537 454 258 104 pos de

1540 525 154 113 dieu.

1534 920 208 154 Ro.8.e.

1548 1110 250 104 La ꝑuer

1531 1187 267 104 se opiniõ

1534 1270 261 104 des Pe¬

1543 1350 211 143 lagiẽs.

1540 1995 261 139 mat.20.b

1540 2102 190 110 ⁊.22.b.

889 3012 627 115 E .iiii. ¶ Mais
