2211 3563
1046 205 531 133 De predesti¬

673 334 1379 117 ¶ Mais qͥ est celuy qui te iuge? Et q̃lle chose

674 433 1391 101 as tu q̃ tune le aye receu? Et si tu las receu:

667 514 1381 101 pourquoy tẽ glorifie tu cõme si tu ne lauoys

683 602 1364 98 point receu? nous debuõs entẽdre* que nul ne

674 682 1367 95 peult estre discerne de ceste masse de perdition

653 763 1379 103 qui a este faicte par le p̃mier Adam: sinon en

638 852 1409 86 ce quil a ce don: que tout ce qͥl a/ quil la receu

638 920 1409 107 par la grace du saulueur. Tous ceulx donc¬

647 1021 1397 101 ques qͥ sont discernez de ceste originale dãna¬

647 1092 1391 98 tiõ/ par la largesse de ceste grace diuine: il nest

635 1181 1399 103 pas doubte que aussi leur est ꝓcure de ouyr la

635 1252 1397 110 saincte euãgile: ⁊ quãt ilz loyent/ ilz y croyẽt:

627 1353 1420 92 ⁊ perseuerẽt en la foy qui besongne par chari¬

626 1431 1426 105 te iusq̃s en la fin: que si aucunesfois ilz offẽ¬

637 1514 1409 103 sent: ilz sont amẽder par correction: aussi au¬

649 1599 1391 97 cuns diceulx/ cõbien quilz ne soient pas cor¬

659 1680 1379 99 rigez par les hõmes: toutesfois retournent en

653 1763 1393 101 la uoye quilz auoyẽt delaissez: ⁊ aucuns ap̃s

639 1848 1411 89 quilz ont receu ceste grace toute leur uie sont

630 1931 1414 101 tirez aux perilz de ceste uie/ ⁊ aucunesfois par

650 2013 1397 104 la mort hatiue. *Et certainemẽt celuy qͥ les a

671 2093 1376 95 faict estre uaisseaux de misericorde/ faict tou¬

677 2185 1364 98 tes ces choses en eulx: leq̃l aussi les a esleu

665 2259 1373 89 en son filz/ deuãt la constitutiõ du mõde/ ꝓ le¬

659 2339 1391 98 lectiõ de grace. Si cest dõcq̃s grace/ desia nest

656 2422 1391 107 ce point par les oeuures. Certainemẽt ilz sõt

662 2508 1382 101 esleuz par lelectiõ de grace/ sãs leurs merites

671 2592 1227 109 precedẽs: car la grace leur est tout merite.

921 2678 1127 105 ¶ Ambroise/ de la uocation des gen¬

911 2765 961 101 tilz au premier liure. Chap̃.u.

649 2844 1393 97 ¶ Regarde a toute la multitude des petis en¬

649 2929 1395 121 fans: esquelz excepte le peche par leq̃l le gẽre

380 433 264 104 1 cor.46.

377 581 282 101 Les bõs

377 674 276 97 sõt discer

374 760 244 89 nez des

371 846 208 83 maul¬

359 926 256 101 uais par

350 997 265 110 le dõ de

347 1083 173 116 dieu.

350 1241 268 133 Gal.5.b

344 1339 244 136 1 tim̃.1.c

350 1989 259 122 Dieu a

353 2087 288 110 esleu les

365 2170 256 101 uaisse¬

368 2265 241 92 aux de

365 2348 241 83 miseri¬

362 2416 276 104 corde de¬

356 2500 259 98 uant la

353 2595 282 95 constitu

356 2674 275 99 tion du

364 2757 216 111 mõde.

1759 3022 281 113 humain
