2212 3563
419 157 951 163 nation. Chap̃.iiii.

162 304 1378 117 humain est naiz en dãnation/ nul ne peult iu

178 395 1344 107 ger qͥl y ait aucuns merites precedẽs ou a ue¬

172 481 1347 97 nir. * Mais tous ceulx de quoy icy nous par¬

175 552 1341 107 lons/ deuãt quilz ayẽt usaige de q̃lque enten¬

166 650 1350 92 dement/ deuãt le franc arbitre de la uolunte:

151 724 1365 110 les ungz sont regenerez a beatitude eternelle/

145 801 1368 113 les aultres passẽt oultre a perpetuelle misere

150 894 1370 109 sãs estre regenerez. Si tu ꝯfesse la coulpe ori¬

146 979 1376 103 ginale/ tout le nõbre est en peche: se tu cherche

144 1064 1376 99 linnocẽce uertueuse: toute la multitude est en

144 1144 1380 105 uice. La iustice humaine ne trouue pas de dif¬

142 1231 1382 101 ferẽce: mais la grace de dieu inenarrable trou

146 1310 1378 109 ue bien q̃lque chose q̃lle eslise. Le cõseil est au

144 1395 1384 111 secret diuin: mais le don est manifeste: la pitie

142 1484 1388 95 mõstre loeuure/ mais la puissãce muce la cau

156 1559 1384 113 se. Que si tu regarde a ceulx/ qͥ uiuẽt longue¬

160 1650 1402 97 ment en leurs uices ⁊ pechez: puis sont renou

164 1728 1392 102 uellez en la fin de leur uie du sacremẽt de bap¬

162 1809 1378 111 tesme de Christ: ⁊ sans q̃lque suffrage de bon¬

148 1898 1384 103 nes oeuures/ sont transportez en la cõpaignie

144 1981 1390 101 du royaulme celeste: cõment entẽdras tu le di-

144 2070 1384 95 uin iugement/ se tu ne congnois sans doubter

154 2140 1362 107 * que les dons de dieu sont dõnez pour neant.

151 2226 1368 107 Et cõme ilz ne sõt nulz pechez si delectables/

160 2310 1359 112 qui puissent empescher le don de grace: aussi

151 2402 1368 92 nulles oeuures ne peuuẽt estre si parfaictes/

148 2476 1395 107 ausquelles par iugemẽt soit deu cõme retribu

148 2557 1414 107 tion/ ce qui est dõne pour neant. * Car aultre¬

154 2636 1386 116 ment la redemption du sang de Christ seroit

163 2734 1359 104 uaine: ⁊ la p̃rogatiue des humaines oeuures

150 2814 1378 103 ne dõneroit pas lieu a la misericorde de dieu:

154 2897 1378 125 se la iustificatiõ qui est faicte par grace estoit

1629 178 95 127 37

1543 445 291 136 La dam

1537 552 285 104 natiõ ou¬

1534 629 273 113 saluatiõ

1534 718 267 119 des petis

1540 816 231 95 enfans.

1548 2134 262 110 Les dõs

1546 2226 270 107 de Dieu

1543 2307 279 109 sont don

1551 2405 265 98 nez pour

1572 2479 188 92 neant.

1563 2621 182 131 Notez

1554 2737 143 131 bien.

1227 3000 299 107 deue aux
