2211 3563
389 326 279 143 Esa.52.a

389 442 235 95 Ro.3.d

389 516 273 125 Gala.2.

388 615 146 117 c.d.

686 335 1367 134 deue aux merites precedens: tellement qͥ ce ne

683 451 1370 113 seroit pas le don du donnant/ mais seroit le

683 528 761 110 loyer de celuy qui oeuure.

814 608 1153 104 ¶ Au mesme liure/ au .uii. Chapitre.

657 698 1393 103 ¶ Mais des petis enfans/ q̃ sans aucun me¬

637 785 1415 99 rite de bonne uolunte/ ont leur cause cõmune

635 865 1417 100 auec les autres hommes mortelz/ quant a la

647 952 1403 101 playe originale: on ne peult amener q̃lque ex¬

659 1031 1377 105 positiõ par laquelle soit enseigne/ pourquoy

653 1112 1385 99 les ungz sont saukrez qui sõt regenerez/ ⁊ les

641 1201 1401 99 autres sont perdus sans estre regenerez. Lame

635 1282 1413 99 de tout uiuãt/ ⁊ lesprit de toute chair humai¬

631 1361 1413 107 ne est soubz la prouidẽce ⁊ la puissance de ce¬

641 1444 894 97 luy qui les tient en sa main.

804 1522 1234 113 ¶ Au second liure du mesme. Chap̃.uii.

668 1606 1379 113 ¶ Il nest pas licite de croire/ q̃ ceulx qui nont

677 1689 1367 101 pas receu le sacrement de regeneration/ soient

668 1775 1373 110 appartenans a aucune beatitude. Mais on

644 1855 1397 107 doibt plus estre esmerneille ⁊ estõne: que la ou

641 1950 1394 104 loeuure ny empesche pas/ la ou larbitre ny re

650 2022 1391 100 sis̃e pas/ la ou est la mesme misere/ la mesme

651 2114 1387 100 imbecillite/ ⁊ la ou la cause est cõmrmne: que le

647 2195 1383 105 iuge ne faict pas a lũg cõme a lautre: ⁊ ceulx

639 2286 1397 91 q̃ labiection reprouue sont telz/ que ceulx que

635 2363 1403 101 lelection prent pour soy. Et plusieurs autres

635 2446 1207 97 choses trouuerez uous au mesme lieu.

816 2531 1135 97 ¶ Au mesme liure/ au dernier Chap̃.

662 2598 1367 118 ¶ Beneict soit dieu/ ⁊ le pere de nostre seigñr

647 2696 1393 98 Iesuchrist: qui nous a beneit ⁊c. Et toutes les

631 2777 1407 105 autres choses quil assemble soubz la predica¬

626 2864 1406 101 tion dung mesme sens: enseignant que le don

630 2949 1402 109 ⁊ loeuure de la grace/ est tousiours demoure

1016 221 519 131 De predesti¬

368 1582 259 128 Les pe¬

362 1683 291 107 tis enfãs

362 1766 288 110 qͥ ne sõt

347 1870 274 86 pas rege

344 1941 265 104 nerez sõt

341 2030 277 122 damnez.

347 2586 288 166 Eph.1.a

1697 3032 337 105 au conseil
