2212 3563
157 329 1356 146 au con seil eternel de dieu: ⁊ que tous les filz

163 448 1344 110 de adoption ne sont pas seulement esleuz au

170 538 1342 99 tẽps auquel sont appellez eulx uiuãs: mais

158 609 1356 113 aussi auãt que le monde fut faict. En laquel¬

146 700 1366 103 le election/ tout ce qui na pas este precongneu

136 781 1378 103 des hõmes: par nulle raison ne leur peult ad¬

127 861 1392 109 uenir.4 Car tous ceulx qui doibuent uenir au

124 953 1386 92 royaulme de dieu de quelque tẽps quilz soiẽt

124 1033 1386 110 appellez: ilz sont signez en ladoption deuant

127 1116 1383 107 que tous les siecles ayẽt este. Et cõme nul in¬

124 1184 1386 116 fidele nest nombre en ceste compaignie: aussi

124 1273 1383 116 nul fidele ne peult estre separe de ceste societe.

127 1353 1383 113 Mais ceste eternelle ⁊ tousiours tranquille

124 1440 1383 106 congnoissance/ ne nous contrainct point par

136 1532 1382 106 quelque necessite/ de pecher: ⁊ aussi liniquite

140 1619 1404 93 ne descend pas dont la iustice uient. Car com

144 1696 1400 103 me il soit que dieu qui est bon/ ait faict toutes

144 1781 1384 99 choses bonnes: et quil nye nau/e

133 1855 1368 116 nature? la transgression uoluntaire est de¬

130 1938 1371 104 scendue/ des franches uoluntez: dequoy a

124 2022 1383 100 este bon quelles ayent este faictes libres: et la

124 2114 1380 98 nature muable/ de laquelle son integrite de¬

136 2191 1368 101 pẽdoit de lessence incommuable: et se desioin¬

142 2274 1359 119 gnist du souuerain bien/ en tant quil se dele¬

136 2365 1372 101 ctoit mauuaisement de (on propre bien: a la¬

132 2450 1394 95 quelle ruine maintenant y remedie la grace

124 2517 1407 113 de dieu.5 Et pourtant est uenu Iesuchrist en

132 2614 1392 93 ce monde/ pour brrser les oeuures du diable/

140 2694 1368 104 lesquelles sont tellemẽt brisees: que en lade¬

140 2779 1368 103 struction dicelles/ fault aussi que ceulx qui

138 2868 1372 103 sont secourus/ ayent peine: car aussi ceste cho¬

134 2949 1000 121 se est donnee de celuy qui sauue.

442 201 976 161 nation. Chap̃.iiti.

1543 341 297 128 Ga.4a

1534 451 300 122 Eph.1.a

1598 243 134 115 So

1569 855 211 109 Tous

1537 956 234 106 ceulx qͥ

1531 1033 276 104 sõt sau¬

1531 1116 276 107 uez/ sont

1525 1214 282 95 predesti¬

1525 1294 279 104 nez eter¬

1531 1365 205 107 nelle¬

1531 1463 190 122 ment.

1531 1861 246 110 Le pre¬

1528 1953 273 101 mier hõe

1522 2030 273 110 libre/ pe¬

1531 2114 270 98 cha uo¬

1528 2203 264 104 lũtaire¬

1528 2292 193 115 ment.

1551 2508 209 137 1.Ioñ.3

1194 3038 303 113 Prouerb.
