2211 3563
389 665 217 127 Io.5.c.

377 777 253 92 Act̃.16.c

374 858 244 104 Ps̈.86.a

362 941 262 98 mar.12.c

362 1018 268 119 Lu.24.g

842 281 1133 108 ¶ Augustin/ au liure du franc arbitre

830 372 966 101 ⁊ de la grace/ au .xx. Chapitre.

673 447 1377 109 ¶ Il me sẽble q̃ iay assez dispute/ cõtre ceulx

671 534 1391 109 qͥ uehemẽtemẽt parlent cõtre la grace de dieu:

663 627 1393 99 par laq̃lle grace la uolunte humaine nest pas

665 703 1382 107 ostee: mais est muee de mauuaise en bonne. Et

653 771 1394 110 quãt elle est bõne/ elle est aidee. Et auons tel¬

638 858 1412 118 lemẽt dispute: q̃ non pas moy mais la mesme

638 956 1403 106 escripture diuine a parle auec eulx/ par tres

656 1036 1379 110 euidẽs tesmoignages de uerite: laq̃lle escriptu

641 1112 1397 111 re diuine/ selle est̃ diligẽment consideree? elle

630 1202 1399 110 monstre/ q̃ non seullemẽt/ les bõnes uoluntez

632 1276 1409 119 des hõmes q̃ dieu a faict de mauuaises/ sont

653 1371 1376 89 aussi saictes de luy/ bõnes/ en uõnes oeuures¬

659 1443 1364 112 ⁊ qͥl les adresse en la uie eternelle: mais aussi

653 1520 1382 121 mõstrent q̃ celles qui cõsernent la creature du

651 1613 1389 109 siecle/ sont tellemẽt en la puissance de dieu: qͥl

649 1696 1389 107 les faict estre enclinez la ou il ueult/ et quant

635 1781 1405 109 il ueult/ ou a donner quelque bonne chose a

626 1868 1408 105 aucuns/ ou a faire quelque peine aux autres:

618 1943 1412 113 cõe luy mesme le mõstre uoire par ung iuge¬

624 2030 1404 105 ment tres secret/ mais sans doubte tres iuste.

650 2105 1370 107 F Car nous trouuõs que aucuns pechez sont

653 2200 1367 107 aussi les pemes daultres pechez: cõme sõt les

650 2271 1373 104 uaisseaux dire: q̃ lapostre dit estre faictz pour

638 2357 1388 104 la perdition. Cõme est lendurcissemẽt de Pha

635 2440 1391 116 raon: duquel aussi la cause est dicte: poͬ mon¬

638 2520 1385 107 strer en luy la uertu de dieu. Dequoy le sei¬

635 2610 1389 113 gneur dist a Iosue filz de Naue.◊ Les filz de

620 2697 1404 101 Israel ne pourront soustenir deuãt la face de

620 2779 1400 110 leurs ennemys. Quest ce/ qͥlz ne pourrõt sou¬

626 2860 1382 128 stenir? Poͬquoy ne soustenoient ilz point par

1036 142 523 131 De predesti¬

344 1163 265 125 Toutes

338 1261 226 104 choses

347 1348 283 112 sõt en lo

350 1445 285 81 puissãce

359 1511 256 148 de dieu.

344 2093 277 116 Aucuns

338 2194 238 95 pechez

353 2265 282 113 sõt aussi

341 2363 265 92 les pei¬

338 2443 265 104 nes des

341 2532 235 113 pechez.

346 2684 214 114 Iosue

350 2783 147 81 7.c.

1755 2957 259 119 le franc
