2211 3563
891 217 802 139 De la transgression

665 344 1394 131 tiẽt a ce don qui est de perseuerer en bien iusq̃s

656 451 1409 98 a la fin) quelle chose nous sentõs de ce p̃mier

668 525 1403 110 hõme: lequel urayemẽt sans quelque uice fut

671 613 1399 113 faict bõ. Pour laquelle chose nous cõfessons

667 698 1395 107 tres salutairemẽt ce q̃ nous croyõs iustemẽt.

674 774 1391 104 * ascauoir que dieu qui est le seigñr de toutes

662 861 1403 115 choses: qͥ a cree toutes choses fort bõnes: aussi

647 944 1415 107 a congneu que maulx uiendroient de biens: ⁊

650 1021 1409 122 aussy a sceu/ qͥl appartenoit mieulx a sa tres¬

650 1113 1415 122 puissante bonte/ de bien faire des mauuaises

633 1207 1433 101 choses/ que de non permettre que les maulx

637 1278 1421 119 fussent faictz. Et a ainsy ordonne la uie des

635 1371 1423 103 anges/ ⁊ des hommes: affin que par auant il

635 1450 1433 107 monstrast quelle chose pouoit leur franc arbi¬

659 1540 1412 96 tre: puis apres/ quelle chose pouoit le benefice

683 1624 1138 101 de sa grace: ⁊ le iugement de sa iustice.

1105 1698 608 105 ¶ Du.xi.Chapitre.

674 1772 1403 110 ¶ Le premer hõme na pas eu ceste grace/ de

659 1858 1412 116 nõ uouloir iamais estre mauuais:*mais en

668 1953 1400 104 uerite il eut la grace/ en laq̃lle sil y eut uoulu

656 2039 1412 98 tousiours demourer/ iamais ne eut este mau¬

662 2108 1412 115 uais: aussi sans laquelle grace ne pouoit estre

668 2188 1406 107 bon/ uoire aussy auec son franc arbitre. Par¬

677 2274 1391 107 quoy aussi Dieu ne la point uoulu laisser

679 2361 1391 111 sans sa grace: combiẽ aussi quil lait laisse en

681 2450 1395 101 son franc arbitre: pource que le franc arbitre

671 2531 1403 107 est suffisant au mal: mais au bien cest peu de

669 2610 1405 109 chose/ sil nest ayde du bien tout puissant: leq̃l

673 2697 1401 105 ayde/ si cest hõme ne leust laisse/ par son franc

675 2781 1395 105 arbitre/ il eut tousiours este bõ: mais il le de¬

681 2860 1387 113 laissa/ parquoy aussi il fut delaisse. Et estoit

679 2945 1381 123 laide tel: qͥl le delaissoit quãt il uouloit/ ⁊ de¬

389 371 261 92 mat.10.c

386 451 178 101 ⁊.24.b

389 540 258 113 Oene.1.

410 771 240 119 Pour¬

389 884 258 92 quoy a¬

389 959 223 98 dam ne

383 1033 252 101 perseue¬

377 1128 226 130 ra pas.

383 1520 244 113 Tit̃.3.b.

380 1615 267 121 Ro.3.d.

371 1772 267 125 Quelle

365 1879 262 101 estoit la

371 1959 264 104 grace de

371 2030 253 110 Adã de¬

371 2119 256 101 uant le

380 2203 199 118 peche.

392 2295 255 98 Geñ.2.c

1781 3048 281 107 mouroit
