2212 3563
144 288 1394 109 le franc arbitre: mais senfuyoient par craimte

156 378 1372 103 ayant la uolunte perturbee: sinon pour ce q̃ le

166 461 1362 105 seigñr dieu domine sur les uoluntez des hõ¬

156 544 1372 91 mes? Et quãt il est courrouce il met en crain¬

142 620 1377 113 te ceulx quil ueult.4 Le mauuais hõme filz

138 708 1382 101 de Ieminy ne mauldisoit il pas le roy Da¬

142 793 1380 99 uid de sa uolunte? Et toutessoys Dauid di¬

146 874 1376 111 soit. Laisse le mauldire: car le seigñr luy a dit

136 967 1383 95 quil mauldissent Dauid. Uoicy cõment on

130 1051 1386 86 prouue/ q̃ dieu use des cueurs/ uoire aussi des

130 1131 1386 107 mauuais/ a la louẽge ⁊ laide des bons. Ainsi

136 1211 1071 101 a il use de Iudas qui liura Christ.

332 1290 1079 107 ¶ Du mesme liure/ au .xxi. Chap̃.

136 1365 1380 116 ¶ Qui est celuy qͥ ne craint telz iugemens di¬

136 1457 1380 107 uins: par lesquelz aussi dieu oeuure es cueurs

136 1538 1377 103 des mauuais hõmes tout ce qͥl ueult: en leur

127 1630 1407 95 rendãt toutesfoys selon leurs merttes. Regar

136 1713 1398 92 dez q̃Res choles Iont escriptes es lettres apo¬

142 1787 1371 104 stolicques/ au dma des Rom Doriãt

130 1870 1389 101 les a dieu baille en immundicite selon les de¬

136 1955 1380 111 sirs de leurs cueurs. Itẽ ung petit apres. Poͬ¬

134 2042 1382 107 tãt les a dieu baille en passions ignominieu¬

138 2125 1372 109 ses. Et dieu les a baille en pensee reprouuee.

134 2205 1382 106 Et en la .ii. aux Thessaloniens/ au .ii. chap̃.

142 2298 1376 89 Pourtãt leur enuoye dieu loeuure derreur: af

144 2373 1380 113 fin qͥlz croiẽt a mẽsonge. Uor telz tesmoigna¬

136 2460 1372 105 ges de lescripture saĩcte qͥ seroit lõg de les foꝰ

130 2543 1402 105 reciter: est assez demostre cõe iestrme: q̃ dieu be¬

146 2632 1386 101 songne es cueurs humains en enclinãt leurs

146 2709 1372 103 uoluntez la ou il ueult: soit a bien par sa mi¬

136 2796 1374 107 sericorde: soit a mal selon leurs merites: et ce

133 2880 1383 133 ueritablemẽt par son iugement/ aucrnesfoys

410 130 984 160 nation. Chap̃.tiii.

1604 174 110 95 40

1534 590 249 161 2.reg.16.

1546 964 255 113 Dieu do

1534 1059 267 90 mine sur

1531 1131 276 104 les uolũ

1522 1233 254 91 tez des

1516 1312 268 93 hõmes.

1537 1380 270 113 Dieu be

1534 1481 249 95 songne

1537 1558 264 104 aussi es

1554 1636 220 95 cueurs

1551 1716 256 107 des mau

1531 1802 270 110 uais hõ¬

1534 1885 148 101 mes.

1537 2743 252 157 Psal.35.

1546 2874 228 124 Ro.11.d

1176 2961 336 124 manifeste/
