2211 3563
424 293 292 122 apoc.19.

436 403 277 89 Il ny a

427 475 277 106 pas dint

430 558 262 107 quite en

427 641 253 130 uerodieu

731 288 1370 130 manifeste/ et aucunesfois secret: mais neant¬

725 391 1376 116 moins tousioͬs iuste.? Car ce doibt estre une

716 486 1385 95 chose ferme/ ⁊ immobile en uostre cueur: quil

704 576 1391 86 ny a point diniquite enuers dieu. Et par ce/

692 641 1403 104 quãt uous lisez es lettres de uerite/ q̃ les hões

685 738 1411 105 sont seduictz de dieu/ ou assourdis/ ou endur¬

675 825 1423 97 cis en leurs cueurs: ne doubtez point/ q̃ leurs

683 904 1419 103 mauuais merites ont precede/ pour iustement

703 985 1391 105 souffrir telles choses affin q̃ uous ne enchees

683 1070 1407 99 en ce dict de Salomõ. Linsipiẽce de lhõe/ ma¬

673 1155 1401 107 cule ses uoyes: mais dieu le cause en sõ cueur.

689 1266 1401 127 Io.6. D. ¶ Tout ce que mõ pere

663 1381 1429 121 me donne/ uiendra a moy. Nul ne

677 1498 1409 125 peult uenir a moy: se mon pere qui

691 1613 1399 120 ma enuoye ne le tire. Et est escript

691 1716 1401 140 es ꝓphetes.? Ilz serõt aussi toꝰ en¬

669 1838 1409 129 seignez de dieu. Quiconcque a ouy

663 1953 1240 127 du pere/ ⁊ apris: il uient a moy.

725 2070 1351 135 Ioan.13.B. ¶ Ie congnois ceulx

675 2181 527 127 que iay esleul.

709 2294 1369 134 Ioã.15.C. ¶ Uoꝰ ne mauez point

667 2410 1405 133 esleu/ mais ie uous ay esleu: ⁊ uous

673 2533 1397 127 ay mis pour aller/ ⁊ pour rapporter

673 2636 1389 141 le fruict/ et q̃ uostre fruict demeure.

709 2759 1056 129 Ie uous ay esleu du monde.

655 2874 1395 150 Matt.10. C. ¶ Deux passereaux

1065 178 533 126 De predesti¬

410 1692 273 104 esa.54.d

1796 2996 264 117 ne sont
