2211 3563
1020 162 537 132 De predesti¬

709 304 1383 113 moy. Quest ce/ quicõque a ouy de mon pere ⁊

701 395 1395 109 a apris/ uient a moy: sinon quil ny a nul qui

695 477 1401 108 oye ⁊ qͥ aprẽgne de mon pere/ quil ne uiẽgne a

701 558 1394 113 moy? * Et si tous ceulx qui ont ouy du pere ⁊

692 647 1397 107 ont apris de luy/ uiẽgnent a luy: certainemẽt

695 718 1385 122 tous ceulx qui ne uiẽgnent pas/ nõt pas ouy

701 798 1385 125 du pere/ ⁊ se nont pas apris de luy. Car si au¬

710 893 1373 107 cun auoit ouy/ ⁊ apris: il uiendroit. Car aussi

710 976 1352 110 iamais nul ne ouyt ou aprist quil ne uint.

695 1053 1385 110 Mais quicõcques a ouy ⁊ apris du pere (cõ¬

675 1134 1403 118 me dit la uerite) cestuy uient. Ceste escolle est

669 1225 1405 105 fort loing des sens de la chair/ en laq̃lle le pe¬

667 1308 1417 107 re est ouy/ ⁊ enseigne q̃ lon uiengne au filz. La

687 1385 1387 113 est aussi le mesme filz: car celuy mesme est sa

695 1464 1379 117 parolle: par laq̃lle il enseigne ainsi: et ne faict

695 1549 1377 115 pas cela par laureille de chair/ mais du cueͬ.

695 1629 1373 120 Ensemble aussi est la/ lesprit du pere ⁊ du filz.

689 1712 1391 115 Car aussi cestuy nest pas sans enseigner: ⁊ nẽ¬

680 1793 1394 125 seigne pas tout seul. * Nous disons que les

668 1876 1403 107 oeuures de la trinite sont inseparables. Et est

668 1968 1400 101 le sainct esprit/ duquel lapostre dit. * Ayant

680 2039 1391 116 aussi de mesme esprit de soy. Mais pource est

695 2128 1370 119 il principalement attribue au pere: que le seul

689 2217 1376 107 engendre/ est de luy engendre: ⁊ de luy procede

689 2298 1379 112 le sainct esprit. Nous uoyons q̃ plusieͬs uiẽ¬

679 2383 1389 111 gnent au filz: pource que nous uoyõs que plu

673 2466 1393 113 sieurs croyent en Christ: mais en quel lieu et

673 2551 1385 105 cõment ilz ont ouy ce/ du pere/ ⁊ comment ilz

677 2632 1383 109 ont apris nous ne le uoyons point. Ueritable

677 2711 1379 117 ment ceste grace est secrete. Qui est celuy qui

689 2785 1358 130 doubte q̃ ce ne soit grace? * Et ainsi ceste gra¬

668 2883 1379 142 ce/ laquelle par le don de la largesse diuine est

427 543 241 119 Nul ne

424 641 229 95 uient a

416 721 237 104 la foy:

398 801 229 119 sil nest

383 890 297 101 enseigne

386 979 282 98 de dieu.

402 1524 273 91 Luc.11.b

406 1605 267 103 Ioã.16.b

383 1793 282 107 Les oeu

377 1897 241 80 ures de

374 1968 264 101 la trini¬

368 2042 294 119 te sõt in¬

386 2143 264 98 separa¬

389 2223 187 87 bles.

386 2292 291 145 2.cor.4.c

386 2767 246 119 Contre

392 2862 220 145 ceulx qͥ

1680 2977 368 101 secretement
