2212 3563
389 121 990 184 nation. Chap̃.iiii.

133 270 1383 142 secretemet donnee au cueur des hõmes nest re

139 377 1356 115 fusee de nul cueur quelque dur quil soit. Car

145 469 1341 118 pour ce est elle dõnee/ affin que premier la du

142 552 1350 104 rete du cueur soit ostee. Quãt dõcques le pere

136 632 1359 104 estouy par dedẽs: ⁊ quil enseigne quõ uiẽgne

124 706 1365 125 ne au filz: il oste le cueur de pierre/ ⁊ dõne ung

112 789 1380 119 cueur de chair. Et ainsi faict il/ les filz de pro¬

104 869 1388 128 mission/ ⁊ les uaisseaux de misericorde quil a

104 959 1391 109 prepare poͬ la gloire. La cause dõcques pour¬

107 1042 1388 110 quoy il nenseigne point tous les hõmes de ue

104 1132 1393 109 nir a Christ: nest autre chose/ sinon que tous

108 1213 1391 113 ceulx quil enseigne/ il les enseigne par sa mi

110 1294 1385 117 sericorde: ⁊ ceulx quil nenseigne pas/ il ne les

108 1381 1391 111 enseigne point par sõ iugemẽt. Car il nest pas

112 1454 1374 128 en uain escript aux ꝓphetes. * Toꝰ aussi serõt

118 1552 1386 104 enseignez de dieu. Et quãt il eut premis ce tes¬

124 1630 1401 101 moignage/ adõc dit il. Quiconque oyt du pe

124 1701 1413 116 re/ ⁊ aprẽt/ il uient a moy. * Ainsi doncq̃s q̃ en¬

124 1784 1383 125 tieremẽt noꝰ disons/ daucun maistre descolle qͥ

112 1864 1383 125 est seul en une cite: cestuy enseigne les lettres

110 1950 1388 119 a tous ceulx qͥ sõt la: non pas q̃ tous les aprẽ

107 2045 1388 116 nent: mais pour ce q̃ nul ne les aprẽt sinon de

114 2121 1385 113 luy. Pareillemẽt nous disõs droictemẽt: dieu

120 2209 1377 102 enseigne tous les hõmes de uenir a Christ: nõ

134 2296 1361 109 pas que tous y uiẽnent: mais pour ce q̃ nul ny

130 2373 1377 111 uient autrement. Mais poͬquoy il ne les en¬

121 2452 1395 122 seigne point tous: lapostre la demõstre * poͬce

122 2533 1408 111 q̃ dieu uoulant demonstrer son ire/ ⁊ monstrer

127 2600 1401 128 sa puissance ⁊c. * De la est ce que la parolle

126 2697 1386 121 de la croix est follie a ceulx qui perissent:

120 2783 1383 120 mais a ceulx qui sont sauuez cest la uertu de

118 2864 1379 132 dieu. Tous ceulx la enseigne dieu de uenir

1582 180 117 95 42

1534 296 264 104 disent q̃

1516 374 300 107 le pecheͬ

1513 454 264 107 ẽpesche

1516 549 285 92 la grace

1510 629 253 95 de dieu.

1513 700 273 116 mat.17.a

1504 798 282 89 mar.9.a

1513 869 270 107 Luce.9.c

1522 953 238 121 Ioã.8.d

1516 1036 267 133 ezec.11.d

1513 1448 282 113 Esa.54.

1528 1540 255 101 Ioã.9.e

1554 1612 253 121 Hier.31.f

1557 1698 247 110 Cõpara

1528 1793 223 95 tion du

1513 1879 232 92 maistre

1516 1956 223 113 qͥ ensei¬

1519 2048 137 116 gne.

1548 2431 209 125 Ro.9.e

1543 2598 237 163 2.corĩ.1.c

964 2953 531 132 F .ii. a Christ:
