2211 3563
683 247 1399 131 a Christ: tous ceulx la ueult il quilz soient

693 340 1391 121 sauuez ⁊ quilz uiengnẽt a la cõgnoissance de

687 421 1399 127 uente. Car sil eut uoulu aussi enseigner de ue

671 508 1413 123 nir a Christ/ ceulx ausquelz la parolle de la

665 593 1415 119 croix est follie: sans doubte/ iceulx aussi uien

665 671 1412 136 droient.7 Uoͬquoy (disent ilz) ne les enseigne

656 751 1418 136 il point tous? Se nous disons/ q̃ cest pour ce

659 843 1412 110 quil ne ueullent pas apprẽdre: adõc on nous

662 911 1412 143 respondra. Et ou est ce qͥl est dit de luy.7Sei¬

680 1015 1388 116 gneur quãt tu nous cõuertiras/ tu nous uiui-

669 1090 1395 125 fieras. Ou si dieu ne faict pas uouloir ceulx

653 1179 1411 119 qui ne uouloient pas: pourquoy dõcques prie

637 1260 1429 131 leglise selon le commandement du seigneur

637 1348 702 104 pour ses persecuteurs.

649 1443 1419 152 2.Thessa.3.A. ¶ Oertainemẽt la

733 1561 1339 155 y nest pas a tous. Mais le seigñr

673 1672 1405 153 est fidele/ qui uous confermera: et

657 1787 870 133 uous gardera de mal.

816 1927 1244 133 ¶ Augustin contre les Pelagiens ⁊ Ce¬

818 2015 1173 118 lestiens/ de la grace/ au .x. Chapitre.

674 2081 1391 148 ¶ Tous ceulx qͥ oyẽt le seigñe par lesariptu¬

677 2164 1388 148 re qͥ ꝓmect le royaul me des cieulx/ nõt point

673 2256 1397 133 tous la foy: ou tous ceulx a qͥ on conseille de

680 2342 1382 137 uenir a celuy qͥ dit? Uenez a moy uous tous

667 2428 1387 127 qui labourez/ ne sont pas deliberez de uenir.

665 2505 1401 135 Mais qui sont ceulx qui ont la foy/ ⁊ qͥ sont

667 2585 1393 142 deliberez de uenir a luy: cestuy mesme la assez

677 2660 1379 145 monstre/ disant.? Nul ne uient a moy: si mon

663 2759 1391 129 pere qui ma enuoye ne le tire. Et ung petit

655 2846 1393 146 apres/ la ou il parloit des incredules/ dit. Ie

392 626 255 143 Dieu ne

386 739 255 116 les ensei

380 843 261 104 gne poit

365 929 178 92 tous.

368 991 253 166 Ps̈.84.

1006 114 521 131 De predesti¬

377 2042 267 137 Toꝰ nõt

371 2158 247 101 pas la

383 2238 104 107 foy

374 2318 288 107 mat.11.d

365 2592 265 178 Ioã.6.e

1775 2967 271 95 uous ay
