2212 3563
434 228 975 163 nation. Chap̃.iiii.

151 365 1362 154 uous ay dit/ que nul ne uiẽt a moy/ sil ne luy

156 479 665 98 est donne de mon pere.

295 554 1091 113 ¶ Du mesme liure/ au .xiiii. Chap̃.

148 629 1371 125 ¶Tous ceulx qͥ ont ouy de mon pere/ ⁊ apris/

136 724 1377 116 uiennẽt a moy. * Parquoy de celuy qͥ ne uien¬

127 807 1383 104 dra pas/ ne peult estre deuement dit: cestuy a

121 890 1389 107 ouy/ ⁊ a apris qͥl fault uenir: mais il na pas

121 967 1389 113 uoulu faire ce qͥl a apris. Cela nest nullement

121 1048 1395 115 bien dit de ceste maniere dẽseigner/ par laq̃lle

118 1137 1389 110 dieu enseigne par sa grace. Car (cõe dit la ueri

122 1227 1398 101 te) si tout hõme qui a apris/ uiẽt: certainemẽt

124 1308 1396 107 aussi tout hõme qͥ ne uient pas/ na aussi pas

124 1393 1400 109 apris. Mais qͥ est celuy qui ne saiche bien que

128 1474 1398 105 aucuns ueullent uenir ⁊ aucuns ne ueullent

134 1565 1396 97 pas uenir en larbitre de leur uolunte? Mais

138 1638 1414 107 cest arbitre peult estre seul sil ne uient pas:

140 1722 1402 99 mais sil uiẽt/ cela ne peult il faire sil nest ay¬

146 1799 1370 109 de. * Et est tellemẽt aide/ q̃ seullement ne scait

132 1884 1378 101 pas q̃lle chose est de faire: mais aussi faict ce qͥl

128 1971 1380 97 scait/ estre a faire. * Et par ce est/ que quãt dieu

126 2056 1375 103 enseigne/ ce nest point par la lettre de la loy:

124 2139 1381 107 mais enseigne tellemẽt par la grace de lesprit/

138 2222 1372 105 q̃ ce que ung chascun aura apris/ ne le cõgnoi¬

150 2308 1370 100 stra pas seullemẽt/ mais aussi lappetera en le

148 2387 1388 103 uoulãt faire/ ⁊ le parfera en faisãt. Et par ce¬

134 2470 1418 101 ste diuine maniere denseigner/ aussi ceste uou¬

128 2551 1428 103 lunte ⁊ ceste operation/ nest pas seullemẽt ay¬

136 2634 1408 99 dee selõ la possibilite naturelle de uouloir ou

138 2729 1386 89 de faire: mais tout hõme qͥ a apris du pere/ na

134 2804 1390 99 pas seullemẽt la puissance de uenir/ mais de

132 2886 1394 100 faict il uiẽt: la ou desia la possibilite de natu¬

128 2969 1394 111 re a cõmence/ ⁊ la ou desia est laffection de la

1602 273 152 118 43

1537 391 264 125 Io.14.a

1540 614 246 137 Ioã.6.e

1534 730 255 113 Celuy qͥ

1528 816 276 104 ne uient

1531 914 270 95 pas a di¬

1534 997 246 86 eu: na

1531 1059 249 113 riẽs ouy

1531 1149 226 106 de luy.

1548 1771 267 103 Les affe

1536 1856 275 93 ctions et

1536 1953 260 81 oeuures

1532 2028 240 91 bonnes

1554 2100 218 103 sont de

1536 2199 169 81 dieu.

1542 2272 228 113 Notez.

934 3058 582 115 F .iii. uolunte
