2212 3563
120 320 1369 117 aru debteur par sa misericorde/ ce qͥl luy pour¬

128 411 1353 109 roit danãder/ sil uouloit: ou aussi iustement

133 483 1353 107 auec les usures redemãde ce qͥl luy appartiẽt:

138 574 1349 102 ⁊ red au mauuais debteur ce qͥl luy estoit deu

127 650 1365 121 yoͬ ses iniquitez.? Et ainsi fault/ ou q̃ la mi¬

115 730 1365 128 sericorde totallemẽt preuiẽne celuy qͥ est indi¬

110 816 1373 125 gne/ ou q̃ dieu le trouue digne de ire. Car ce¬

104 896 1373 113 stuy dõne poͬ neant la grace a celuy qͥ nen est

104 982 1379 128 pas digne: par laq̃lle linfidele iustifie/ soit en¬

101 1068 1376 122 lumine par le don de bõne uolũte/ ⁊ par la fa

98 1149 1385 115 eulte de bõne oeuure: tellement q̃ la ou la mi¬

104 1238 1373 112 sericorde preuient/ il cõmence a bien uouloir: ⁊

104 1324 1379 116 par la misericorde qui le suit/ a puissance de

110 1411 735 107 faire le bien quil ueult.

116 1510 1373 148 ¶ Parquoy doncq̃s dit saĩct Paul

118 1631 1398 128 au second de la prem̃ere a Tumo¬

118 1728 1394 154 thee.B. Lequel ueult q̃ tous hõ¬

108 1856 1379 141 mes soiẽt sauuiez: ⁊ quilz uiennẽt a

108 1971 1066 133 la congnoissance de uerite.

112 2080 1373 142 ¶ Et en la seconde de sainct Pierre

110 2201 1379 134 au troiziesme. D. Dieu a patiẽce/

114 2321 1375 125 pour uous: par ce quil ne ueult pas

108 2436 1387 135 que aucũs perissent: nois que tous

110 2547 1064 125 se retouryent a penitence.

291 2646 1138 121 ¶ Augustin/ au liure de la correction

372 2735 911 113 ⁊ de la grace/ au .xiiii. Chap̃.

114 2814 1373 121 ¶ Quant les hommes par la correction uien

110 2903 1381 123 nent ou retournent en la uoye de instice: qui

374 163 928 169 nation. Chap̃.lit/.

1538 197 145 115 44

1510 483 235 122 Ps̈.58.

1513 644 247 122 Dieu p̃¬

1498 739 253 104 uient la

1501 828 256 101 ceulx qͥ

1504 911 241 95 doibuẽt

1504 985 270 116 estre sau

1501 1080 270 95 uez: ma-

1501 1160 273 107 is il trou

1501 1232 265 124 ue ceulx

1501 1321 268 113 qui doib

1489 1411 293 101 uẽt estre

1510 1506 274 121 damnez.

867 2990 610 117 F iiti. est celuy
