2211 3563
451 385 277 107 1.cor.3.b

445 540 247 131 Nul ne

439 635 262 122 peult re¬

427 721 217 116 sister a

419 822 151 104 dieu.

737 292 1376 133 est celuy qͥ faict le salut en leurs cueurs: sinon

745 380 1370 133 dieu qui dõne accroissemẽt a ce q̃ lung plante

719 475 1404 116 ⁊ lautre arrouse/ ⁊ a ce que ung chascun faict

722 549 1393 127 aux chãps ou aux arbres?? auquel nul franc

713 626 1399 134 arbitre ne peult resister/ quãt il ueult sauuer

698 715 1408 125 q̃lcun. Car le uouloir ou non uouloir est tel¬

693 803 1416 119 lemẽt en la puissãce du uoulãt ou du nõ uou

705 884 1408 123 lant/ quil nẽpesche pas la diuine uolũte/ ⁊ ne

717 965 1396 131 surmõte pas la puissãce. Mesme iceluy faict

709 1049 1389 132 ce qͥl ueult de ceulx qͥ ne sont pas sa uolunte.

719 1130 1375 126 2Et ce qͥ est escriot. Que dieu ueult que tous

689 1217 1409 125 hõmes soiẽt sauuez: ⁊ toutessois tous ne sont

675 1310 1429 115 pas sauuez: y se peult ueritablemẽt entendre

673 1391 1431 111 par plusieurs manieres. Il ueult q̃ tous hom

677 1470 1413 113 mes soiẽt sauuez/ tellemẽt quon entende tous

691 1547 1403 121 les predestinez: car tout le genre des hõmes est

705 1631 1377 122 en eulx/ cõe il estescript des Pharisiẽs? Uoꝰ

703 1714 1393 124 dismez toute poree: la ou ne fault pas enten¬

677 1793 1419 131 dre/ sinon celle qͥlz auoient, Car aussi ne dis-

655 1880 1439 125 moiẽt ilz point toutes les porees gͥ estoiẽt par

661 1959 1427 133 tout le mõde. Selon ceste maniere aussi est dit.

674 2030 1406 143 4 Cõme aussrie plais a tous en toutes choses.

683 2131 1394 128 A Car celuy qͥ dist cela pleisoitlla tamt de ses

685 2209 1391 126 persecuteurs? Mais il plaisoit a tout gẽre de

671 2294 1407 126 hõmes/ que leglise de Christ assembloit/ fust

661 2381 1415 121 a ceulx qui desia estoient dedens/ ou a ceulx

669 2460 1407 129 qui debuoient estre en icelle. Il ne fault pas

671 2541 1401 131 dõcques doubter/ que les uoluntez humaines

671 2630 1403 129 ne peuuẽt resister a la uolunte de dieu/ qui est

669 2713 1399 119 au ciel et en la terre/ et a faict tout ce quil a

663 2792 1393 129 uoulu: et aussi a faict tout ce qui est a uenir

649 2886 1409 136 parquoy ne le peuuent empescher quil ne face

1050 166 521 128 De predesti¬

388 1154 279 112 les senlz

384 1249 267 104 predesti¬

386 1338 251 89 nez font

396 1427 230 85 aucune

408 1492 233 95 uniuer¬

412 1575 206 107 salite.

404 1672 277 87 mat.23.c

400 1749 245 115 Luc.11./

374 1998 285 124 1.cor.10g

384 2102 293 97 Paul ne

392 2179 265 103 plaĩsoit

404 2278 208 81 pas a

392 2345 184 103 tous.

1822 2992 244 131 ce quil
