2212 3563
182 324 1356 107 mouroit en icelluy sil uouloit: non pas q̃ par

186 409 1350 103 cestaide luy fust dõnee la uolũte de demourer.

186 496 1352 101 Icelle est la premiere grace qui fut donnee au

169 584 1368 98 premier Adã. Mais celle du second Adam/ fut

160 656 1377 115 plus puissante. Car la p̃miere est la grace par

158 744 1378 99 laquelle fut dõne q̃ lhõme auroit la iustice sil

160 819 1368 104 uouloit. Mais la seconde peult beaucoup

154 899 1374 122 plus: car aussi elle faict que lhomme ueult: ⁊ q̃

154 988 1380 110 tellemẽt il ueult/ ⁊ ayme de si grande ardeur/

157 1077 1377 98 que aussi par la uolunte de lesprit/ il uainc¬

154 1152 1380 118 quist la uolupte de la chair qui conuoite au

154 1238 1380 112 contraire. Et par ceste grace de dieu que nous

154 1336 1380 95 auons en recepuãt le bien/ ⁊ en le tenant per¬

164 1415 1380 99 seueramment/ nous auons non seulement la

158 1498 1388 105 puissance de ce que nous uoulons/ mais aussi

156 1583 1392 101 nous est dõnee la uolunte de ce que nous po¬

168 1670 1398 95 uons. Ce qui na point este au prenber uõme.

176 1743 1382 103 Il est urcry q̃ dieu luy auoit adonc dõne bon¬

160 1829 1388 98 ne uoꝰꝰ¬t. ◊aren/ ccelle bonne uolunte lauoit

158 1912 1392 103 faict droict. Si luy dõna ung ayde sãs lequel

156 1997 1388 89 ne pouoit demourer en ceste bõne uolũte/ uoi¬

158 2084 1386 99 re quand il y eut uoulu demourer: mais il le

158 2163 1382 103 laissa en son franc arbitre de uouloir demou¬

163 2256 1371 92 rer ou nõ uouloir. Il eut peu doncq̃s demou¬

166 2324 1368 110 rer sideut uoulu a cause de layde qͥl luy auoit

170 2414 1376 99 donne par lequel il pouoit demourer: ⁊ sans

166 2496 1396 91 lequel il ne pouoit perseuerãment tenir le biẽ

170 2575 1378 107 qͥl uouloit. Mais pour ce qͥl ne uoulut point

169 2654 1371 110 demourer/ certainement ce fut sa coulpe? la

172 2734 1368 116 ou luy eut este merite sil fust uoulu demou¬

160 2823 1380 113 rer. Il auoit receu de dieu puissãce sil eut uou¬

154 2906 1386 134 las:Hais il nauoit point de uouloir par leq̃l il

422 160 966 163 de Adam. Chap̃.5.

1650 195 110 125 4

1560 510 253 172 1.Corin.

1560 650 122 130 15.f.

1554 828 277 101 Lagrace

1551 911 283 104 qͥ est dõ¬

1551 988 274 113 nee aux

1551 1074 277 110 esleuz a-

1554 1166 256 98 pres la

1554 1238 244 124 trãsgres

1560 1321 152 130 sion.

1554 2217 229 137 2.Coꝝ.

1554 2327 122 113 3.b.

1560 2633 247 125 Merite

1563 2740 247 116 eut este

1560 2832 250 98 au pre¬

1563 2900 271 122 mier hõ¬

1031 2994 507 119 A .iiii. peust:
