2212 3563
136 298 1376 119 ce quil ueult: quãt aussi des mesmes uolũtez

146 389 1361 111 des hões en faict ce qͥl ueult/ ⁊ quãt il ueult.

154 472 1356 115 Cõme il est escript.7 Et Saul sen est alle en

154 556 1360 115 samaison en Gabaa. Et les puissans hom¬

144 641 1368 111 nes sen allerent auec luy/ desquelz dieu auoit

132 728 567 103 touche les cueurs.

302 805 1173 113 ¶ Augustin en son Manuel/ au .c. ⁊ .ii.

127 887 1380 119 ¶ Dieu ueult q̃ tous hõmes soiẽt sauuez non

127 967 1386 122 pas qͥl ny ait personne: quil ne uueille sau¬

121 1059 1398 107 uer: leq̃l ne uoulu pas faire les uertus des mi

124 1134 1383 110 racles enuers ceulx/ desquelz dit quilz eussẽt

126 1223 1388 107 faict penitence sil eut faict les miracles: mais

124 1304 1390 113 tellemẽt q̃ par tous les hõmes/ noꝰ entendõs

126 1399 1394 103 tout le genre humain distingue selõ aucunes

136 1476 1384 103 differẽces/ assauoir les roys/ les hões priuez:

130 1555 1392 109 les nobles/ les uilains: les haultz esleuez/ les

134 1638 1418 105 humbles: les saiges/ les non (oiges: ceudx qui

148 1720 1398 110 sõt entiers de corps/ les debiles: les ĩgenieux/

144 1805 1390 107 les imbecilles/ ⁊ /obͬ les ◊iMes Ls poues/ ⁊

132 1888 1396 109 les moyens: les hõmes/ les fẽmes/ les enfans:

130 1971 1400 111 les seruiteurs: les adolescens/ ⁊ les plus an¬

134 2054 1400 109 ciens: les ieunes/ ⁊ les anciens: ceulx qui sont

136 2141 1394 107 cõstituez en toutes lãgues/ ⁊ en toutes meurs:

148 2224 1382 107 en tous ars ⁊ en toute professiõs: en diuersitez

156 2310 1370 95 de uoluntez ⁊ de cõscience innumerable: et en

148 2375 1389 113 toute autre differẽce des hõmes.7 Car q̃lle est

142 2470 1409 104 la sorte de toutes ces choses/ q̃ dieu ne uueille

145 2541 1424 116 q̃ les hõmes soient sauuez par toutes les na¬

154 2633 1394 119 tions/ ⁊ ce par son seul filz nostre seigneur: ⁊ q̃

154 2722 1380 104 pour ce il le faict/ qre luy qui est tout pinssãt

145 2799 1398 116 ne peult en uain uouloir tout ce qͥl uouldra?

148 2880 1395 157 Aussi lapostre auoit co/⁊ mãde/ queon priast/

463 139 961 169 nalion. Chap̃. tih.

1587 160 140 136 45

1534 454 288 154 1.reg.10d

1537 878 264 113 Les dif¬

1528 967 255 104 ferences

1534 1057 267 100 du genre

1540 1140 246 115 humain

1569 2363 262 122 Dieu ne

1578 2470 229 95 reboute

1584 2547 241 104 nul gẽre

1569 2627 256 116 des hões

1554 2716 274 104 ⁊ en sau¬

1560 2805 268 104 ue de tou

1566 2874 235 142 te sorte.

1370 2988 172 78 pour
