2211 3563
733 310 1372 123 pour tous les hõmes: ⁊ auoir specialemẽt ad¬

725 399 1377 115 iouste: pour les roys/ ⁊ pour ceulx qui sont en

721 481 1379 122 sublimite: q̃ lon pouoit estimer/ q̃ par põpes ⁊

713 566 1389 112 orgueil de ce siecle/ ilz auroiẽt horreur de lhu¬

711 643 1383 127 milite de la foy chrestiẽne: pourtant disoit il.

703 730 1391 121 Car cest bõne chose deuãt nostre sauueur no¬

693 817 1399 117 stre dieu: cest adire/ que lon prie aussi pour tel¬

693 894 1399 127 les gens. Et incõtinent apres affin quil ostat

699 979 1389 129 le desespoir/ il adiousta. Lequel ueult q̃ tous

701 1062 727 105 hommes soient sauuez.

845 1146 1130 118 ¶Sugu. ad Uihlemn. en lepistre .cui.

677 1217 1400 139 ¶ Mais cõme ce qui est dit.T Tors serõt uiui

699 1312 1379 117 ciez en Christ: cõme iu Ioit que i grãd nombre

699 1389 1369 117 sont dãnez de mort eternelle: est dit a ceste cau

695 1466 1370 125 se? q̃ tous ceulx qͥ recoiuẽt la uie eternelle/ ilz

692 1561 1382 116 ne la recoiuent pas sinon par Christ. Parei lle

695 1630 1370 127 ment ce qͥ est dit. Dieu ueult que tous hõmes

704 1710 1367 142 soient sauuez: cõme il soit q̃ desia na pas uou

686 1805 1382 124 lu q̃ tant grand nõbre soiẽt sauuez: a ceste cau

673 1896 1393 121 se est il dit/ q̃ tous ceulx qͥ sont sauuez/ ne sont

667 1975 1391 125 sauuez sinon par sa uolunte: ⁊ si ces parolles

657 2062 1401 117 icy de lapostre se peuuent aultrement enten¬

657 2139 1391 123 dre: toutesfoys ne peuuent estre cõtraires a ce¬

669 2222 1377 115 ste tres manifeste uerite: en laq̃lle nous uoyõs

669 2308 1383 120 si grand nõbre qui ne sont pas sauuez/ par ce

661 2391 1391 120 que dieu ne le ueult pas/ combien que les hõ¬

662 2461 1385 134 mes le uoulussent bien.4 Et comment desert

668 2553 1367 128 la uolunte humaine que la grace diuine luy

668 2639 1370 122 soit donnee: se elle est donne par la misericor¬

665 2713 1370 131 de a ceulx a qui elle est donnee: tellement que

647 2805 1379 116 ce soit pure grace? Cõment sont en ceste chose

638 2886 1385 151 reco/npensez les merites de la uolunte hu¬

1077 174 519 132 De predesti¬

398 1184 252 161 1.cor.15.c

410 1443 276 118 Tous re

401 1540 276 116 coiuẽt la

404 1630 279 98 uie eter¬

398 1704 282 104 nellepar

398 1787 243 137 Christ.

362 2437 288 125 La seul¬

356 2547 291 98 le miseri

356 2618 268 107 corde de

362 2707 247 98 dieu est

365 2785 256 115 cause de

365 2874 253 151 salut: et

1767 3008 257 99 maine?
