2212 3563
377 187 925 169 nation. Chap̃.iiii.

104 326 1373 134 maine? Quãt urayemẽt ceulx a qui ceste gra¬

118 424 1359 128 ce nest pas dõnee ne sont en riens differens le

127 513 1350 119 plis souuent/ ne par merite/ ne par uolunte a

122 599 1359 109 ceulx a qui elle est dõnee/ mais seullemẽt par

112 684 1375 111 misericorde/ ⁊ toutesfoys ne leur est pas don¬

102 768 1389 108 nee/ par le iuste iugement de dieu. Car il nya

100 847 1381 113 pas diniquite enuers dieu. Mais cest affin q̃

100 934 1389 111 ceulx a qui elle est dõnee entendent/ comment

104 1015 1383 113 gratuitement elle est donnee: la ou iustement

99 1098 1386 113 leur pourroit estre deniee: car elle est iustemẽt

102 1185 1137 113 deniee a ceulx qui ont pareille cause.

372 1266 859 111 ¶ Augstin en son Manuel/

495 1357 592 103 au .xcu. Chapitre.

114 1429 1381 112 ¶ Il nest pas de doubte que dieu ne faice bien:

106 1514 1387 115 aussi en laissant faire toutes les choses qui se

106 1595 1397 117 font mal. Car il ne le permect/ sinon par iuste

104 1680 1412 107 iugemẽt. Et ueritablemẽt tout ce qui est iuste:

112 1748 1392 134 est aussi bon. * Cõbien dõcques q̃ les choses qͥ

112 1837 1380 131 sont mauuaises/ en tãt quelles sont mauuai¬

107 1929 1385 125 ses/ ne soient pas bõnes: toutesfois il est bon/

107 2010 1388 107 que les mauuaises choses soiẽt/ aussi auec les

106 2096 1391 101 bõnes. Car se ce nestoit bon/ assauoir q̃ aussi

112 2179 1391 115 les maulx fussent/ nullemẽt ne seroient par¬

120 2260 1383 115 mis par le bon seigneur tout puissant. Au¬

118 2343 1383 111 quel sans doubte est aussi facile de nõ laisser

112 2422 1410 113 estre ee quil ne ueult pas: que de faire ce quil

118 2502 1398 120 ueult. Que si noꝰ ne croyons ceste chose: le cõ

120 2587 1387 118 mencemẽt de la cõfession de nostre foy est de¬

124 2663 1389 116 struict: auq̃l noꝰ ꝯfessons croire en dieu le pere

118 2743 1395 137 tout puissant. * Car aussi ueritablemẽt nest il

115 2829 1398 131 appelle tout puissant poͬ autre chose: sinon q̃

121 2918 1392 146 tout ce qͥl ueult il le peult faire: ⁊ loeuure de

1534 221 141 105 46

1495 326 333 128 non pas/

1495 421 193 113 nostre

1495 513 229 107 merite.

1537 1630 252 142 Il est bõ

1525 1742 252 110 que aus¬

1513 1831 202 110 si les

1516 1921 220 98 maulx

1519 2001 214 116 soient.

1528 2630 261 140 La uolũ

1528 2743 264 104 te ð dieu

1528 2826 255 104 nest em¬

1528 2906 238 119 peschee

1528 3007 258 113 de ꝑsõne

1162 2998 351 128 la uolunte
