2211 3563
1012 205 537 135 De predesti¬

663 354 1387 115 la uolunte toute puissãte nest pas empeschee

657 447 1036 95 par la uolunte daucune creature.

905 518 917 109 ¶ Au mesme/ au .xcui. Chap̃.

649 601 1407 109 ¶ Par quoy fault ueoir cõment il est dict de

643 684 1417 109 dieu ce aussi q̃ Lapostre a dict tres ueritable¬

653 777 1403 95 ment. Lequel ueult q̃ tous hõmes soient sau¬

671 846 1388 113 uez. Car cõme il soit que nõ point tous/ mais

665 940 1397 107 que plusieurs ne sont pas sauuez il semble a

663 1017 1389 113 ueoir desia q̃ ce q̃ dieu ueult ne soit pas faict:

645 1102 1409 111 ascauoir par ce que la uolunte humaine em¬

631 1187 1421 111 pesche la uolunte de dieu. Car quãt on demã

637 1276 1425 101 de la cause pourquoy tous ne sont pas sau¬

657 1351 1401 115 uez. On a de coustume de respondre: pour ce q̃

665 1433 1389 108 iceulx ne le ueullent pas. Ce urayemẽt qͥl ne

661 1514 1399 113 peult estre dit des petis enfans: ausquelz nest

657 1603 1401 101 encore ne uouloir/ ne non uouloir. Car si on

663 1682 1399 113 iugeoit q̃ par droict deuroit estre attribue a la

663 1765 1401 111 uolunte des enfans ce quilz font par mouue¬

645 1848 1417 113 ment quãt on les baptise: nous dirions aussi

645 1933 1415 99 qͥlz seroiẽt sauuez cõtre leur uolunte/ dautant

653 2013 1407 112 quilz y resistẽt autant quilz peuuẽt. Mais le

661 2098 1393 113 seigñr plus manifestemẽt parle en leuangile/

659 2182 1385 107 en reprochãt a la cite infidele disant. Cõbien

641 2260 1407 117 de fois ay ie uoulu assembler uoz filz/ ainsi q̃

633 2345 1425 115 la poulle assemble ses petis poulletz soubz ses

641 2430 1417 107 aeles/ ⁊ ne lauez point uoulu? cõme si la uo¬

645 2511 1411 107 lunte de dieu estoit surmontee par la uolunte

651 2593 1407 116 des hõmes: ⁊ que la ou les plus foibles par ce

655 2682 1401 109 quilz nont pas uoulu ont mis empeschemẽt/

665 2761 1388 122 celuy qui est le trespuissant na peu faire ce qͥl

653 2841 1385 110 uouloit. * Et ou est ceste totale puissance par

638 2924 1415 137 laquelle il a faict au ciel et en la terre tout ce

362 774 265 101 1.cor.9.d

350 840 288 139 1.tim̃.2.a

356 2140 279 158 mat.23.d

362 2734 279 128 dieu sau¬

359 2844 262 89 ue ceulx

359 2927 262 107 qͥl ueult.

1826 3032 224 105 quil a
