2212 3563
126 279 1398 118 quil a uoulu: sil a uoulu recueillir les filz de

130 374 1373 108 Hierusalem/ et ne la pas faict? Ou cest plus

136 457 1374 111 tost/ que icelle na pas uoulu que ses filz ayẽt

134 540 1382 107 este rassemblez de luy/ mais combiẽ quelle ne

132 623 1378 109 le uoulut pas/ neãtmoins cestuy a rassemble

128 708 1379 107 ses filz/ ascauoir ceulx quil a uoulu: car il na

124 791 1379 101 faict riens au ciel ou en la terre quil nait uou

112 864 1386 133 lu: ⁊ na riẽs uoulu quil ne lait faictF mais a

124 954 804 106 faict tout ce quil a uoulu.

348 1039 1058 111 ¶ Au mesme liure/ au.c. ⁊. i. Chap̃.

122 1116 1375 119 ¶ Mais cõbien grãdes q̃ les uoluntez soiẽt/

120 1209 1388 103 ou des anges/ ou des hõmes/ ou des bons/ ou

120 1294 1387 109 des mauuais/ ou de ceulx qui ueullent ce que

116 1373 1392 113 dieu ueult/ ou de ceulx qͥ ueullẽt aultre chose

122 1456 1385 109 que dieu ne ueult: la totale puissãce de la uo¬

116 1540 1385 114 lunte de dieu demeure tousiours uictorieuse:

115 1615 1407 121 laquelle ne peult estre mauuaise? Cor ousfi

124 1707 1407 107 quãt ede enuoye du mad/ eue est iuste: ⁊ certai¬

124 1799 1386 98 nement celle qui estireste nest pas mauuatse.

118 1867 1383 119 Parquoy dieu qui est tout puissant/ soit q̃ par

124 1956 1380 101 sa misericorde il aye mercy de celuy qͥl ueult/

128 2040 1382 111 soit que par iugemẽt il endurcisse celuy quil

118 2117 1377 115 ueult: se ne faict il riens mauuaisement/ et ne

124 2209 1386 110 faict riens contre sa uolunte: et faict tout ce

122 2284 369 113 quil ueult.

156 2454 1360 154 ¶ De la double loy/ aCca

332 2608 1000 133 uoir Naturelle/ ⁊ Positi¬

502 2733 658 121 ue: et du peche.

152 2830 1358 158 ¶ De la loy Naturelle. Chap̃.u.

407 127 930 172 nation. Chap̃. teh.

1575 172 137 116 47

1516 855 199 133 p̃s.113.

1566 1600 244 131 La uo¬

1551 1701 259 104 lunte de

1537 1790 264 116 Dieu est

1522 1867 255 134 tousioͬs

1525 1968 211 122 bonne.

1525 2117 220 222 Reo.9.d

1209 2967 303 109 Prouerb.
