2212 3563
140 308 1376 121 peu. Laumosne sera grãde cõfidẽce

148 421 1341 129 deuãt le souuerain dieu/ a toꝰ ceulx

156 538 1339 135 quila font. Ce q̃ tu ne uouldroys q̃

142 657 1368 126 ung aultre te feist/ regarde q̃ tu ne le

134 773 951 125 faice iamais a aultruy.

122 888 1381 125 Matth.7. B. ¶ Parquoy tout ce

124 997 1379 129 que uous uoulez q̃ les hõmes uous

130 1114 1165 133 faicent/ faictes le aussi a eulx.

120 1229 1369 119 Rom̃.2.C. ¶ Car quãt les gens

116 1346 1381 124 qui nont point de loy/ font naturel¬

116 1456 1375 135 lemẽt les choses qui sont de la loy:

118 1579 1396 121 telle maniere de gens qui nõt poin

128 1686 1406 131 de loyssont uoy qeuux mesmes: les¬

126 1803 1382 126 quelz monstrẽt Qa2 de Ooye/¬

112 1918 1387 126 cripte en leurs cueurs: par ce q̃ leur

110 2038 1385 125 conscience leur rend tesmoignage/

112 2145 1383 127 aussi des pẽsees accusãs lung laul¬

122 2260 1375 129 tre/ ou aussi deffendãs au iour que

116 2375 1377 127 dieu iugero les secretz des hõmes

116 2484 1297 136 selon/õ euãgile par Iesuchrist.

283 2630 1178 111 ¶ Augu. en la secõde quinquagene en

285 2717 1055 95 la.luii. psalme au premier uerset.

118 2798 1373 109 ¶ Cõme il soit ueritablement que la uenite a

114 2889 1377 125 escript en noz cueͬs par la main de celxy qui

415 166 979 132 Naturelle. Chap̃.u.

1526 407 299 119 Proeter.

1530 502 93 109 3.c

1575 169 140 139 4d

1251 2977 244 93 nous a
