2211 3563
353 311 282 128 1mat.7.b

380 421 250 107 La loy

374 504 270 104 de natu¬

368 590 253 95 re a este

371 671 235 98 escripte

365 751 265 113 de Dieu

356 843 262 92 au cueur

353 914 253 128 de lhõe.

677 293 1373 137 nous a forme.7Ne fais point a aultruy/ ce q̃

668 403 1409 122 tu ne uouldrois point qui te fut faict. Deuãt

659 486 1397 125 aussi que la loy fut dõnee/ a nul nestoit par¬

659 578 1394 104 mis de ignorer cela: affin qͥl y eut cause pour

656 659 1397 110 les iuger/ uoire aussi ceulx a qͥ la loy nestoit

650 754 1406 110 pas dõnee. Mais affin q̃ les hõmes ne se com

647 822 1406 125 plaingnissẽt/ q̃ aucune chose leur deffaillist:

665 911 1394 113 la chose fut escripte es tables/ laq̃lle ne lisoiẽt

653 997 1403 110 pas en leurs cueurs. Et deur fut mis deuant

647 1077 1400 116 les yeulx/ ce qͥlz estoiẽt cõtrainctz de regarder

630 1172 1420 98 en leur cõscience: ⁊ par ladditiõ de la uoix de

635 1252 1424 101 dieu par dehors/ lhõme fut comme cõtrainct

677 1333 1379 104 dedẽs/ par ce q̃ lescripture dit? Linterrogatiõ

683 1416 1376 92 de celuy qui est sans pitie se ferg por ses cogtĩ¬

662 1493 1385 107 tatiõs. La ou il ya interrogatiõ/ la est laloy.

677 1573 1382 110 7 Mais pour ce q̃ les hõmes appetãs les cho¬

677 1671 1385 101 ses qui sont par dehors/ aussi se sont bãnis de

674 1736 1385 110 eulx mesmes: la loy escripte leur fut aussi dõ

656 1829 1403 103 nee/ nõ pas quelle ne fust escripte aux cueurs:

644 1918 1415 106 mais pour ce que toy qui estois fuy arriere de

630 2004 1429 104 ton cueur/ tu seras rattains de celuy qͥ est par¬

630 2078 1423 98 tout: ⁊ seras rappelle par dedẽs a toymesme.

641 2155 1409 119 Et pource regor de quele chose crie la loy es¬

650 2241 1403 113 cripte/ a ceulx qui ont laisse la loy escripte en

674 2327 1382 98 leur cueur.◊Uous p̃uaricateurs/ retournez a

674 2402 1385 103 uostre cueur Et qui ta enseigne de non uou¬

668 2488 1388 121 loir q̃ ung aultre prẽne la cõpaignie de ta fem

671 2577 1376 104 me? Qui ta enseigne q̃ tu ne ueulx pas quon

674 2654 1370 110 te desrobe? Qui ta enseigne de non uouloir

674 2740 1376 110 souffrir iniure? ⁊ toute aultre chose qͥ se peult

644 2820 1394 101 dire uniuersellemẽt ou particulieremẽt? Car

644 2903 1400 167 il ya plusieͬs choses/ desquelles si les hõmes

1123 142 410 184 De la loy

359 1291 291 149 Sad.1.b

365 1431 294 92 leui.26.a

368 1579 285 116 poͬquoy

368 1677 288 95 la loy de

371 1742 261 116 Moyse

362 1829 276 115 a este dõ

359 1926 140 101 nee.

371 2307 276 115 esa.46.b

371 2407 256 98 Quel¬

362 2491 285 109 les cho¬

365 2571 282 116 ses ensei

368 2672 244 98 gne la

374 2752 273 98 loy ð na

383 2835 154 110 trire.

1783 2986 258 140 en sont
