2211 3563
1075 199 428 129 De la loy

701 311 1373 137 abondance/ ⁊ oultre suffisance: ⁊ il congnoit q̃

686 421 1391 116 tu en as disette/ ⁊ sil ne ten dõne pas/ il ten des

671 510 1401 105 plait a toy qui a fain: quant dõcques tu seras

673 597 1399 105 rassasie qͥl te desplaise/ aussi quãt tu cõgnoi¬

692 676 1379 110 stras ung autre auoir fain. * Ung pelerin qͥ a

686 757 1376 104 affaire de couuerture/ uiẽt en tõ pays: ⁊ cestuy

659 840 1409 110 nest pas receu. Adõc cestuy crie q̃ la cite est ĩhu

649 930 1423 105 maine/ ⁊ q̃ aux infideles il trouueroit plus fa

657 1017 1413 101 cilement refuge. Cestuy sent liniquite/ pour ce

665 1096 1399 91 quil souffre: toy par aduenture/ tu ne le sens

649 1179 1413 105 point. Mais il fault que tu pẽse/ que tu es pe

653 1266 1415 97 lerin: ⁊ que tu regarde cõment te pourroit des¬

677 1346 1395 100 plaire celuy qui ne te bailleroit pas ce que tu

677 1423 1387 97 ne ueulx point bailler en tõ pays a celuy qui

673 1510 1389 101 est estrangier. Et ainsi doncques reuiens/ toy

673 1599 1405 95 preuaricateur reuiens a ton cueur: la est escri¬

669 1674 1405 107 pte la loy q̃ tu ne faice a aultruy ce que tu ne

685 1755 985 101 uouldrois point que lon te feist.

665 1838 1407 129 Esaie.24.A.B. ¶ La terre a plou¬

663 1955 1413 133 re ⁊ sest escoulee/ ⁊ est deuenue mala

673 2068 1401 129 de: tout le mõde sest escoule: la haul¬

671 2183 1393 134 tesse du peuple de la terre sest affoi¬

663 2298 1409 130 blie. Et la terre est infectee par ses

675 2410 1397 131 habitãs. Pour ce quilz ont trãsgres¬

689 2523 1383 137 se la loy: ilz ont change le droict: ilz

677 2642 1397 127 ont dissipe laliance eternelle. Et

679 2755 1393 131 poͬ ceste chose/ maledictiõ deuorera

675 2876 1393 156 la terre: ⁊ ses habitans pecheront:

359 338 330 119 ⁊ le aussi a

398 439 261 107 autruy.

380 644 267 160 Exẽple

377 754 300 130 de chari¬

392 849 104 163 te.

1765 3000 307 105 pourtant
