2211 3563
365 314 247 137 me seil

365 430 241 104 eut per¬

362 498 199 137 seuere.

638 311 1409 140 peust: car sil leust eu/ il eust perseuere. Il po¬

635 415 1436 107 uoit aussi perseuerer sileut uoulu: ⁊ ce quil ne

635 501 1418 110 le uoulut point/ cela descendit du franc arbi¬

641 593 1406 95 tre: lequel alors estoit en telle liberte quil po

635 662 1412 112 uoit uouloir ⁊ le bien/ ⁊ le mal Parquoy il

632 754 1418 110 fault diligẽment regarder/ quelle differẽce il

624 846 1417 107 ya entre ces choses, Pouoir nõ mourir/ ⁊ non

612 929 1429 104 pouoir mourir: auoir la puissance de non pe¬

618 1000 1426 113 cher ⁊ non auoir la puissance de pecher: auoir

624 1083 1423 116 puissance de nõ laisser le biẽ/ ⁊ nõ auoir puis¬

615 1178 1432 113 sance de laisser le bien. Car le premier hõme

606 1254 1442 115 pouoit non pecher: il pouoit nõ mourie: il po¬

606 1338 1430 108 uoit estre sans delaisser le bien. Debuõs nous

612 1425 1430 111 pourtãt dire/ qͥl ne pouoit pecher luy qͥ auoit

620 1508 1426 97 tel frãc arbitre? Ou ne pouoit il mourir/ au¬

647 1591 1391 101 q̃d fut dit◊ Se tu peche/ tu mourras de mort?

653 1670 1391 103 Ou ne pouoitiduouIler de uiẽ/ quant il aduint

630 1755 1420 109 que en pechont il le delaissa/ ⁊ pourtant est il

618 1837 1423 107 mort? ? Dõcques la premiere Haerre de le uo¬

624 1915 1411 112 lunte estoit de pouoir nõ pecher: mais la der¬

621 1998 1414 110 niere sera beaucoup plus grande/ assauoir de

635 2081 1409 101 non pouoir pecher. La premiere immortalite

647 2173 1391 95 estoit de pouoir non mourie: ⁊ la dermiere sera

649 2254 1381 107 beaucoup plus grãde/ assauoir de nõ pouoir

641 2339 1395 101 mourir. La premiere puissance de perseuerer

639 2422 1401 103 estoit de pouoir non delaisser le bien: mais la

644 2500 1388 109 derniere felicite de perseuerance/ est de non po¬

633 2591 662 93 uoir delaisser le bien.

1020 2664 616 105 ¶ Au .xii. Chapitre.

653 2743 1376 122 ¶ Maintenãt doncques/ puis que ceste grãde

647 2842 1379 99 liberte est perdue par le merite du peche/ aussi

639 2921 1381 121 est demouree linfirmite poͬ estre aydee de plus

338 653 268 121 Differẽ

338 769 256 83 ce entre

344 852 229 98 pouoir

344 938 241 89 nõ mou

341 1003 235 104 rir: ⁊ nõ

344 1086 214 110 pouoir

347 1166 238 119 mourir.

927 190 747 136 De la trãsgression

359 1570 273 143 Geñ.2.c

332 1826 271 124 La pre¬

329 1932 277 87 miere li¬

329 2016 253 86 berte de

329 2081 289 113 la uolu¬

353 2173 86 134 te.

341 2491 291 130 mat.10.c

347 2740 285 134 Ioan.8.e.

1783 3008 235 129 grandz
