1120 1501
133 130 639 66 dormy, aueugle ⁊ abesti le pouure

131 183 548 72 monde. Probation

192 241 577 67 Entre bõs marchans, on ne a

131 298 637 67 point ueu, qui iamais ayẽt uẽdu

131 355 632 67 la seulle ueue de leur ouurage-

130 414 635 67 Mesmes ilz disent en leur com-

127 472 636 67 mun l angage, la ueue n en couste

127 527 635 69 riẽ. Mais ceulx icy semblables

126 587 637 64 a basteleurs ou mommeurs, ont

127 647 632 63 bien aprins de le faire; car sans

125 699 637 65 cesser ilz scaiuent bien cheremẽt

123 759 636 65 uendre ⁊ reuẽdre la seule ueue de

122 813 637 70 leur bagage. Ce que ie dis est

121 874 637 66 mieulx ogneu aux bõnes uilles-

121 931 638 67 la ou si aucun de dieu par mort

121 986 636 70 est appelle, soubdain par ces mar

120 1045 633 69 chãs est demãde, si pour le corps

120 1103 634 67 cõduyre en terre, on ueult le beau

120 1162 629 67 drap, le plus petit, ou le moyen.

123 1217 630 73 Pareillemẽt si on ueult la belle

619 1280 128 67 croiz-
