1120 1501
369 125 630 61 mesmemarchãdise dõt uiẽt telle

369 177 630 65 diuersite de pris. De respõce nõt

370 237 627 68 ilz point sinon pour la diuersite

370 293 624 68 dacoustremẽs, en laquelle chose-

370 350 628 65 totallemẽt sõt semblables a une

371 407 627 65 ribaude, laquelle uend sa turpi-

371 466 626 66 tude plus ou moins chere, selon

371 522 628 64 la sorte de ses uestemens. En ce

372 579 625 71 passage serõt bien ayses ces gros

372 637 627 67 paillardz, quand ie les traicte si

371 696 626 65 doulcement, de les cõparer seule-

371 754 630 67 ment a une ribaulde, ⁊ que ie ne

371 809 627 67 les ay pas uoulu cõparer au trai

371 865 626 71 tre Iudas, ainsi que faict ung de

371 925 627 64 leur liures nõme, Stella clerico-

372 981 625 68 rum; la ou le beau liure dit en ce-

377 1039 620 66 ste maniere. Qui missam cele-

374 1095 624 69 brat propecunia uidetur mihi di

370 1154 624 65 cere;quid uultis mihi dare, ⁊ ego

369 1209 630 79 uobis eum tradã, cestadire. Qui

249 1036 116 67 Stelle

230 1090 124 53 clerico-

231 1135 88 62 cum.

852 1268 141 74 celebre
