1119 1502
356 113 637 67 qui la regarde ⁊ dempoigner ⁊ de

357 168 638 69 souffler, ⁊ pour le pris la reuẽdra

355 224 641 68 a ung autre, qui au lieu mesme la

356 284 640 65 remettra. Et mon marchant qui

357 342 639 63 faict le guet, ⁊ dempoigner ⁊ de

356 395 639 66 souffler, et a ung autre la baille-

355 455 641 66 ra, qui bien tost la remettra, et le

355 516 637 63 marchãt dẽpoigner ⁊ de souffler,

357 565 639 74 ⁊ sans cesser tout le iour ainsi fe-

355 627 641 68 ra. Parquoy biẽ tost riche se trou

355 687 641 61 uera, car comme uous uoyez tout

356 742 639 70 luy retourne, argent ⁊ marchan-

356 794 204 77 dise aussi.

414 921 583 57 Peu de cire leur faict grand

356 972 640 69 bien soyẽt gros marchãs ou me-

356 1032 636 64 nus, car tous communement en

356 1085 637 71 usent, les petis la uendẽt ouuree

356 1144 639 71 en chãdelles, mais les plus gros

357 1204 639 81 la uendent par l oppins attachee

926 1262 66 76 sur
