1120 1501
133 126 636 70 sur papier , ou a la queue dung

131 180 639 68 parchemin, ce que ie dis enten-

130 237 643 71 dent bien, a tout le moins offi-

128 295 644 72 ciaulx, selleurs, copistes, datai-

128 353 642 73 res, chicaneurs, secretaires de

127 409 640 77 abbez, deuesques, archeuesques

130 470 280 69 carpinaulx.

190 520 579 79 Le grãd galiffre, ie dis le grãd

127 584 642 70 preuost de ces marchãs, qui est le

127 639 643 72 plus habile de toꝰ tient sa bãcque

126 700 639 69 a toutes gẽs, cõuertissant le plõb

125 756 644 70 enor. Onc sur la terre on ne uit

126 811 639 74 tel allrimiste, qui soubz le plomb

126 871 641 70 par luy ⁊ les siens trouuast telle

126 928 636 71 ueine dor. Ce q̃ Panorme le bon

125 986 638 74 marchant, en ses escripiz n a pas

126 1046 636 68 cele, quant par elegãce ciceronia-

125 1104 620 68 ne ou pour le moins barbariẽne

123 1160 632 70 il a ainsi escript. Dicunt aliqui

126 1219 627 74 quod nunti pape nõ sunt deaurc

762 1083 132 55 Panor.

769 1133 138 51 suꝑ prĩa

764 1174 140 46 primi de

759 1213 148 46 elect. in

762 1257 144 52 glo. prĩa

759 1298 94 59 in si.

469 1282 291 72 S iii ti sed
