1119 1501
351 97 630 70 sence de dieu uiuãt, duquel por-

350 155 632 67 tez le nom, qui uous a donne la

350 211 632 69 puissance du glaiue, pour en user

350 267 631 71 a son hõneur, deffendãs les inno

350 331 632 66 cens, punissans tous malfai-

350 386 633 70 cteurs soyez trouuez fideles ⁊ ue

350 442 632 62 ritables, cõsentãs a tout bien, re-

351 497 632 73 sistans au mal de uostre puissan

349 559 636 68 ce pour sa bonne uolunte, car par

350 616 631 68 luy estes uous a ce cõmis, et luy

350 675 635 60 seul uous peult exalter ou depri-

350 732 635 68 mer, en la uie presente et future;

351 790 636 66 t de ce soyez acertenez si uous ta

349 844 633 69 chez l hõnorer ilz uous hõnorera-

351 900 610 73 si uous l exaltez il uoꝰ exaltera.

408 960 578 69 Par sa sagesse les roys regnẽt

349 1018 634 68 ⁊ les seigneurs dominẽt, ⁊ ordon

346 1075 637 68 nẽt sainctes ordonnances. Et le

347 1132 636 71 mespris de la uolunte ⁊ sagesse di

349 1193 633 86 uine; est cause de tous maulx, sur

211 1080 111 69 puer .S

863 1263 119 59 roys-
