<?xml version="1.0" encoding="UTF-8"?>
<alto xmlns:xsi="http://www.w3.org/2001/XMLSchema-instance"
      xmlns="http://www.loc.gov/standards/alto/ns-v4#"
      xsi:schemaLocation="http://www.loc.gov/standards/alto/ns-v4# http://www.loc.gov/standards/alto/v4/alto-4-2.xsd">
  <Description>
    <MeasurementUnit>pixel</MeasurementUnit>
    <sourceImageInformation>
      <fileName>37_29456_default.jpg</fileName>
      <fileIdentifier>https://www.e-rara.ch/i3f/v20/153764/full/full/0/default.jpg</fileIdentifier>
    </sourceImageInformation>
  </Description>
  
  <Tags>
    <OtherTag ID="BT1073" LABEL="MainZone" DESCRIPTION="block type MainZone"/><OtherTag ID="BT1074" LABEL="TitlePageZone" DESCRIPTION="block type TitlePageZone"/><OtherTag ID="BT1075" LABEL="DropCapitalZone" DESCRIPTION="block type DropCapitalZone"/><OtherTag ID="BT1076" LABEL="NumberingZone" DESCRIPTION="block type NumberingZone"/><OtherTag ID="BT1077" LABEL="MarginTextZone" DESCRIPTION="block type MarginTextZone"/><OtherTag ID="BT1078" LABEL="QuireMarksZone:signature" DESCRIPTION="block type QuireMarksZone:signature"/><OtherTag ID="BT1079" LABEL="QuireMarksZone:catchwords" DESCRIPTION="block type QuireMarksZone:catchwords"/><OtherTag ID="BT1080" LABEL="GraphicZone" DESCRIPTION="block type GraphicZone"/><OtherTag ID="BT1081" LABEL="StampZone" DESCRIPTION="block type StampZone"/>
    <OtherTag ID="LT399" LABEL="DefaultLine" DESCRIPTION="line type DefaultLine"/><OtherTag ID="LT400" LABEL="HeadingLine" DESCRIPTION="line type HeadingLine"/><OtherTag ID="LT401" LABEL="DropCapitalLine" DESCRIPTION="line type DropCapitalLine"/>
  </Tags>
  
  <Layout>
    <Page WIDTH="1120"
          HEIGHT="1501"
          PHYSICAL_IMG_NR="37"
          ID="eSc_dummypage_">
      <PrintSpace HPOS="0"
                  VPOS="0"
                  WIDTH="1120"
                  HEIGHT="1501">
        
        <TextBlock HPOS="180"
                   VPOS="143"
                   WIDTH="147"
                   HEIGHT="49"
                   ID="eSc_textblock_5dfa64be"
                   TAGREFS="BT1077">
          <Shape><Polygon POINTS="180 143 180 192 324 192 327 143"/></Shape>
          
          
          <TextLine ID="eSc_line_e1a3f242"
                    TAGREFS="LT399"
                    BASELINE="195 185 324 186" 
                    HPOS="192"
                    VPOS="135"
                    WIDTH="130"
                    HEIGHT="76">
            <Shape><Polygon POINTS="193 183 192 198 217 211 218 211 220 211 259 205 271 211 272 211 274 211 275 211 276 211 276 210 290 198 321 198 322 185 320 142 284 142 280 141 267 135 266 135 265 135 264 135 249 140 244 142 237 140 224 135 222 135 221 135 193 138 193 183"/></Shape>
	    <String CONTENT="Rom̃.s."
                    HPOS="192"
                    VPOS="135"
                    WIDTH="130"
                    HEIGHT="76"></String>
          </TextLine>

          
        </TextBlock>
        
        <TextBlock HPOS="329"
                   VPOS="135"
                   WIDTH="647"
                   HEIGHT="1157"
                   ID="eSc_textblock_03a5f10b"
                   TAGREFS="BT1073">
          <Shape><Polygon POINTS="329 135 329 1292 976 1292 976 135"/></Shape>
          
          
          <TextLine ID="eSc_line_dce3bf19"
                    TAGREFS="LT399"
                    BASELINE="337 186 679 188" 
                    HPOS="335"
                    VPOS="127"
                    WIDTH="343"
                    HEIGHT="70">
            <Shape><Polygon POINTS="336 185 335 197 677 193 678 187 678 138 633 138 629 136 609 128 608 128 606 128 555 135 528 137 500 132 474 128 473 128 471 128 464 132 453 136 440 131 430 127 429 127 427 127 426 127 415 130 395 136 387 130 385 127 384 127 382 127 381 127 336 127 336 185"/></Shape>
	    <String CONTENT="sera contre uous;"
                    HPOS="335"
                    VPOS="127"
                    WIDTH="343"
                    HEIGHT="70"></String>
          </TextLine>

          
          
          <TextLine ID="eSc_line_70f0ce32"
                    TAGREFS="LT399"
                    BASELINE="396 250 967 245" 
                    HPOS="396"
                    VPOS="192"
                    WIDTH="571"
                    HEIGHT="71">
            <Shape><Polygon POINTS="958 203 946 203 933 203 921 203 908 203 896 202 883 202 870 202 858 202 845 202 833 201 820 201 808 201 807 201 805 202 759 202 757 200 745 200 733 200 720 200 719 198 708 201 700 197 693 195 692 195 690 195 668 197 629 202 613 197 600 192 599 192 540 192 539 192 493 196 451 198 437 195 432 193 431 193 430 193 429 193 425 195 411 201 396 195 396 250 396 261 530 256 551 258 576 262 578 262 579 262 580 262 584 258 586 256 589 258 593 261 593 262 594 262 595 262 596 263 623 263 623 262 660 257 682 253 688 256 698 261 699 261 700 261 702 261 723 256 728 255 735 255 785 261 787 261 788 261 789 261 800 253 802 253 809 253 870 260 872 260 873 260 874 260 883 252 884 252 888 252 951 260 952 260 953 260 954 260 967 251 967 245 964 203 958 203"/></Shape>
	    <String CONTENT="O si ainsi promptz ⁊ uigilãs"
                    HPOS="396"
                    VPOS="192"
                    WIDTH="571"
                    HEIGHT="71"></String>
          </TextLine>

          
          
          <TextLine ID="eSc_line_8dd9989c"
                    TAGREFS="LT399"
                    BASELINE="336 310 968 302" 
                    HPOS="335"
                    VPOS="250"
                    WIDTH="633"
                    HEIGHT="70">
            <Shape><Polygon POINTS="335 261 336 310 336 313 360 320 361 320 424 313 440 312 450 313 483 318 484 318 485 318 486 318 494 313 496 312 525 313 643 317 644 317 645 317 655 312 661 310 967 310 968 302 964 256 832 260 812 256 788 250 787 250 785 250 784 250 777 256 767 262 650 262 623 256 614 253 613 253 611 253 610 253 605 256 588 263 569 256 561 252 560 252 559 252 466 253 465 253 464 253 461 256 446 266 416 266 387 256 386 256 340 256 335 261"/></Shape>
	    <String CONTENT="nous estiõs a procurer lhonneur"
                    HPOS="335"
                    VPOS="250"
                    WIDTH="633"
                    HEIGHT="70"></String>
          </TextLine>

          
          
          <TextLine ID="eSc_line_ea64fbcd"
                    TAGREFS="LT399"
                    BASELINE="336 365 969 358" 
                    HPOS="335"
                    VPOS="306"
                    WIDTH="634"
                    HEIGHT="71">
            <Shape><Polygon POINTS="336 365 336 370 375 377 376 377 464 370 529 370 538 376 539 376 540 376 541 376 588 368 595 375 596 375 598 375 599 375 674 368 714 375 715 375 717 375 718 375 728 367 757 373 758 373 870 372 872 372 884 366 958 372 959 372 961 372 962 372 969 365 969 358 967 308 939 306 938 306 937 306 932 308 918 316 906 310 901 307 899 307 898 307 897 307 896 307 896 308 893 310 885 316 843 311 817 308 815 308 814 308 813 308 813 310 810 312 804 317 743 313 714 312 713 312 712 312 710 312 708 315 699 320 634 320 629 316 609 308 608 308 606 308 605 308 588 317 584 320 580 317 565 310 564 310 484 310 483 310 481 310 456 318 427 311 426 311 425 311 424 311 422 311 422 312 414 320 401 312 400 312 399 312 349 311 347 311 346 311 345 311 345 312 335 321 336 365"/></Shape>
	    <String CONTENT="de dieu, cõme sont promptz ⁊ dili"
                    HPOS="335"
                    VPOS="306"
                    WIDTH="634"
                    HEIGHT="71"></String>
          </TextLine>

          
          
          <TextLine ID="eSc_line_41f59948"
                    TAGREFS="LT399"
                    BASELINE="339 420 968 416" 
                    HPOS="337"
                    VPOS="366"
                    WIDTH="631"
                    HEIGHT="66">
            <Shape><Polygon POINTS="339 420 339 432 421 431 422 431 424 431 435 425 611 429 723 430 724 430 744 426 759 422 763 425 767 429 768 429 769 429 770 429 788 425 800 422 804 425 810 429 812 429 813 429 814 429 967 421 968 416 967 375 944 366 943 366 942 366 941 366 912 373 911 373 813 366 812 366 810 366 809 366 798 373 793 368 792 368 790 368 789 368 762 372 745 376 654 376 645 372 634 367 633 367 631 367 609 371 593 375 575 371 558 367 556 367 445 370 444 370 442 370 431 376 337 370 339 420"/></Shape>
	    <String CONTENT="gens ces cõuoiteux marchãs de"
                    HPOS="337"
                    VPOS="366"
                    WIDTH="631"
                    HEIGHT="66"></String>
          </TextLine>

          
          
          <TextLine ID="eSc_line_662f634d"
                    TAGREFS="LT399"
                    BASELINE="336 479 971 471" 
                    HPOS="335"
                    VPOS="422"
                    WIDTH="636"
                    HEIGHT="67">
            <Shape><Polygon POINTS="336 479 336 489 931 485 971 476 971 471 967 427 902 430 875 427 840 422 839 422 838 422 825 427 812 432 749 432 739 427 733 424 732 424 730 424 729 424 723 427 710 434 621 434 613 427 611 426 611 425 610 425 609 425 558 425 556 425 555 425 554 425 553 427 541 436 505 436 476 427 474 426 473 426 471 426 460 427 401 432 335 427 336 479"/></Shape>
	    <String CONTENT="estre apres leur cas, pour biẽ gar-"
                    HPOS="335"
                    VPOS="422"
                    WIDTH="636"
                    HEIGHT="67"></String>
          </TextLine>

          
          
          <TextLine ID="eSc_line_144a003b"
                    TAGREFS="LT399"
                    BASELINE="335 535 971 531" 
                    HPOS="334"
                    VPOS="480"
                    WIDTH="637"
                    HEIGHT="70">
            <Shape><Polygon POINTS="335 535 335 539 354 547 355 547 356 547 407 540 420 550 421 550 422 550 424 550 520 542 543 550 544 550 545 550 605 539 655 539 668 549 669 549 670 549 672 549 673 549 705 539 739 549 740 549 742 549 743 549 759 541 767 547 768 547 769 547 770 549 855 549 855 547 857 547 878 539 917 544 918 544 971 535 971 531 968 489 908 480 907 480 865 489 859 490 857 489 847 480 845 480 844 480 757 480 755 480 695 489 679 492 656 492 653 490 641 481 640 481 639 481 638 481 636 481 604 490 595 492 530 492 528 490 520 484 520 482 519 482 518 482 516 482 515 482 501 490 496 492 471 490 430 486 429 486 427 486 426 486 426 487 422 490 420 494 379 494 376 490 367 484 367 482 366 482 365 482 364 482 362 482 334 490 335 535"/></Shape>
	    <String CONTENT="der que rien ne leur eschappe, las"
                    HPOS="334"
                    VPOS="480"
                    WIDTH="637"
                    HEIGHT="70"></String>
          </TextLine>

          
          
          <TextLine ID="eSc_line_73ab751d"
                    TAGREFS="LT399"
                    BASELINE="336 592 787 589" 
                    HPOS="335"
                    VPOS="536"
                    WIDTH="452"
                    HEIGHT="70">
            <Shape><Polygon POINTS="336 592 336 599 372 606 374 606 375 606 376 606 387 599 389 597 390 599 395 602 396 602 397 602 399 602 461 597 485 596 486 597 494 604 494 605 495 605 496 605 498 605 534 599 553 605 554 605 555 605 556 605 579 596 580 596 585 596 656 604 658 604 659 604 679 595 680 595 725 595 727 595 759 604 760 604 762 604 763 604 787 594 787 589 784 547 719 536 718 536 717 536 690 546 687 546 619 546 616 545 603 537 601 537 600 537 599 537 573 544 558 537 556 537 555 537 554 537 553 537 544 544 540 546 538 544 530 537 529 537 528 537 526 537 486 542 460 546 448 542 436 539 435 539 434 539 432 539 421 542 400 549 390 541 389 540 387 540 386 540 385 540 384 540 382 540 381 541 371 549 335 541 336 592"/></Shape>
	    <String CONTENT="que la chose iroyt bicn."
                    HPOS="335"
                    VPOS="536"
                    WIDTH="452"
                    HEIGHT="70"></String>
          </TextLine>

          
          
          <TextLine ID="eSc_line_9e16fc9b"
                    TAGREFS="LT399"
                    BASELINE="405 650 972 645" 
                    HPOS="404"
                    VPOS="594"
                    WIDTH="568"
                    HEIGHT="65">
            <Shape><Polygon POINTS="967 602 954 601 942 599 939 597 865 601 850 597 840 594 839 594 838 594 837 594 828 597 814 602 805 597 800 594 799 594 798 594 763 594 762 594 760 594 752 597 737 602 732 597 729 595 729 594 728 594 727 594 725 594 724 594 723 594 723 595 720 597 714 602 700 597 695 595 694 595 693 595 692 595 690 595 690 596 689 596 689 597 683 604 660 597 658 596 656 596 655 596 654 596 653 597 639 604 626 597 623 595 621 595 583 595 581 595 568 597 518 605 508 597 506 597 505 597 404 597 405 650 405 659 972 655 972 645 968 602 967 602"/></Shape>
	    <String CONTENT="De leur estude ⁊ diligẽce n est"
                    HPOS="404"
                    VPOS="594"
                    WIDTH="568"
                    HEIGHT="65"></String>
          </TextLine>

          
          
          <TextLine ID="eSc_line_263cf1f1"
                    TAGREFS="LT399"
                    BASELINE="336 705 969 702" 
                    HPOS="335"
                    VPOS="649"
                    WIDTH="634"
                    HEIGHT="68">
            <Shape><Polygon POINTS="435 650 434 650 422 650 410 650 374 650 372 650 335 656 336 705 336 711 519 717 520 717 521 717 531 714 538 711 548 714 566 717 568 717 595 714 615 711 623 714 630 717 631 717 633 717 634 717 646 714 664 710 682 715 689 716 690 716 692 717 757 717 757 716 758 716 759 716 760 715 767 710 908 716 919 716 921 716 922 716 923 716 931 710 967 716 969 702 967 654 867 649 865 649 864 649 854 654 853 655 850 654 840 649 839 649 838 649 837 649 835 649 828 654 820 659 805 654 799 652 798 652 797 652 795 652 794 652 794 654 793 654 789 657 783 654 775 649 774 649 773 649 772 649 770 649 750 655 740 657 729 655 710 649 709 649 708 649 707 649 693 655 683 659 658 655 631 651 630 651 629 651 628 651 623 655 614 660 535 656 471 652 470 652 469 652 460 656 453 660 446 656 436 650 435 650"/></Shape>
	    <String CONTENT="besoing de parler chascun le uoit,"
                    HPOS="335"
                    VPOS="649"
                    WIDTH="634"
                    HEIGHT="68"></String>
          </TextLine>

          
          
          <TextLine ID="eSc_line_19c00250"
                    TAGREFS="LT399"
                    BASELINE="337 763 973 759" 
                    HPOS="336"
                    VPOS="710"
                    WIDTH="637"
                    HEIGHT="66">
            <Shape><Polygon POINTS="337 763 337 771 381 776 382 776 384 776 385 776 391 771 396 769 450 769 454 771 461 776 463 776 464 776 465 776 466 776 468 776 476 770 480 769 516 769 523 770 545 776 546 776 548 776 549 776 570 770 578 768 583 770 596 775 598 775 599 775 600 775 601 775 601 774 606 769 608 769 615 775 616 775 618 775 619 776 759 776 759 775 760 775 775 768 778 766 789 768 830 773 832 773 833 773 857 766 860 766 864 766 904 774 906 774 972 765 973 759 968 711 948 719 874 719 867 711 865 711 864 711 863 711 858 711 808 717 757 711 738 710 737 710 735 710 734 710 732 711 719 720 661 720 640 712 634 710 633 710 631 710 630 710 624 712 609 717 589 712 580 710 579 710 578 710 565 712 539 717 505 712 493 711 491 711 490 711 489 711 489 712 488 712 480 720 461 712 458 711 456 711 411 711 410 711 409 711 405 712 392 720 381 712 379 711 377 711 376 711 375 711 336 712 337 763"/></Shape>
	    <String CONTENT="ilz ont cẽt yeulx tousioͬs au guet"
                    HPOS="336"
                    VPOS="710"
                    WIDTH="637"
                    HEIGHT="66"></String>
          </TextLine>

          
          
          <TextLine ID="eSc_line_66d6dc48"
                    TAGREFS="LT399"
                    BASELINE="337 820 971 816" 
                    HPOS="336"
                    VPOS="769"
                    WIDTH="635"
                    HEIGHT="64">
            <Shape><Polygon POINTS="337 820 339 833 356 826 494 826 500 831 501 833 503 833 504 833 505 833 528 830 584 825 591 830 593 831 594 831 595 831 596 831 969 825 971 816 967 769 336 773 337 820"/></Shape>
	    <String CONTENT="cõme le chat apres la souris, onc"
                    HPOS="336"
                    VPOS="769"
                    WIDTH="635"
                    HEIGHT="64"></String>
          </TextLine>

          
          
          <TextLine ID="eSc_line_52e14843"
                    TAGREFS="LT399"
                    BASELINE="339 878 971 873" 
                    HPOS="337"
                    VPOS="821"
                    WIDTH="634"
                    HEIGHT="68">
            <Shape><Polygon POINTS="339 878 339 884 344 889 345 889 346 889 347 889 391 883 491 889 493 889 526 881 539 888 540 888 541 888 574 881 743 886 744 886 971 876 971 873 968 833 875 821 848 821 847 821 845 821 844 821 844 823 835 830 820 825 819 825 818 825 817 825 815 825 808 831 807 833 797 831 754 823 753 823 752 823 728 830 720 833 713 830 684 823 683 823 682 823 629 830 600 834 588 830 581 828 580 828 579 828 561 830 539 833 529 829 513 824 511 824 510 824 435 825 434 825 425 829 409 835 337 829 339 878"/></Shape>
	    <String CONTENT="ques Ianus ne uit plus cler de-"
                    HPOS="337"
                    VPOS="821"
                    WIDTH="634"
                    HEIGHT="68"></String>
          </TextLine>

          
          
          <TextLine ID="eSc_line_46ac1e8d"
                    TAGREFS="LT399"
                    BASELINE="339 933 969 930" 
                    HPOS="339"
                    VPOS="879"
                    WIDTH="630"
                    HEIGHT="67">
            <Shape><Polygon POINTS="339 939 464 945 465 945 466 945 468 945 468 944 473 939 474 939 516 939 520 939 543 945 544 945 545 945 586 939 589 939 595 944 595 945 596 945 598 945 599 946 650 946 650 945 651 945 653 945 653 944 654 944 658 939 968 939 969 930 968 886 957 879 956 879 954 879 953 879 952 879 926 888 923 888 918 888 863 879 862 879 860 879 859 879 859 880 852 886 850 888 844 886 809 880 808 880 807 880 784 886 777 888 769 885 748 879 747 879 666 879 665 879 664 879 663 879 655 885 649 890 580 890 573 884 569 880 568 880 566 880 565 880 564 880 558 884 546 889 506 883 486 880 485 880 484 880 476 883 460 889 450 883 449 881 448 881 446 881 445 881 437 883 397 889 389 881 387 881 386 881 385 881 384 881 382 881 357 888 339 881 339 933 339 939"/></Shape>
	    <String CONTENT="uant ⁊ derriere. Si les cloches sõ"
                    HPOS="339"
                    VPOS="879"
                    WIDTH="630"
                    HEIGHT="67"></String>
          </TextLine>

          
          
          <TextLine ID="eSc_line_1f35af73"
                    TAGREFS="LT399"
                    BASELINE="339 990 972 988" 
                    HPOS="337"
                    VPOS="938"
                    WIDTH="635"
                    HEIGHT="67">
            <Shape><Polygon POINTS="339 990 339 996 449 996 470 1005 471 1005 473 1005 515 996 519 996 524 996 573 1003 574 1003 575 1003 576 1003 581 998 593 1005 594 1005 595 1005 596 1005 598 1005 616 996 618 996 690 996 693 998 704 1004 705 1004 707 1004 708 1004 709 1004 728 998 735 995 745 998 775 1004 777 1004 778 1004 794 998 800 995 807 998 819 1004 820 1004 822 1004 972 998 972 988 969 948 888 948 887 946 868 938 867 938 742 938 740 938 739 938 738 938 730 945 715 939 714 939 713 939 677 945 665 946 655 945 633 939 631 939 630 939 629 939 628 939 628 940 623 944 618 949 559 949 550 944 545 940 544 940 543 940 505 940 504 940 503 940 501 940 498 944 490 948 460 943 431 939 430 939 429 939 420 943 409 948 337 943 339 990"/></Shape>
	    <String CONTENT="nent en aucun lieus ainsi qͥlz par-"
                    HPOS="337"
                    VPOS="938"
                    WIDTH="635"
                    HEIGHT="67"></String>
          </TextLine>

          
          
          <TextLine ID="eSc_line_a5c81e48"
                    TAGREFS="LT399"
                    BASELINE="339 1046 971 1044" 
                    HPOS="337"
                    VPOS="995"
                    WIDTH="634"
                    HEIGHT="66">
            <Shape><Polygon POINTS="339 1046 339 1054 351 1060 352 1060 354 1060 355 1060 356 1060 364 1054 365 1054 415 1054 417 1054 453 1061 454 1061 455 1061 456 1061 465 1054 479 1060 480 1060 481 1060 543 1054 544 1054 611 1061 613 1061 650 1053 654 1053 717 1053 724 1059 724 1060 725 1060 727 1060 728 1060 788 1053 790 1053 792 1053 819 1060 820 1060 822 1061 922 1061 922 1060 969 1051 971 1044 968 1006 916 1006 914 1005 908 999 907 999 906 999 904 999 903 999 890 1005 879 995 878 995 877 995 875 995 835 996 834 996 833 996 822 1004 819 1005 729 1005 727 1004 708 995 707 995 705 995 704 995 703 995 694 1001 688 995 687 995 685 995 684 995 643 996 641 996 628 1003 618 1008 574 1008 569 1001 564 998 564 996 563 996 561 996 560 996 531 1001 504 1006 480 1001 471 999 470 999 469 999 468 999 463 1001 456 1004 453 1000 448 996 446 996 445 996 444 996 421 1000 402 1004 389 1000 377 996 376 996 375 996 337 999 339 1046"/></Shape>
	    <String CONTENT="l ent, pour ung obit, ⁊ gentilz ga-"
                    HPOS="337"
                    VPOS="995"
                    WIDTH="634"
                    HEIGHT="66"></String>
          </TextLine>

          
          
          <TextLine ID="eSc_line_7ca06a19"
                    TAGREFS="LT399"
                    BASELINE="339 1103 971 1105" 
                    HPOS="337"
                    VPOS="1053"
                    WIDTH="634"
                    HEIGHT="65">
            <Shape><Polygon POINTS="966 1064 923 1064 922 1063 904 1054 903 1054 902 1054 870 1060 780 1054 779 1054 778 1054 777 1054 769 1060 765 1063 759 1060 745 1054 744 1054 743 1054 719 1059 712 1060 700 1059 673 1054 672 1054 649 1058 628 1061 621 1058 616 1053 615 1053 614 1053 613 1053 611 1053 599 1056 585 1063 473 1063 463 1054 461 1054 460 1054 459 1054 453 1054 389 1061 339 1053 339 1103 337 1110 649 1110 663 1116 664 1116 665 1118 745 1118 745 1116 747 1116 748 1116 758 1110 833 1116 834 1116 931 1110 944 1116 946 1116 947 1116 948 1116 969 1109 971 1105 969 1101 966 1064"/></Shape>
	    <String CONTENT="lans de courir, mais dieu scait"
                    HPOS="337"
                    VPOS="1053"
                    WIDTH="634"
                    HEIGHT="65"></String>
          </TextLine>

          
          
          <TextLine ID="eSc_line_aedea364"
                    TAGREFS="LT399"
                    BASELINE="340 1162 619 1162" 
                    HPOS="340"
                    VPOS="1110"
                    WIDTH="279"
                    HEIGHT="65">
            <Shape><Polygon POINTS="340 1175 386 1169 420 1174 424 1174 425 1174 431 1174 479 1168 494 1173 504 1175 505 1175 506 1175 508 1175 509 1175 514 1172 520 1168 526 1172 534 1175 535 1175 536 1175 619 1169 619 1162 619 1124 570 1124 566 1121 549 1114 548 1114 546 1114 545 1114 524 1120 516 1123 511 1120 498 1111 496 1111 495 1111 417 1110 416 1110 415 1110 414 1110 406 1116 400 1121 362 1116 361 1116 360 1116 359 1116 351 1121 342 1115 340 1162 340 1175"/></Shape>
	    <String CONTENT="qu elle drages."
                    HPOS="340"
                    VPOS="1110"
                    WIDTH="279"
                    HEIGHT="65"></String>
          </TextLine>

          
          
          <TextLine ID="eSc_line_38b95a2f"
                    TAGREFS="LT399"
                    BASELINE="381 1222 969 1219" 
                    HPOS="380"
                    VPOS="1165"
                    WIDTH="589"
                    HEIGHT="62">
            <Shape><Polygon POINTS="961 1175 884 1175 870 1167 869 1167 868 1167 867 1167 865 1167 864 1167 854 1175 767 1175 758 1167 758 1165 757 1165 755 1165 708 1165 707 1165 660 1175 593 1167 591 1167 514 1175 490 1167 489 1167 404 1167 402 1167 401 1167 380 1175 381 1222 381 1227 969 1225 969 1219 967 1182 961 1175"/></Shape>
	    <String CONTENT="Si le maistre ou la dame d une"
                    HPOS="380"
                    VPOS="1165"
                    WIDTH="589"
                    HEIGHT="62"></String>
          </TextLine>

          
          
          <TextLine ID="eSc_line_8fb5eabe"
                    TAGREFS="LT399"
                    BASELINE="339 1275 968 1278" 
                    HPOS="337"
                    VPOS="1220"
                    WIDTH="631"
                    HEIGHT="78">
            <Shape><Polygon POINTS="630 1222 626 1222 614 1222 601 1222 591 1222 590 1222 589 1222 588 1222 583 1225 573 1232 563 1225 563 1224 561 1224 560 1224 559 1224 554 1224 530 1229 514 1224 506 1222 505 1222 504 1222 503 1222 496 1223 470 1232 451 1223 449 1222 448 1222 439 1222 426 1222 417 1222 416 1222 415 1222 414 1222 399 1233 374 1233 340 1220 339 1275 337 1288 367 1288 377 1295 379 1295 380 1295 381 1295 382 1295 397 1288 420 1295 421 1295 422 1295 424 1295 454 1288 469 1295 470 1295 471 1295 538 1288 544 1288 558 1288 730 1297 732 1297 733 1297 734 1297 744 1289 758 1297 759 1297 760 1298 847 1298 847 1297 848 1297 849 1297 857 1290 864 1297 865 1297 867 1297 868 1297 869 1297 885 1290 941 1297 942 1297 943 1297 967 1289 968 1278 968 1234 939 1227 938 1227 937 1227 936 1227 917 1233 916 1233 914 1233 897 1223 896 1223 894 1223 855 1230 848 1224 848 1223 847 1223 845 1223 809 1223 808 1223 807 1223 805 1223 794 1230 788 1234 694 1234 679 1228 666 1223 665 1223 664 1223 663 1223 661 1223 656 1227 651 1232 641 1227 631 1222 630 1222"/></Shape>
	    <String CONTENT="maisõ est malade, mais qͥlz soyẽt"
                    HPOS="337"
                    VPOS="1220"
                    WIDTH="631"
                    HEIGHT="78"></String>
          </TextLine>

          
        </TextBlock>
        
        <TextBlock HPOS="785"
                   VPOS="1302"
                   WIDTH="186"
                   HEIGHT="44"
                   ID="eSc_textblock_6f1b0aba"
                   TAGREFS="BT1079">
          <Shape><Polygon POINTS="785 1302 785 1346 971 1346 971 1302"/></Shape>
          
          
          <TextLine ID="eSc_line_5561ddc4"
                    TAGREFS="LT399"
                    BASELINE="802 1337 967 1334" 
                    HPOS="800"
                    VPOS="1290"
                    WIDTH="167"
                    HEIGHT="69">
            <Shape><Polygon POINTS="802 1337 802 1358 855 1359 857 1359 858 1359 872 1353 884 1348 897 1352 917 1357 918 1357 919 1357 967 1345 967 1334 964 1297 827 1290 825 1290 824 1290 800 1298 802 1337"/></Shape>
	    <String CONTENT="aucune-"
                    HPOS="800"
                    VPOS="1290"
                    WIDTH="167"
                    HEIGHT="69"></String>
          </TextLine>

          
        </TextBlock>
        

        
      </PrintSpace>
    </Page>
  </Layout>
</alto>
