1119 1502
131 125 636 66 aucunemẽt riches, car de poures

130 180 636 69 ne tiẽnent cõpte, ⁊ qu il y ayt ap-

130 237 636 69 parẽce de mort, ⁊ marchãs apres

130 294 637 63 pour recõmãder leur bouticq̃, leur

130 349 632 71 fabricque, l eglisc, le monstier q̃lq̃

128 408 639 68 fõdation, anniuersaire ou aultre

126 466 641 64 donatiõ testamẽtaire. On a beau

128 520 638 70 faire, iamais du licu ne partirõt,

125 579 642 68 qu ilz n ayent q̃lque butin, ⁊ dieu

126 634 640 70 scait quelles finesses, q̃lles faul-

127 695 635 67 setez ⁊ cautelles de iour en iour y

125 749 637 67 si cõmet. De la maison de la fa-

123 809 640 69 mille, ou des enfans, en pẽse qui

125 868 633 68 pourra, mais qu ilz ayẽt ce qu ilz

123 922 524 70 demandent, il leur suffist.

183 980 584 68 Si quelque gẽs se marient, et

122 1038 644 70 marchans la, pour uisiter le lict

123 1095 258 67 de l espousee.

186 1150 582 70 Si quelque fẽme est acouchee

127 1210 640 77 s gẽs apres, pour estre de la fesie.

463 1269 314 74 Cĩ Bres
