1120 1502
160 95 630 68 bles uẽtres, au simple populaire.

217 148 576 74 Miserables puis ie bien dire-

155 210 633 66 car sur la terre iamais ny eut gẽs

155 266 634 68 en toutes sortes plus malhcu-

154 321 635 70 reux. Ce q̃ ie dis est uerite, ainsi

154 381 634 70 que en bref tẽps si quelcun ne me

154 439 628 69 preuient i ay bien espoir en ung

150 496 635 69 particulier liure declarer, si aper-

151 553 637 70 temẽt que ung chascun le cõgnoi

150 613 635 65 stra; non pas pour desir ou afse-

146 667 640 71 ction de mesdire; mais affin q̃ de

144 725 638 69 telz faulx prophetes qͥ au dehors

145 783 632 64 semblẽt estre simples brebis ⁊ au

145 839 634 69 dedens sont loupz rauissans, les

145 896 636 71 brebis de Iesu christ se puissent

146 955 635 68 garder. Et aussi q̃ les ueritables

144 1015 635 67 brebis qui sõt parmy eulx car cer

145 1073 631 67 tes il en ya auec l ayde du grand

146 1130 560 70 pasteur s en puissent deliurer.

204 1189 565 72 Et ne fault point en cecy q̃ on

789 788 135 84 Mat...

459 1245 163 75 Ciini

657 1259 114 60 e ar-
