1119 1502
162 112 637 63 lũte de dieu. Ainsi que entre aul-

161 172 638 68 tres choses il appert du corps de

162 229 639 71 Moyse, lequel fut ensepuely de

161 287 633 67 dieu, ⁊ iusques au iour presẽt ia-

161 346 635 64 mais homme ne trouua son se-

160 399 634 69 pulchre, non obstant que le dia-

161 460 632 64 ble se soit efforce de le reueler et

158 516 633 67 monstrer; mais l ange de dieu luy

160 575 633 60 resista inuocquant contre luy la

160 630 627 68 puissance du seigneur, car certes

160 685 633 71 ce faulx serpent uouloit abuser

160 745 632 67 du corps, des os, et reliques du

161 802 631 66 sainct prophete, tachant la esle-

158 867 634 60 uer quelque lieu de deuotiõ, quel-

160 918 633 67 que beau pelerinage, ⁊ une plai-

160 977 631 58 sante et nouuelle maniere de ser-

157 1032 636 66 uir a dieu, aultre que celle qu il a

157 1087 631 69 commande, laquelle chose les

160 1149 631 67 prophetes par apres ne eussent

158 1211 630 66 peu condemner ⁊ reprendre sans

807 285 133 57 deut. It.

801 603 112 72 ude. ..

694 1264 98 70 estre
