1120 1502
387 125 448 61 ¶ Prologue de ¶

214 215 774 62 ¶ Le ꝓpos dõt a p̃sent est questiõ, est autãt

211 264 776 61 memorable ⁊ digne d estre cõgneu, q̃ nul au-

210 310 778 56 tre de quoy on sceust pler, ⁊ si est la matiere

211 355 777 61 de soy, tãt facile, tãt claire, ⁊ ueritable, q̃ de

209 403 778 58 toutes gẽs biẽ ayscemẽt sera entẽdue, uoire

209 456 773 54 certes, ⁊ des petis enfans, soyent a Paris-

209 496 776 62 ou a Lyõ, a Uenise, ou en Anuers, par tous

210 544 774 59 pays, terres et seigneuries; car force mar-

209 589 776 64 chans y a en chascun lieu, parquoy la chose

209 637 771 58 en sera plus euidẽte. Brief, po᷑ le tout dire-

207 683 776 61 cn ce liure, il n y a pas une difficulte Sorbo-

206 730 777 58 nicque. Mais seulemẽt aucũs abuz trop ma

205 774 780 59 nifestes sõt briefuemẽt touchez. Et pourtãt

207 822 776 62 qͥl n y ait si hardy qͥ alẽcõtre uiẽgne murmu-

205 871 773 57 rer, Autremẽt ex nũc ꝓut ex tunc et ecõtra-

206 917 774 54 cest adire, des maintenant cõme alors per-

206 965 776 58 emptoiremẽt il est cite, ad diem nisi ⁊c. pour

209 1012 773 51 cõparoir en la presence de la haulte maieste

206 1056 777 60 du preux ⁊ uenerable seig Pãtagruel, leq̃l

206 1103 777 61 droictemẽt en scaura iuger; car autresfois il

205 1151 775 59 a sentẽtie merueilleusemẽt au ꝓffit des par-

206 1199 767 58 ties, cõe il apꝑt en ses Annales ⁊ Croncq̃s.

209 1246 713 66 Dieu a tousiours en soit loue. Amen.
