1120 1501
133 120 642 71 que en la chose tẽporelle ⁊ ciuile

135 163 638 85 est honnorable, autant est il en la

132 221 642 84 chose spirituelle ⁊ diuine, maul-

130 280 639 83 dict ⁊ detestable. Et toutesfoys

127 340 642 82 dieu a permis en sa fureur, que au

126 397 641 80 lieu de bõs pasteurs ⁊ ueritables

123 451 641 80 ministres de sa saincte parolle-

126 510 641 84 soyent en l eglise suruenuz, ie ne

121 569 639 78 dis pas seulemẽt gros marchãs-

120 626 640 84 mais furteux larrons, ⁊ insatia-

118 686 423 75 bles l oupz rauissans.

182 740 577 86 Ne seroit il pas iuge trõpeur ⁊

115 796 644 87 larron, celuy qui uendroit la cho-

117 855 641 86 se qui n est pas sienne; ou qui par

115 918 643 80 subtil moyen au lieu dor ⁊ daraẽt

111 973 643 83 uẽdroit estain ou cuyure, ⁊ lache-

111 1030 637 78 teur seroit il pas trompe ⁊ deceuz

111 1088 641 85 Ainsi certes lõg tẽps y aau grãd

110 1149 640 83 detriment des ames, des corps, ⁊

110 1203 640 90 biẽs du pouure peuple, noꝰ en est

430 1282 312 75 A iii prinos
