980 1608
230 117 662 61 soit adnuncee/ publiee/ ⁊ p̃schee a tou¬

225 166 665 56 tes gens/ natiõs/ langues de quelque

227 209 661 53 estat/ sexe/ condition quilz soyent: en¬

230 257 654 59 semble les grãdes graces/ priuileges/

227 302 661 62 pardons/ ⁊ indulgẽces q̃ nostre sainct

230 356 657 50 pere ouurant tous les thresors de sa

226 400 661 55 bonte infinie donne ⁊ octroye a perpe¬

226 440 661 62 tuite a tous ceulx ⁊ celles qui serõt de

227 487 660 54 ceste tresexcellente confrairie, cõman

225 534 659 58 dant a tous ⁊ toutes de quelque estat

227 580 656 60 ⁊ conditiõ quilz soyẽt de ouyr ⁊ entẽ¬

225 631 659 55 dre ces beaulx ⁊ grans pardons ⁊ les

226 672 657 56 gaigner entrant en ceste confrairie: et

226 723 657 51 ce en uertu dobedience ⁊ sus la peine

223 767 657 53 de malediction ⁊ dãnation eternelle/

226 812 654 64 sans reseruer nully ap̃s la publicatiõ

226 862 656 59 desdictz pardons/ cõmande quon les

223 907 656 60 prẽgne ⁊ gaigne entrant ladicte con¬

223 952 647 61 frairie estant des confraires dicelle.

222 1002 661 51 Anathematizãt/ excõmuniãt/ ⁊ maul

225 1045 657 57 disant de malediction eternelle ledict

222 1093 658 62 nr̃e sainct pere de sa grande puissance

221 1144 658 49 et autorite tous ceulx et celles qui de

221 1188 658 58 faict et de certaine science et malice et

222 1235 658 51 meschãcete empescheront cõment quil

222 1279 657 82 soit la publication ⁊ adnunciation de

89 166 124 41 mar.16.

88 201 122 56 Actuũ.1.

83 360 127 58 Ephe.3.

81 816 138 71 marc.16.

81 1035 125 45 Luce.11.

83 1073 128 60 matt.23.

725 1329 150 57 ces tres¬
