980 1608
71 134 655 64 tous dung accord ⁊ dũg mesme uou¬

71 175 655 64 loir, uiẽnẽt a la saĩcte table du seigñr

84 223 639 67 Iesus a sa saincte cene, rõpãs le pain

72 269 649 70 daction de graces, en le prenãt ⁊ par¬

73 318 642 66 tissant entre eulx le mãgeans prenãs

73 367 656 55 et beuans aussi du calice en memoire

75 414 652 57 de la mort ⁊ passion du seigneur Ie¬

76 459 653 66 sus, qui a donne son corps pour nous

76 502 657 71 ⁊ a espandu son sang en remission de

75 549 655 66 noz pechez, affin que tous les cõfrai¬

76 597 657 67 res prenans de ce pain ⁊ beuans de ce

76 643 654 61 calice adnuncent la mort du seigneur

76 692 657 59 iusques a ce quil uiengne/ ⁊ par ainsi

79 737 654 68 perseuerent en la saincte parolle ⁊ do¬

77 783 657 65 ctrine de dieu, croissans tousiours de

76 830 655 59 bien en mieulx uiuãs plus puremẽt,

79 877 655 66 pourquoy ueult ⁊ ordonne nr̃e sainct

79 923 655 61 pere que tous les confraires qui uien

79 967 655 68 drõt a ceste saincte cene, ueritablemẽt

81 1014 653 70 soyent telz cõme ilz declairent en y ue

79 1066 657 60 nant, ⁊ quilz ayent uertu ⁊ puissance

81 1108 656 63 de perseuerer iusques a la fin, ne uou

80 1159 658 60 lant q̃ personne p̃sume en ceste saincte

81 1204 656 62 table faire ou dire aultrement que le

83 1251 653 63 souuerain pasteur ⁊ ĩstituteur dicelle

80 1298 656 70 nostre seigñr Iesus a ordõne ⁊ insti¬

730 253 142 49 matt.26.

733 293 138 52 marc.14.

734 336 136 55 Luce.22.

741 1251 133 59 Ezec.36.

741 1295 135 62 Actuũ.2.

569 1345 168 74 tue, ainsi
