980 1608
48 128 658 70 prent pour sainctete. Car nostre sainct

49 174 657 67 pere ne ueult que personne estime/ ne

48 223 651 61 croye/ ou pẽse aucune chose auoir sain

48 265 649 65 ctete fors q̃ par Iesus son filz en estãt

52 312 657 67 de ceste confrairie. Et aussi ne ueult

52 359 659 68 que personne soy die ne face semblant

52 410 654 65 destre des siens, fors que ainsi que le

54 451 652 66 souuerain de la saincte confrairie Ie¬

54 501 652 64 sus a ordonne quon tesmoingne ⁊ de¬

56 545 653 64 mõstre. Si sont declairees ⁊ sentẽcees

58 596 656 67 toutes aultres facons ⁊ obseruatiõs

57 640 642 70 que celles du seul sauueur Iesus erro

58 686 641 61 nees ⁊ hereticques/ ⁊ tous ceulx qͥ en

64 731 654 73 usent sont mauldictz ⁊ excõmuniez ⁊

63 775 652 77 anathematisez cõme hereticques ⁊ er¬

63 833 265 64 rans en la foy.

67 917 654 73 ¶ Item nostre sainct pere ueult ⁊ or¬

65 966 652 69 donne que tous les cõfraires lesquelz

68 1009 647 73 sont en Iesus par uraye ⁊ uifue foy

68 1058 643 66 ⁊ par ainsi ont la charite de dieu espã

69 1105 650 70 due en leurs cueurs par le sainct espe-

69 1153 650 69 rit qui leur est donne par ceste union

72 1196 650 70 en estant de ceste noble cõfrairie, quilz

75 1242 652 69 uisitẽt les sainctes statiõs lesquelles

72 1291 653 89 il a ordonne, non point de troutter ca

710 207 131 69 Hebre.9.

701 262 44 51 13.

710 422 107 49 Act̃.4.

714 502 110 70 Ioã.13.

710 632 127 58 1.tim̃.1.

703 678 38 68 6.

725 1047 119 67 Rom̃.5.

628 1338 99 63 ne la
