980 1608
53 112 660 51 aussi de leurs biens/ leur donnant a

50 155 657 56 boire. En la station des poures nudz/

50 207 659 56 les uestant. En la station des estran¬

52 247 655 58 giers qui nõt lieu pour soy retirer/ les

49 293 657 56 logeant. En la station des malades/

49 340 657 55 les uisitant et consolant. En la sta¬

50 391 659 51 tion des poures prisonniers/ les allãt

52 434 655 53 ueoir pour les conforter, distribuant

49 481 657 57 par tout de leurs biens comme ilz co¬

50 526 656 60 gnoissent expedient selon leur puis¬

49 573 657 52 sance, que toutes ces uisitatiõs ⁊ biẽs¬

48 619 658 61 faictz leur soyent reputez ⁊ cõptez cõe

49 665 657 62 silz lauoyẽt faict au grand ⁊ puissant

49 714 656 60 roy ⁊ seigñr nr̃e sauueur et redẽpteur

50 758 652 62 Iesus, qui poͬ nous est mort. Et cecy

49 806 653 59 ueult nostre sainct pere uiuemẽt ⁊ en

46 852 651 59 uertu estre donne entendre ⁊ expose a

44 897 651 58 tous les cõfraires, affin que de grand

45 948 657 57 couraige ⁊ ardente affection ilz soyẽt

45 992 653 57 enflambez a ayder ⁊ secourir a leurs

45 1038 657 63 prochains, ⁊ que autant quilz aymẽt

45 1085 657 62 nostre sauueur Iesus qui pour nous

44 1132 643 59 sest faict poure pour nous enrichir,

44 1181 657 49 dautant de grand cueur tant comme

41 1222 654 64 il est possible soyent promps a ayder

46 1273 651 81 ⁊ secourir a tous en toutes facons qͥlz

709 849 128 58 Ioan.13.

701 895 85 47 14.15.

707 971 130 59 Luce.10.

694 1134 127 72 1.coꝝ.8.

695 1228 122 71 1.Ioã.3.

612 1319 85 61 leur
