980 1608
272 112 658 54 leur peuẽt ayder de faict ⁊ de parolle

270 159 657 62 en lhonneur de dieu, desirant grande¬

270 205 659 60 ment nostre sainct pere que pour les

269 250 660 63 grandes graces ⁊ pardõs quil a dõne

269 297 661 60 a tous les cõfraires qͥlz trauaillent a

273 344 657 53 uisiter ces belles statiõs, faisãt toute

270 389 659 55 charite, nestans point ingratz ⁊ ne re¬

273 436 656 58 ceuant point la grace de nostre sainct

270 482 657 64 pere en uain mais ouurãs selon ycelle

272 531 225 54 en tout bien.

273 623 657 56 ¶ Item nõobstãt que toutes oeuures

272 670 658 62 de charite soyẽt cõprinses aux saĩctes

272 718 659 60 stations dessusdictes: car par ycelles

272 761 657 63 sont dõne entendre toutes les aultres

269 813 657 52 bonnes oeuures enuers le prochain/

270 854 661 63 neãtmoins affin que plus plainemẽt

274 900 655 67 soyẽt aduertis les confraires, ⁊ quilz

273 952 658 58 ayent pitie des poures captifz ⁊ de-

272 999 661 58 tenuz des infideles qui sont hors de

272 1039 659 61 ceste cõfrairie, ou qui estans de ladicte

273 1085 657 66 cõfrairie ont este surmõtez des enne¬

273 1132 658 65 mys par infirmite ou ignorãce mais

285 1177 646 66 ilz sont mis a rancon, que ung chascũ

278 1223 652 68 du thresor quilz ont en ces uaisseaulx

281 1271 649 74 de terre cõme dieu leur a donne eslar¬

134 312 128 69 Colos.3.

132 451 133 63 2.coꝝ.6.

134 1199 135 52 2.coꝝ.4.

135 1238 139 56 Rom̃.12.

135 1290 139 62 1.coꝝ.12.

796 1318 135 76 gissant
