1171 1706
106 170 710 56 seruez au seigñr Christ. Colos.3.d. Ephe.6.a.

149 208 706 64 Quiconques sont soubz la subiection de serui¬

105 254 750 54 tude/ quilz estiment leurs seigneurs dignes de tout

106 297 749 54 honneur: affin que le nom de nostre seigneur et sa

103 336 750 59 doctrine ne soit blasmee. Et ceulx qui ont seigneͬs

105 373 747 64 fideles/ quilz ne les desprisent point/ pource quilz

105 415 744 64 sont freres: mais plus tost quilz les seruent/ pour

101 454 747 59 ce quilz sont fideles et aymez/ lesquelz sont par¬

101 496 747 64 ticipans du benefice. Enseigne ces choses ⁊ admõ¬

99 541 363 53 neste. 1.Timothee.6.a.

142 575 706 64 Enhorte les seruiteurs quilz soient subiectz a

99 622 746 56 leurs seigneurs/ plaisans en toutes choses: non cõ

98 661 747 62 tredisans/ non deceuans: mais mõstrans toute bõ

98 700 745 64 ne foy/ affin que en toutes choses ilz ornent la do¬

98 750 606 50 ctrine de dieu nostre sauueur. Tite.2.b.

140 780 703 61 Uous seruiteͬs soyez subiectz en toute craincte

96 831 744 54 a uoz seigneurs: non seulement aux bons et mo¬

96 871 605 54 destes/ mais aux difficiles. 1.Pierre.2.c.

157 909 628 57 ¶ Item de la reuerence deue aux anciens.

139 949 701 57 Fays reuerence a la uieillesse/ ⁊ hõnore la per¬

96 989 743 67 sonne de lancien/ ⁊ crains le seigneur ton dieu. 3.

98 1039 210 54 Moyse.19.g.

136 1071 699 63 Sẽblablement uous ieunes soyez subiectz aux

93 1118 742 60 anciens/ uous assubiectissans tous les uns aux

91 1162 323 50 autres. 1.Pierre.5.b.

136 1194 700 59 Ne reprens point rudement lancien/ mais prie

91 1238 742 55 le cõme pere: les ieunes/ comme freres: les uieilles/

91 1276 742 68 cõme meres: les ieunes filles/ cõme soeurs: en tou¬

89 1324 448 63 te chastete/ ⁊c. 1.Timoth.5.a.
