1171 1706
338 159 751 57 cutent/ ⁊ qui faucemẽt imposent crimes: affin que

341 199 747 54 uous soyez filz de uostre pere qui est eis cieux/ leq̃l

341 238 747 63 faict leuer son soleil sur les bons ⁊ sur les mau¬

340 284 729 51 uais/ ⁊ enuoye pluye sur les iustes et iniustes ⁊c.

340 326 220 53 Matth.5.f.g.

382 359 706 57 Gardez que aucun ne rẽde mal pour mal: mais

338 409 750 53 ensuyuez tousiours ce qui est bon les uns uers les

340 446 550 54 autres/ ⁊ enuers tous. 1.Thessa.5.c.

382 484 705 60 Ne uous uengez point mes tresaymez: mais dõ

340 528 748 53 nez lieu a ire. Car il est escript: A moy est la uẽgeã

341 572 748 52 ce: ⁊ ie la rendray/ dit le Seigneur. Mais se tõ en¬

341 612 748 57 nemy a fain: dõne luy a mãger: Se il a soif: donne

341 651 746 55 luy a boire. Car en ce faisant: tu luy assembleras

340 693 748 53 charbons de feu sur la teste. Ne soye point uaincu

340 730 745 56 de mal: mais uaincs le mal par bien. Rom̃.12.d.

382 773 706 52 Courroucez uous: ⁊ ne pechez point. Le soleil

338 817 749 54 ne se couche point sur uostre courroux/ ne donnez

340 857 748 59 point lieu au diable ⁊c. Toute amertume/ ⁊ cour¬

338 901 749 58 roux/ ⁊ ire/ ⁊ crierie/ ⁊ blasme soyent ostez de uous

341 938 630 57 auec toute malice. Eph.4.f.g. Colos.3.b.

381 978 663 62 ¶ De pugnir appartiẽt seulemẽt aux iuges

379 1017 666 56 comme lieutenans de dieu/ qui par lordon¬

378 1060 664 61 nance diuine portẽt le glaiue/ punissans par

378 1108 667 46 amour de iustice ⁊ non par courroux/ comme

381 1150 577 48 appert. 2.Cronique.19.c. Rom̃.13.a.b.

435 1192 555 70 ¶ Sur le .uii. cõmandement.

428 1248 562 74 ¶ De adultere/ ⁊ paillardise.

381 1303 703 83 Quiconque aura cõmis adultere auec la fẽme
