1171 1706
321 142 753 71 corps. Mais qui est adioinct au seigñr/ est un espe

322 199 752 55 rit. Fuyez paillardise. Tout peche/ que lhomme

325 235 747 69 faict/ est hors du corps/ mais qui paillarde/ peche

324 282 514 54 en son propre corps. 1.Corin.6.d.

365 319 712 56 Ceste est la uolunte de Dieu/ uostre sanctifica-

324 365 751 54 tion: que uous uous absteniez de paillardise/ a ce

325 405 753 57 q̃ un chascun de uous sache posseder son uaisseau

325 444 749 55 en sanctification ⁊ honneur: non point en passion

328 484 749 59 de desirs/ ainsi cõme les gentilz/ lesquelz ignorent

328 530 750 58 dieu ⁊c. Car dieu ne nous a point appelle a ordure:

330 568 573 56 mais a sanctification. 1.Thessa.4.a.

374 611 703 60 Les iniustes/ les paillardz/ ceux qui seruẽt aux

328 651 751 55 tmages/ les adulteres/ les uoluptueux/ les bou-

331 688 746 68 gerons/ les larrõs/ les auaricieux/ les yurõgnes/

330 730 752 67 les maldisans/ les rauisseurs ne possederõt point

331 779 494 56 le royaume de dieu. 1.Corin.6.b.

374 816 708 61 Paillardise ⁊ ordure quelcõque/ ou auarice/ ne

332 857 750 64 soit point nõmee entre uous/ ainsi quil est conue-

331 901 751 58 nable aux sainctz: ou chose uillaine ⁊ folles pa-

331 936 753 60 rolles/ ou farcerie/ qui ne cõuiennent point: mais

334 978 748 65 plus tost action de graces. Car sachez ce/ ⁊ entẽdez

334 1019 751 64 que nul paillard/ ou souille/ ou auaricieux qui est

337 1060 747 64 seruiteur des idoles: na point dheritage au royau-

335 1107 561 54 me de Christ/ ⁊ de Dieu. Ephe.5.a.

378 1145 710 56 Cheminõs hõnestemẽt cõme par iour/ nõ point

337 1184 748 64 en gourmãdises ⁊ yurõgneries/ nõ poĩt en couches

340 1232 448 56 ⁊ luxures ⁊c. Romains.13.d.

381 1262 707 62 Mariage est entre tous hõnorable/ ⁊ la couche

340 1305 744 75 sans macule. Mais Dieu iugera les paillardz ⁊
