1171 1706
357 130 728 59 Il nest rien plus mauuais que lauaricieux.

317 179 764 55 Terre ⁊ cẽdre pourquoy te enorgueillis tu? Il nest

318 228 756 47 chose plus inique q̃ aymer largẽt. Car aussi cestuy

317 265 619 56 met son ame en uente. Ecclesiastic.10.b.

361 301 718 55 Lauaricieux met toute sa maison en trouble: et

317 345 677 50 celuy uiura qui hait les dons. Prouer.15.c.

361 386 716 57 Uoyez/ et uous gardez dauarice: car la uie dun

317 426 761 60 chascun nest point en abondance des choses quil

321 470 287 54 possede. Luc.12.b.

362 504 716 61 Ie uous dy en uerite/ que a grand difficulte le

317 554 757 47 riche entrera au royaume des cieux. Et de rechief/

318 589 760 53 ie uous dy: Il est plus facile que un chameau en-

318 639 759 44 tre par le pertuys dune aguille/ que un riche en-

317 679 761 50 tre au royaume des cieux. Matthi.19.c. Marc

320 719 237 47 10.b. Luc.18.d.

359 754 718 62 Ne faictes point uoz thresors en la terre: la ou

317 800 761 50 la rouillure ⁊ tigne corrompt/ ⁊ la ou les larrons

317 840 758 55 effouyssent ⁊ desrobent: mais faictes uoz thresors

318 884 759 54 au ciel/ la ou ne la rouillure ne la tigne ne corrõpt

317 924 760 51 rien/ ⁊ la ou les larrons ne effouissent/ ⁊ ne desro-

318 966 759 50 bent point. Certes la ou est uostre thresor/ la est

318 1009 757 48 uostre coeur/ la lumiere de ton corps/ cest ton oeil.

315 1047 760 57 Donc se ton oeil est simple/ tout ton corps sera lu

317 1094 754 50 mineux: mais se ton oeil est mauuais/ tout ton

315 1135 720 47 corps sera tenebreux ⁊c. Matth.6.c. Luc.12.d.

357 1172 717 53 Piete auec souffisãce est grãd gaing. Car nous

314 1215 755 54 nauons rien aporte en ce monde. Il est maniseste q̃

314 1258 758 51 rien aussi nen pouons emporter. Mais nous ayãs

295 1296 774 80 nourrissemens ⁊ dequoy puissions estre couuers/
