1171 1706
101 139 759 65 soyons contens de ces choses. Car ceux qui ueul¬

99 194 763 50 lent estre riches/ tombẽt en la tentation ⁊ aux laqs

101 233 759 55 du diable/ ⁊ en plusieurs desirs folz ⁊ nuisãs/ les¬

101 272 759 57 quelz plongẽt les hommes en mort ⁊ en perdition.

99 317 756 52 Car la racine de tous maux/ est cõuoitise de riches

101 353 759 53 ses: laquelle aucuns appetans/ ont erre en la foy/ ⁊

102 402 761 44 se sõt enueloppez en plusieurs doleurs. 1.Tim̃.6.c

142 443 720 44 Uoz meurs soyẽt sans auarice. Soyez cõtens

101 476 759 61 des choses presentes. Car luy mesme a dit: Ie ne te

101 523 754 52 laisseray point/ ⁊ ne te abãdonneray point: tant q̃

98 565 762 47 nous pouons dire en fiãce: Le Seigneur dieu mest

101 601 754 61 adiuteur/ ie ne craindray chose que lhõme me puis

105 644 307 54 se faire. Heb.13.a.b.

146 688 713 51 Un chascun est tente/ attire/ ⁊ incite par sa con¬

101 726 761 51 cupiscence. Puis apres quand la concupiscence a

101 774 759 49 conceu: elle enfante peche: ⁊ peche quãd il aura este

103 811 656 49 consumme/ il engendre mort. Iacques.1.b.

133 854 732 47 Se aucun ayme le mõde/ la charite du pere nest

102 899 761 52 point en luy. Car tout ce qui est au monde est cõcu

102 936 760 56 piscence de chair/ ⁊ cõcupiscẽce des yeux/ ⁊ orgueil

102 979 760 48 de uie/ qui nest point du pere: mais est du mõde. Et

105 1025 760 48 le monde passe/ ⁊ sa concupiscence. Et qui faict la

105 1064 757 47 uolunte de dieu/ demoure eternellemẽt. 1.Ieh.2.c.

135 1104 728 53 Charite nest point ãbitieuse/ elle ne cerche point

108 1144 417 53 ses prouffitz. 1.Corin.14.b.

146 1182 714 63 Nul ne soit cerchant son bien: mais le biẽ dau¬

105 1226 287 52 truy. 1.Corin.10.f.

149 1263 713 61 Que ꝓuffite il a lhõme sil gaigne tout le mon

102 1307 696 67 de: ⁊ il seuffre detrimẽt a son ame? Mat.16.d.

581 1353 144 74 G .iiii.
