1171 1706
301 119 773 60 cela tous cõgnoistront q̃ uous estes mes disciples/

303 160 582 53 que uous auez dilection lun a lautre.

522 211 331 57 ¶ Item. 1.Iehan.4.d.

345 257 729 51 Nous donc aymons le: car iceluy premier nous

303 301 772 57 a ayme. Se aucun dit: ie ayme dieu/ ⁊ il hayt sõ fre

300 336 772 63 re: il est menteur. Car qui nayme point son frere

303 386 769 54 quil uoit/ comment poeut il aymer Dieu/ quil ne

303 429 769 52 uoit point: Et nous auons ce commandemẽt: que

297 466 733 64 celuy qui ayme dieu/ quil ayme aussi son frere.

479 523 427 52 ¶ Sainct Paul. Rom̃.13.c.

344 562 728 60 Ne deuez rien a personne: sinon que uous ay-

301 608 771 51 miez lun lautre. Car qui ayme son prochain: il a

301 649 770 58 accomply la loy. Car tu ne seras point adultere.

303 690 729 57 Tu ne occiras point. Tu ne desroberas point.

303 732 766 54 Tu ne diras point faux tesmoignage. Tu ne cõ-

301 776 768 49 uoiteras point. Et sil y a aucun autre comman-

301 814 770 60 dement: il est sommairement cõpris en ceste parol-

301 855 770 56 le: cest ascauoir. Tu aymeras ton prochain com-

301 899 766 57 me toymesme. La dilection ne faict au prochain

301 945 766 54 nul mal. La consummation donc de la loy/ est

303 982 158 48 dilection.

554 1040 295 53 ¶ Item Gala.5.c.

340 1086 729 54 Toute la loy est accomplie en une parolle: Tu

304 1128 642 57 aymeras ton prochain comme toymesme.

517 1194 358 58 ¶ Item 1.Timoth.1.a.

345 1251 722 55 La fin du commandement est charite/ de coeur

304 1296 699 71 pur/ ⁊ de bonne conscience/ ⁊ de foy non feinte.
