1171 1706
176 159 593 57 la garder songneusemẽt sans decliner

176 201 336 52 a dextre ou a senestre.

152 268 701 60 Uous ne adiousterez aux parolles/

98 324 758 66 lesquelles moymesme uous cõmande ⁊

98 379 757 73 ⁊ nen diminuerez dicelles. 5.Moy.4.a.

170 436 686 71 Toutes les parolles lesq̃lles moy¬

98 494 759 70 mesme ie uous cõmande/ uous les gar¬

99 550 761 74 derez pour les faire sãs adiouster a icel

99 609 756 70 les ne diminuer dicelles. 5.Moy.12.d.

160 662 697 74 Uous les garderez pour les faire/ cõ¬

101 723 756 66 me Leternel uostre dieu les a comman

102 780 755 74 de/ sans decliner ne a dextre ne a sene¬

106 838 420 70 stre. 5.Moyse.5.d.

175 892 685 80 Tu ne adiousteras poĩt a ses parol¬

105 955 754 74 les/ affin quil ne te reprenne/ ⁊ que soye

108 1016 624 61 trouue menteur. Prouer.30.a.

175 1066 691 78 Ia soit que nous/ ou un ange du ciel

109 1128 756 64 uous euangelize autrement que ce que

110 1185 755 70 nous uous auons euangelize: il soit en

110 1242 757 71 malediction. Ainsi que nous auons dit

112 1297 751 90 deuant: ⁊ maintenãt encore ie le dy: Se
