1171 1706
220 174 492 53 qui pareillement ont este benites

348 213 238 47 en lescripture.

135 245 713 64 Ioachin le grand prestre uint de Hierusalem

85 292 765 50 en Bethulie auec tous ses prestres pour ueoir Iu¬

85 332 763 54 dith. Et quãd elle fut uenue uers luy: ilz la benei¬

83 381 765 45 rent/ disãs tous dune uoix: Tu es la gloire de Hie¬

85 416 761 51 rusalem/ tu es la liesse de Israel: tu es lhõneur de

82 457 768 60 nr̃e peuple: qͥ as ouure uirilement/ et ton coeur a

83 504 762 54 este conforte/ pour ce que tu as ayme chastete/ ⁊ que

85 545 758 47 apres ton mary/ tu nen a point congneu dautre:

85 581 761 60 pourtant aussi ta conforte la main du seigneur: et

83 625 760 55 pource seras tu ditte bienheureuse eternellement.

82 665 761 65 Et tout le peuple dit: Ainsi soit il: Ainsi soit il.

88 705 200 54 Iudith.15.d.

115 746 730 57 Beneite soit entre les femmes/ Iael la femme de

83 787 730 64 Aber Cyneen/ ⁊ soit beneite en son tabernacle.

89 831 178 54 Iuges.5.d.

125 871 720 57 Lia dit: Cest pour ma beatitude. Car les fẽmes

82 914 541 49 me diront bienheureuse. Geñ.30.b.

128 955 715 57 O fille tu es benite/ du seigneͬ le Dieu souue¬

83 999 760 61 rain par dessus toutes les femmes/ qui sont sur la

86 1037 298 63 terre. Iudith.13.c.

220 1125 492 59 ¶ Pour laquelle cause la uierge

300 1165 334 56 Marie fut dicte bien¬

387 1208 160 48 heureuse.

132 1245 713 54 Beneite es tu qui a creu: car les choses qui

86 1286 781 68 te ont este dittes du seigneur Dieu/ seront parfai¬

88 1329 244 65 ctes. Luc.1.e.
