1171 1706
436 147 562 53 ¶ Cõment aussi seront bienheureux

435 191 474 50 ceux qui croiront a la parolle.

354 221 727 67 Bienheureux est le uẽtre qui ta porte: ⁊ les mã-

313 268 765 67 melles que tu as succees. Et iceluy dit: Mais cer-

314 315 764 61 tes/ bienheureux sont ceux qui oyent la parolle de

315 356 447 52 dieu/ ⁊ la gardent. Luc.11.d.

385 392 619 67 ¶ Admonition quãd on se assemble pour

432 439 517 57 enseigner/ ou prendre sa refection.

359 473 722 64 Quãd uous cõuenez ensemble/ un chascun de

318 516 763 69 uoꝰ a psalme/ il a doctrine/ il a lãguaige/ ⁊ il a re-

315 562 764 66 uelation/ il a interpretation: toute chose soit faicte

317 608 439 53 a edification. 1.Corin.14.e.

359 638 723 68 Donc soit que uous mangez/ soit que uoꝰ beu-

317 682 765 65 uez/ ou que uous faciez quelque autre chose: fai-

317 725 761 61 ctes les toutes/ pour la gloire de dieu. 1.Cor.10.c.

361 769 721 62 Certes lesperit dit manifestement que aux der-

317 810 767 65 niers tẽps/ aucuns delaisserõt la foy prestans lau-

318 855 764 63 reille aux esperitz derreur: ⁊ aux doctrines des dia-

318 891 764 68 bles/ par lhypocrisie de ceux qui parlent menson-

320 934 758 68 ges ⁊ ont leur consciẽce cauterizee/ defendans soy

320 975 764 65 marier/ cõmandãs de se abstenir des uiandes les-

321 1022 763 55 quelles dieu a cree pour en user auec action de gra-

320 1059 761 65 ces aux fideles/ ⁊ a ceux qui ont cõgneu la uerite.

321 1103 763 58 Car toute creature de dieu est bonne: ⁊ nulle nest a

320 1145 761 63 reiecter de laquelle on use auec actiõ de graces. Car

321 1185 760 67 elle est sanctifiee par la parolle de dieu/ ⁊ par orai-

325 1234 322 61 son. 1.Timothee.4.

539 1263 314 67 Exemple de Christ.

365 1309 719 78 Iesus print du pain/ ⁊ en rẽdant graces le rom-
