1171 1706
91 147 758 54 pit ⁊ le donna a ses disciples ⁊c. Et quãd ilz eurent

91 187 675 60 dit la louenge/ ilz se partirent. Matth.26.c.

126 238 679 67 ¶ Forme doraison deuant le repas.

129 298 719 61 Dieu ayt pitie de nous: ⁊ nous benye/ ⁊ face re¬

86 344 757 54 luyre sa face sur nous. Affin que lon cõgnoisse en

86 386 757 63 la terre ta uoye/ ⁊ entre toutes gẽs tõ salut. ps̈.67.a

392 429 145 50 ¶ Autre.

123 453 720 75 Toutes choses quelcõques/ q̃ uous faciez en pa

82 511 760 53 rolle/ ou en oeuure: faictes les toutes au nom de

81 551 761 63 nostre seigñr Iesus Christ/ rendans graces a dieu

83 595 447 61 ⁊ au pere par luy. Colos.3.c.

388 634 145 49 ¶ Autre.

120 668 718 67 Beneit soit dieu/ ⁊ le pere de nostre seigñr Iesus

79 715 760 58 Christ/ qui nous a beneit en toute benediction spiri

79 757 759 59 tuelle/ es choses celestes en Christ: selon ce qͥl nous

79 796 754 57 a esleu en luy deuãt la cõstitution du mõde: affin

81 840 754 57 que nous fussions sainctz/ ⁊ sans reprehension/ de¬

81 884 478 68 uant luy en charite. Ephe.1.a.

308 924 269 55 ¶ Autre oraison.

119 959 716 60 A celuy qui est puissant de faire toutes choses

78 1009 757 54 plus abondãment q̃ ne demandõs/ ne apperceuõs

78 1047 757 61 selon la puissance/ laquelle oeuure en nous: a ice¬

79 1088 753 56 luy soit gloire en leglise par Iesꝰ Christ/ en toutes

76 1127 753 67 les generatiõs du siecle des siecles. Amẽ. Eph.3.d

120 1171 669 64 ¶ Admonition/ pour la recongnoissance des

120 1215 473 53 biens que auons receu de dieu.

120 1252 710 58 Quand tu auras mange/ ⁊ que sera repeu: prẽs

79 1300 750 74 garde a toy que tu ne oublie Leternel/ lequel ta re

648 1340 64 67 H
