1171 1706
183 166 573 74 ¶ Aduertissement au lecteur/ pour les

295 217 349 50 noms des liures de la

359 257 230 57 saincte Bible.

143 335 723 57 ¶ Pour donner a congnoistre aux enfans les

93 389 762 43 noms des liures de la Bible/ icy les auons sub-

95 423 754 51 scritz. Mais cõsiderans la corruption ⁊ mutation

92 464 756 54 des noms/ qui souuẽt aduiẽnent (cõe dit Strabo)

92 507 758 53 eis langues estrangieres (ce que est escheu entre les

92 551 756 47 grecz des noms Hebrieux: dõt sen cõplaint Ioseph.

91 588 757 56 Et aussi S. Hierosme: tant des latins q̃ des grecz)

91 631 758 52 auõs tasche aucunemẽt icy restituer lesdictz noms

91 672 759 54 Hebrieux: a cause de leur et ymologie/ ⁊ significa-

91 712 757 57 tion/ qui nest point de petite utilite: pour mieux

91 753 758 51 entẽdre les histoires/ matieres/ ⁊ mysteres de lescri-

92 794 757 56 pture saincte. Cõme cy apres (dieu aydant) nous

93 845 756 40 demonstrerons amplement au cayer des interpre-

93 885 757 46 tations des noms propres/ contenus en la saincte

93 919 757 56 Eible. Au surplus pour la grande difficulte de la

92 961 757 51 prononciation de la langue estrangiere/ laquelle

93 1002 755 55 aucunesfoys ne se peut (cõme dit Pline) deument

95 1042 753 59 prononcer: auons suyui la plus doulce prononcia

135 1084 677 54 tion des Hebrieux/ qui est sans poinctz/ cõme

175 1125 593 59 iadis estoit: lappropriãt a nostre usai-

236 1172 472 54 ge/ en reiectant la rudesse/ ou

328 1208 295 61 trop superstitieuse

364 1249 215 58 orthographie

409 1290 117 59 dicelle.

614 1327 120 84 H .ii.
