1171 1706
520 147 299 60 ¶ Au Lecteur.

338 217 722 55 ¶ Pour enseigner les enfans a prononcer plus

295 261 762 50 correctemẽt: auõs diuise les lettres dun coste/ ⁊ les

295 304 765 51 motz de lautre/ a denotter q̃ premierement doiuent

298 344 762 54 apprẽdre a sõner les lettres q̃ les nõmer: ie appelle

298 389 760 46 le son/ b.f. sãs e: le mot /be/ ef. Ce qͥ se pourra faire/

298 427 762 52 quand on les accõmodera aux sons/ sibilations/ ⁊

303 470 757 54 souspirs: mais court ⁊ brief/ ⁊ subtilemẽt les pronõ

300 514 761 51 ceans/ sãs aucunemẽt trainer/ ne sõner la lettre .e.

301 551 760 51 masculine. Cõe quãd uoudras ꝓnõcer la lettre .s/

301 595 763 47 pourras ensuyuir le son ⁊ sibilation du serpent ou

301 636 761 52 oye/ mais courte ⁊ subite sans queue. Pour .r. la

301 676 761 50 uoix du chiẽ rechignãt. Pour .q. la uoix de lanet¬

300 725 764 42 te ou cãne: ⁊ ainsi consequãment des autres/ cõme

303 760 755 53 pourras feindre. Item poͬ la cõuenance du son qͥ

304 803 760 50 semble estre entre aucunes lr̃es on les doibt distin¬

303 844 764 54 ctemẽt ꝓnõcer: affin quon ne ꝓnonce .b/ pour .p/ c.

305 891 762 48 poͬ .s/ d. pour t/ g. poͬ. c/ s. pour .z/ u cõsonãt poͬ f/ ⁊

303 928 764 52 au cõtraire. Itẽ noteras en lãgue frãcoyse estre

305 966 762 56 plus de diphthõgues q̃ en grec ne en latin/ cõme est

305 1009 760 50 cy dessus escrit: lesq̃lles diligẽmẽt on doit aduertir

308 1049 761 57 pour les sõner. Itẽ en icelle lãgue/ cõe en Hebrieu

307 1091 761 56 auoir la lettre /e/ masculine ⁊ feminine: ainsi que

310 1134 757 54 auõs discerne par deux accẽtz ⁊ poinctes/ dont lun

311 1174 757 55 se appelle graue/ figure cõe une petite ligne abais¬

313 1221 756 52 sant le haut en arriere. Lautre est dit agu/ au con¬

311 1258 756 57 traire abaissant le deuãt. De ce/ exẽple en as en

311 1299 760 74 loraison dñicale: sur ce mot: Dõnè/ qui est du tẽps
