1171 1706
85 164 760 57 p̃sent/ a la differẽce du tẽps passe: Dõné/ cestadire

85 208 760 50 il a dõné. Autre exẽple/ du tẽps passe aux articles

88 248 757 59 sur ce mot: Resuscité/ ou est laccẽt agu poͬ la diffe¬

85 290 760 54 rẽce du tẽps present. Laq̃lle distinction est assez uti

88 331 754 50 le/ tãt pour les estrãgiers q̃ poͬ les enfãs du pays:

88 373 758 52 pour distinguer certain temps ⁊ differẽces de motz

88 415 752 49 doubteux/ signifiãs plusieͬs choses. Par ce moyen

89 456 759 55 pourrõt les enfãs euiter beaucop de solecismes ⁊ ui

88 497 761 50 ces/ tãt en escriuãt q̃ en ꝓnõceãt: cõme aucuns mal

88 538 760 53 instruictz/ disent espiritus/ pour spiritꝰ: escriptura/

89 581 760 51 pour scriptura: ⁊c. Que si telle cõsideration eut este

88 621 761 52 iadis obtenue: les motz q̃ auõs des latins usurpez/

89 666 763 51 nous fussent demourez entiers/ ⁊ non ainsi misera

91 702 755 57 blemẽt deschirez/ ⁊ corrõpus: tellemẽt q̃ a grãde dif

92 744 758 60 ficulte on recõgnoist maintenãt leur origine ⁊ ety¬

92 787 758 57 mologie. Item en nostre lãgue on pourra obser¬

95 827 757 53 uer (cõme anciennemẽt en latin ⁊ grec: et auiour¬

93 874 762 47 dhuy en toute Litalie: aĩsi q̃ appert eis oeuures de

95 911 757 54 Petrarche ⁊ Dantes) certaines figures/ tãt en ꝓse

96 955 759 55 que en rythme: cõme apostrophe qui est un terme

98 1000 755 52 grec q̃ nous pouõs appeller retraicte/ ou reuolte: ⁊

98 1036 757 52 a figure/ comme un traict courbe en forme de petit

96 1077 756 53 croyssant de lune/ les deux poinctes uers la main

101 1120 755 57 senestre. Et sert ladicte figure poͬ absorber ou en¬

98 1160 758 54 crer la uoyelle dedãs le mot ensuyuant: cõmẽceant

101 1202 754 53 par une uoyelle ou diphthõgue/ pour euiter la ru¬

102 1248 757 44 de ⁊ mauuaise pronõciation/ cõme as exemple au

103 1286 753 56 dix cõmandemẽs en ce mot: l'Eternel/ qͥ uaut autãt

99 1323 754 70 que le Eternel. Synaleiphe est une autre figure
