1171 1706
313 145 751 58 (principallemẽt ꝑmise aux factistes ⁊ rythmeurs) qͥ

313 196 755 49 peut estre dite raclure ou depositiõ/ soit de la uoyel

311 231 757 51 le ou de la cõsonnãte: pourtãt quelle oste la dernie

313 278 756 48 re lettre pour adoulcir la pronõciation: cõme pour

314 319 755 44 a grãde force/ disons a grãd' force: pour nous som

311 362 757 50 mes/ disons nou' sõmes/ mais non pas nou' auõs

314 398 754 49 pour nous auõs. Mais de ces figures en Quinti¬

313 444 756 50 lien/ en est escrit amplemẽt. Et si en attendons de

315 486 752 51 Iacques Siluius qui ia nous a ꝓmis de restituer

315 526 671 49 la langue frãcoyse: parquoy ie men deporte.

351 565 718 47 Item se doit accoustumer lenfant a droictement

317 609 751 50 pnoncer/ les lõgues ⁊ les brefues: cõme en ce mot

315 651 753 51 icy quotidien: se doit un petit plus arrester sur la

317 690 750 47 ꝓnõciation de ceste syllabe ti/ q̃ des autres: ⁊ abbre

318 736 750 48 ger /di. La longue dõc/ soit cõme un traict longuet

318 776 749 49 sur la lr̃e/ ⁊ la brefue cõe une poincte. Touchãt

315 816 750 52 des dix cõmandemẽs q̃ auõs restitue en leur ordre:

314 855 750 53 ce na point este faict sans lauctorite des anciens/

311 898 756 48 principalemẽt des Hebrieux ⁊ Grecz: notãment de

317 938 748 58 Ioseph en ses antiqͥtez/ ⁊ de Origene en Exode:

314 988 753 42 affin de donner a cõgnoistre lincõueniẽt qͥ est surue

311 1029 754 47 nu ⁊ plus grand ne pourroit (qui est idolatrie) car

311 1066 751 48 en ostãt le second/ ⁊ en faisant du dernier deux: on

313 1104 752 50 a corrompu ⁊ delaisse lintention du grand legisla¬

311 1148 753 51 teur nostre dieu/ qui est de ne auoir nulles images

311 1187 754 49 ne similitudes. En quoy faisant on la aussi grieue

314 1234 751 48 mẽt offẽse: ueu quil auoit estroictemẽt defendu/ de

313 1276 564 54 ne adiouster ne diminuer a sa parolle.

587 1313 165 67 ¶ La fin.
