1171 1706
224 159 494 71 M. A son bon frere Ant.

322 218 279 67 Son. Salut.

92 321 756 54 ¶ Trescher frere long tẽps y a q̃ tu desirois le petit

92 368 756 48 traicte des reigles/ ⁊ maniere de ꝓceder en nr̃e uul-

92 403 754 54 gaire francoys: quauoys ueu de la les Alpes/ tou-

91 452 754 48 chãt les sons ⁊ noms des lettres/ les apostrophes/

92 489 751 51 synaleiphes/ ⁊ accẽtz diuers/ q̃ auoit cõpile nostre

91 530 752 55 amy Pierre trebor/ instruisãt les adolescẽs de son

89 570 759 52 escole. Leq̃l certes est moult utile pour introduire

89 617 759 46 les ieunes enfãs a parfaicte prononciation ⁊ droĩ-

89 652 759 60 cte orthographie. Mais certes ie nay peu du tout

89 690 756 62 satisfaire a ton sainct desir: a cause que lesdictes

89 740 757 49 reigles/ ⁊ aussi le recueil daucuns passages de le-

92 779 751 58 scripture saincte ont este distraictz ⁊ perdus: exce-

89 821 754 56 pte ce petit/ q̃ tu uoys en ce liuret/ que nous auõs

88 862 757 56 rescou de la despouille. Lequel prẽdras en gre: attẽ

91 904 752 58 dãt q̃ iaye recouuert le residu/ ce q̃ se fera quãd nr̃e

89 941 754 54 dict frere ⁊ feal amy Pierre aura le tẽps ⁊ oportu-

88 986 755 53 nite de tout restituer. Laq̃lle chose nous attẽdõs de

89 1023 749 64 iour en iour/ par la grace de celuy qui poeut tout/

130 1067 669 58 ⁊ne cõfond ceux qͥ esperent en luy. Tu auras

172 1110 587 55 aussi pour excuse Limprimeur qui na

212 1150 509 59 point obserue la maniere descrire/

261 1197 409 49 ⁊ punctuer: par faute des

301 1235 332 50 caracteres qui nauoit

281 1272 290 51 ppresentement.

675 1265 134 82 tout.1

93 1261 181 69 En Dieu

281 1315 366 61 De Genesue .1 5 33.
