1171 1706
305 403 103 100 N

334 164 673 80 ¶ La forme doraison/ laquelle Iesus Christ

335 218 673 62 a enseigne aux siẽs/ les adressant uers dieu/

335 255 672 69 nostre cõmun pere/ pour obtenir toutes cho-

337 302 592 71 ses en son nom.  Matth.6.

412 382 534 82 Ostre pere/ qui es eis cieux/

406 439 429 78 ton nom soit sanctifie.

311 501 495 77 Ton royaume aduienne.

317 550 745 89 Ta uolunte soit faicte/ ainsi en la ter-

367 618 337 70 re comme au ciel.

308 662 754 91 Donnè nous au iourdhuy nostre pain

310 736 212 68 quotidien.

310 777 759 87 Et nous pardonnè noz offenses/ ainsi

310 841 754 87 que nous pardonnons a ceux qui nous

315 911 201 71 offensent.

314 953 737 83 Et ne nous induis point en tentation:

314 1012 644 75 Mais deliure nous du mauuais.

307 1066 764 88 ¶ Car a toy est le royaume/ ⁊ la puissãce/

322 1123 749 83 ⁊ la gloire eis siecles des siecles. Amẽ.

364 1179 670 74 ¶ Les articles de nostre foy/ lesquelz deuõs

364 1226 552 67 croire de cueur/ ⁊ confesser de bouche.

408 1262 663 85 E croy en Dieu le pere tout puissãt/

408 1326 533 81 createur du ciel ⁊ de la terre.

324 1299 78 115 I
