1171 1706
96 170 761 70 Et en Iesus Christ son seul filz/ nostre

157 226 190 65 seigneur.

99 275 758 76 Conceu du sainct Esperit/ nay de la

153 339 302 63 uierge Mariè.

101 392 752 75 Ayant souffert soubz Ponce Pilate/

156 456 692 67 crucifie/ mort/ ⁊ enseuely/ descẽdu aux

156 517 162 55 enfers.

101 565 654 67 Le tiers iour ressuscité des mortz/

101 628 755 68 Monté aux cieux/ seant a la dextre de

156 689 519 61 dieu le pere tout puissant/

103 739 747 72 Dont uiẽdra iuger les uifz ⁊ les mortz.

112 797 516 71 ¶ Ie croy au sainct esperit.

103 851 752 77 La saincte eglise uniuerselle/ la com¬

150 911 413 68 munion des sainctz/

103 968 486 69 La remission des pechez/

105 1030 529 63 La resurrection de la chair.

102 1087 481 67 La uie eternelle. Amen.

143 1195 673 66 ¶ Les dix cõmandemens de la loy: ainsi que

143 1251 670 55 le seigñr Dieu de mot a mot dõna a Moyse/

145 1292 674 50 escriptz de son doygt en deux tables/ demon¬

147 1337 671 60 strãs ce quil fault faire ⁊ non faire/ desquelz

617 1376 110 78 A .iii.
