1171 1706
489 153 394 47 ¶ Le .u. commandement.

368 190 706 70 Hõnore ton pere ⁊ ta mere/ affin que

308 245 761 73 tes iours soient prolongez sur la terre/

311 304 741 71 laquelle l'Eternel/ ton Dieu te donne.

355 396 676 67 ¶ La secõde table contiẽt autres cinq cõmã¬

425 446 529 55 demens/ cõcernans la dilection du

506 491 364 54 prochain/ pour lamour

611 533 155 47 de Dieu.

495 564 371 57 ¶ Le .ui. cõmandement.

385 612 414 61 Tu ne occiras point.

502 662 383 60 ¶ Le .uii. cõmandement.

388 709 541 64 Tu ne feras point adultere.

499 763 421 57 ¶ Le .uiii. commandement.

388 810 479 64 Tu ne desroberas point.

500 864 393 60 ¶ Le .ix. commandement.

385 905 683 74 Tu ne diras poĩt faux tesmoigna¬

315 966 450 71 ge contre ton prochain.

499 1019 378 55 ¶ Le .x. commandement.

384 1061 683 66 Tu ne conuoiteras point la maison

313 1120 754 67 de ton prochain. Tu ne conuoiteras la

314 1177 751 68 femme diceluy/ ne son seruiteur/ ne sa

314 1236 750 71 seruante/ ne son beuf/ ne son asne/ ne

311 1293 531 73 aucune chose qui soit à luy.
