1171 1706
106 437 94 87 E

157 170 681 50 ¶ Du mystere de lincarnation de nostre sei¬

156 213 677 55 gneur ⁊ seul sauueur Iesus Christ/ laquelle

155 253 677 54 fut annõcee a la uierge Marie/ par lãge Ga

155 290 582 54 briel/ ayant lors mandement de Dieu.

341 335 240 58 S. Luc. chap̃.1.

204 415 662 66 T quãd lãge paruint à elle/ il dit:

203 474 654 73 Ie te salue pleine de grace/ le Sei¬

103 528 759 71 gneur est auec toy/ tu es beneite entre

102 585 758 77 les femmes. Et quand icelle leut ouy/

99 642 763 71 elle fut troublee du propos diceluy/ et

98 703 761 74 pensoit quelle estoit ceste salutation. Et

96 754 757 80 lange luy dit: Marie ne crains point:

93 816 756 69 car tu as trouue grace deuant Dieu.

92 871 758 75 Uoicy tu conceueras en ton uentre/ et

89 928 756 77 enfãteras un filz/ ⁊ appelleras sõ nom

96 988 749 72 Iesus ⁊c. Item Elizabeth/ dit: Tu es be¬

86 1042 756 76 neite entre les femmes/ et beneit est le

91 1098 379 72 fruict de ton uentre.

240 1157 442 59 Lange a Ioseph. Matth.1.

136 1198 699 77 Elle enfantera un filz/ ⁊ appelleras

82 1255 748 85 son nom Iesus. Car il sauuera son peu¬

81 1313 370 80 ple de leurs pechez.
