1171 1706
367 142 627 72 ¶ Brieue declaration de loraison

431 199 502 72 dominicale/ extraicte des

519 255 326 76 escriptures sain-

617 322 108 56 ctes.

426 420 547 66 Premierement de loraison.

350 471 637 59 Seigneur/ enseigne nous a prier. Luc.11.a.

350 514 712 60 Demandez ⁊ on uous dõnera. Cerchez et uous

307 555 755 54 trouuerez. Frappez (a la porte) ⁊ on uous ouurira.

308 597 756 54 Car quiconque demande/ il recoit: ⁊ quicõque cer-

308 644 750 48 che/ il trouue: ⁊ a celuy qui frappe (a la porte) on

310 683 409 53 luy ouurira. Matth.7.b.

352 716 712 57 Et quãd tu prieras/ ne soys point cõme les hy-

311 762 754 56 pocrites. Car ilz aymẽt debout prier aux assẽblees

311 808 754 52 ⁊ aux coings des rues: affin quilz soyent ueuz des

314 844 750 57 hõmes. En uerite ie uous dy/ quilz ont receu leur

313 891 755 57 loyer. Mais toy/ quãt tu prieras/ entre en ta cham

313 929 756 54 bre: ⁊ clos lhuys/ ⁊ prie ton pere en secret: ⁊ ton pere

315 970 716 59 qui uoyt en secret/ le te rendra manifestement.

314 1017 755 53 Et quand uous prierez/ ne parlez point beaucoup/

315 1053 754 53 cõme les infideles. Car ilz cuidẽt estre exaucez par

317 1093 758 54 beaucoup de parolles. Ne soyez donc semblables

320 1134 752 55 a eux. Car uostre pere congnoit ce qui uous est be-

321 1178 751 56 soing: deuãt q̃ le requerez. Uous donc priez ainsi:

322 1222 464 56 Nostre pere ⁊c. Matth 6.a.b.

364 1255 711 61 Semblablement aussi lesperit ayde noz infir-

322 1300 753 74 mitez Car nous ne scauons point q̃lle chose nous
