1171 1706
81 193 757 47 uoz enfans des bons dons: cõbien plus uostre pete

82 233 754 58 qui est aux cieux/ donnera des biens a ceux qui le

79 274 389 55 requierent: Matth.7.b.

125 315 711 54 O Eternel/ tu esnostre pere/ ⁊ nostre redẽpteur/

82 359 539 53 ton nom est a perpetuite. Isaie.63.d.

123 400 715 50 O pere/ seigneur du ciel ⁊ de la terre/ ie te rends

83 440 755 56 graces que tu as absconse ces choses aux sages ⁊

81 483 758 51 prudens: ⁊ les as reuele aux petis. Certe pere/ tel a

81 521 757 57 este ton bon plaisir deuant toy. Toutes choses me

82 567 756 54 sont baillees par mon pere. Et nul na congneu le

83 605 753 57 filz/ sinon le pere: ne aussi nul na cõgneu le pere/

83 645 756 58 sinon le filz/ ⁊ celuy auquel le silz le uouldra re-

83 689 306 55 ueler. Matth.11.d.

126 732 714 49 Uoyez quelle charite le pere nous a donne: que

82 771 741 56 nous soyons nõmez enfans de Dieu. 1.Ioan.3.a.

126 813 716 52 Pourtant que uous estes filz/ Dieu a enuoye

83 855 759 50 lesperit de son filz en noz coeurs/ criant/ abba (cest

83 898 755 54 a dire) pere. Et par ainsi/ maintenãt nul nest serf/

83 938 756 58 mais filz. Si lors filz/ aussi heritier de Dieu par

86 982 306 51 Christ. Gala.4.a.

129 1019 713 57 Car quicõques sont menez de lesperit de Dieu/

86 1071 756 46 iceux sont filz de Dieu. Car uous nauez point re-

86 1106 756 49 ceu lesperit de seruitude poͬ estre encore en crainte:

86 1145 757 52 mais uous auez receu lesperit dadoption/ par leq̃l

88 1188 754 50 nous crions, abba/ pere. Iceluy esperit rẽd tesmoi-

89 1231 754 54 gnage auec nostre esperit: que nous sommes enfãs

89 1276 756 50 de Dieu. Et se nous sommes enfans/ nous sõmes

91 1313 754 50 aussi heritiers/ heritiers certes de Dieu/ ⁊ coheri-

92 1353 413 64 tiers de Christ. Roma.8.c.
