<?xml version="1.0" encoding="UTF-8"?>
<alto xmlns:xsi="http://www.w3.org/2001/XMLSchema-instance"
      xmlns="http://www.loc.gov/standards/alto/ns-v4#"
      xsi:schemaLocation="http://www.loc.gov/standards/alto/ns-v4# http://www.loc.gov/standards/alto/v4/alto-4-2.xsd">
  <Description>
    <MeasurementUnit>pixel</MeasurementUnit>
    <sourceImageInformation>
      <fileName>32_32c50_default.jpg</fileName>
      <fileIdentifier>https://www.e-rara.ch/gep_g/i3f/v20/1971543/full/full/0/default.jpg</fileIdentifier>
    </sourceImageInformation>
  </Description>
  
  <Tags>
    <OtherTag ID="BT742" LABEL="DropCapitalZone" DESCRIPTION="block type DropCapitalZone"/><OtherTag ID="BT743" LABEL="GraphicZone" DESCRIPTION="block type GraphicZone"/><OtherTag ID="BT744" LABEL="MainZone" DESCRIPTION="block type MainZone"/><OtherTag ID="BT745" LABEL="MarginTextZone" DESCRIPTION="block type MarginTextZone"/><OtherTag ID="BT747" LABEL="QuireMarksZone" DESCRIPTION="block type QuireMarksZone"/><OtherTag ID="BT748" LABEL="RunningTitleZone" DESCRIPTION="block type RunningTitleZone"/><OtherTag ID="BT749" LABEL="StampZone" DESCRIPTION="block type StampZone"/><OtherTag ID="BT750" LABEL="DamageZone" DESCRIPTION="block type DamageZone"/><OtherTag ID="BT794" LABEL="CustomZone" DESCRIPTION="block type CustomZone"/><OtherTag ID="BT795" LABEL="TableZone" DESCRIPTION="block type TableZone"/><OtherTag ID="BT800" LABEL="TitlePageZone" DESCRIPTION="block type TitlePageZone"/><OtherTag ID="BT1406" LABEL="MarginTextZone:handwrittenAddition" DESCRIPTION="block type MarginTextZone:handwrittenAddition"/>
    <OtherTag ID="LT251" LABEL="DefaultLine" DESCRIPTION="line type DefaultLine"/><OtherTag ID="LT252" LABEL="HeadingLine" DESCRIPTION="line type HeadingLine"/><OtherTag ID="LT253" LABEL="DropCapitalLine" DESCRIPTION="line type DropCapitalLine"/><OtherTag ID="LT385" LABEL="CustomLine:handwrittenNote" DESCRIPTION="line type CustomLine:handwrittenNote"/>
  </Tags>
  
  <Layout>
    <Page WIDTH="1171"
          HEIGHT="1706"
          PHYSICAL_IMG_NR="32"
          ID="eSc_dummypage_">
      <PrintSpace HPOS="0"
                  VPOS="0"
                  WIDTH="1171"
                  HEIGHT="1706">
        
        <TextBlock HPOS="60"
                   VPOS="153"
                   WIDTH="810"
                   HEIGHT="1225"
                   ID="eSc_textblock_c26449c8"
                   TAGREFS="BT744">
          <Shape><Polygon POINTS="86 156 60 1378 860 1368 870 153"/></Shape>
          
          
          <TextLine ID="eSc_line_48d8083a"
                    TAGREFS="LT251"
                    BASELINE="145 194 856 201" 
                    HPOS="143"
                    VPOS="154"
                    WIDTH="713"
                    HEIGHT="52">
            <Shape><Polygon POINTS="813 173 799 173 785 173 771 172 756 172 742 172 728 170 714 170 700 170 685 169 671 169 657 169 643 169 628 167 614 167 600 167 586 166 571 166 557 166 543 164 529 164 515 164 500 163 486 163 472 163 458 162 443 162 429 162 415 160 401 160 387 160 372 159 358 159 344 159 330 157 321 157 291 159 290 159 285 156 273 156 258 156 244 154 230 154 223 154 153 157 145 167 145 194 143 204 853 206 856 201 822 173 813 173"/></Shape>
	    <String CONTENT="Les petis lyons sont rugissans apres la proye/"
                    HPOS="143"
                    VPOS="154"
                    WIDTH="713"
                    HEIGHT="52"></String>
          </TextLine>

          
          
          <TextLine ID="eSc_line_7f5c2194"
                    TAGREFS="LT251"
                    BASELINE="102 233 816 241" 
                    HPOS="101"
                    VPOS="196"
                    WIDTH="715"
                    HEIGHT="57">
            <Shape><Polygon POINTS="700 200 685 200 671 200 657 200 643 200 628 200 614 200 600 200 599 200 590 206 574 200 571 200 557 199 552 199 502 204 500 204 480 199 472 199 468 199 459 204 443 199 443 199 429 199 415 197 401 197 387 197 372 197 358 197 344 197 330 197 315 197 301 197 287 197 277 196 112 200 102 211 102 233 101 245 695 245 705 245 771 253 772 253 815 245 816 241 815 208 728 208 725 207 704 200 700 200"/></Shape>
	    <String CONTENT="⁊ a enquerir de dieu uiande pour eux. Ps.104.c."
                    HPOS="101"
                    VPOS="196"
                    WIDTH="715"
                    HEIGHT="57"></String>
          </TextLine>

          
          
          <TextLine ID="eSc_line_38865db2"
                    TAGREFS="LT251"
                    BASELINE="143 277 856 281" 
                    HPOS="142"
                    VPOS="234"
                    WIDTH="714"
                    HEIGHT="53">
            <Shape><Polygon POINTS="812 241 798 241 783 241 769 241 755 241 741 241 727 241 718 241 681 243 621 244 617 241 616 240 613 240 599 240 584 240 570 238 534 240 465 243 449 238 443 237 442 237 428 237 414 237 399 237 385 237 371 237 357 237 342 237 328 235 314 235 300 235 290 235 277 241 244 235 243 235 229 235 199 241 143 234 143 277 142 287 855 285 856 281 856 245 835 237 833 237 832 237 812 237 812 241"/></Shape>
	    <String CONTENT="Tous iceux sont attendans apres toy/ que tu"
                    HPOS="142"
                    VPOS="234"
                    WIDTH="714"
                    HEIGHT="53"></String>
          </TextLine>

          
          
          <TextLine ID="eSc_line_fbc3580c"
                    TAGREFS="LT251"
                    BASELINE="99 317 855 321" 
                    HPOS="98"
                    VPOS="277"
                    WIDTH="757"
                    HEIGHT="54">
            <Shape><Polygon POINTS="199 278 184 278 170 278 156 278 147 277 99 277 99 317 98 321 351 331 352 331 853 326 855 321 853 287 206 278 199 278"/></Shape>
	    <String CONTENT="leur donne uiande en leur temps. Tu leur donne/"
                    HPOS="98"
                    VPOS="277"
                    WIDTH="757"
                    HEIGHT="54"></String>
          </TextLine>

          
          
          <TextLine ID="eSc_line_d8ef6d8f"
                    TAGREFS="LT251"
                    BASELINE="98 356 853 366" 
                    HPOS="96"
                    VPOS="318"
                    WIDTH="757"
                    HEIGHT="60">
            <Shape><Polygon POINTS="722 321 721 321 608 326 604 326 603 326 594 319 593 319 591 319 590 319 589 319 563 326 560 326 539 326 408 319 396 319 382 319 368 319 367 319 325 324 314 324 311 324 300 318 297 318 283 318 268 318 266 318 230 322 223 322 219 322 204 318 197 318 183 318 169 318 155 318 140 318 132 318 98 319 98 356 96 369 634 369 641 375 641 376 643 376 644 376 645 376 657 376 717 371 850 378 853 366 852 331 756 322 755 322 754 322 752 322 745 329 744 329 724 321 722 321"/></Shape>
	    <String CONTENT="⁊ la recueillẽt: tu ouure ta main/ lors sont rassasiez"
                    HPOS="96"
                    VPOS="318"
                    WIDTH="757"
                    HEIGHT="60"></String>
          </TextLine>

          
          
          <TextLine ID="eSc_line_b5e20a4c"
                    TAGREFS="LT251"
                    BASELINE="98 398 385 400" 
                    HPOS="96"
                    VPOS="358"
                    WIDTH="289"
                    HEIGHT="48">
            <Shape><Polygon POINTS="382 361 368 361 365 361 342 365 278 359 268 359 254 359 240 359 226 359 212 359 202 358 98 362 98 398 96 406 384 406 385 400 382 361 382 361"/></Shape>
	    <String CONTENT="de bien. Ps̈.104.f."
                    HPOS="96"
                    VPOS="358"
                    WIDTH="289"
                    HEIGHT="48"></String>
          </TextLine>

          
          
          <TextLine ID="eSc_line_fc60a0b5"
                    TAGREFS="LT251"
                    BASELINE="138 440 852 449" 
                    HPOS="136"
                    VPOS="400"
                    WIDTH="716"
                    HEIGHT="56">
            <Shape><Polygon POINTS="138 440 136 447 849 456 852 449 852 413 741 413 738 410 728 403 727 403 725 403 724 403 722 403 721 403 712 410 711 410 687 403 685 403 684 403 562 408 505 409 500 406 495 400 493 400 492 400 490 400 422 405 377 408 138 400 138 440"/></Shape>
	    <String CONTENT="Remetz ta cure a Leternel/ et il te nourrira."
                    HPOS="136"
                    VPOS="400"
                    WIDTH="716"
                    HEIGHT="56"></String>
          </TextLine>

          
          
          <TextLine ID="eSc_line_f8318991"
                    TAGREFS="LT251"
                    BASELINE="96 486 247 481" 
                    HPOS="93"
                    VPOS="442"
                    WIDTH="154"
                    HEIGHT="55">
            <Shape><Polygon POINTS="96 486 96 497 196 489 203 490 230 496 231 496 233 496 234 496 247 487 247 481 244 446 93 442 96 486"/></Shape>
	    <String CONTENT="Ps̈.55.d."
                    HPOS="93"
                    VPOS="442"
                    WIDTH="154"
                    HEIGHT="55"></String>
          </TextLine>

          
          
          <TextLine ID="eSc_line_5dd267aa"
                    TAGREFS="LT251"
                    BASELINE="135 524 850 530" 
                    HPOS="133"
                    VPOS="479"
                    WIDTH="717"
                    HEIGHT="59">
            <Shape><Polygon POINTS="234 483 220 483 206 483 192 484 177 484 169 484 135 484 135 486 135 524 133 538 849 538 850 530 849 491 712 491 708 490 671 481 670 481 668 481 667 481 667 483 660 489 660 490 512 490 509 489 493 481 492 481 490 481 438 487 436 487 429 481 429 480 428 480 426 480 425 480 350 487 338 487 335 487 314 479 313 479 311 479 234 481 234 483"/></Shape>
	    <String CONTENT="Iectez tout uostre soucy en luy/ car il a soing de"
                    HPOS="133"
                    VPOS="479"
                    WIDTH="717"
                    HEIGHT="59"></String>
          </TextLine>

          
          
          <TextLine ID="eSc_line_4a30c515"
                    TAGREFS="LT251"
                    BASELINE="96 567 377 567" 
                    HPOS="96"
                    VPOS="533"
                    WIDTH="281"
                    HEIGHT="45">
            <Shape><Polygon POINTS="96 567 96 572 375 578 377 567 377 534 96 533 96 567"/></Shape>
	    <String CONTENT="uous. 1.Pier.5.b."
                    HPOS="96"
                    VPOS="533"
                    WIDTH="281"
                    HEIGHT="45"></String>
          </TextLine>

          
          
          <TextLine ID="eSc_line_fb0cb1b6"
                    TAGREFS="LT251"
                    BASELINE="136 611 849 611" 
                    HPOS="136"
                    VPOS="567"
                    WIDTH="713"
                    HEIGHT="55">
            <Shape><Polygon POINTS="136 611 136 617 848 622 849 611 849 575 766 575 765 574 754 567 752 567 751 567 749 567 748 567 734 574 732 575 631 575 628 574 616 567 614 567 613 567 611 567 587 574 584 574 580 574 540 567 539 567 537 567 523 574 522 574 519 574 497 567 496 567 495 567 493 567 476 572 473 574 469 572 443 567 442 567 441 567 136 571 136 611"/></Shape>
	    <String CONTENT="Nayez soing de nulle chose/ mais en toute prie-"
                    HPOS="136"
                    VPOS="567"
                    WIDTH="713"
                    HEIGHT="55"></String>
          </TextLine>

          
          
          <TextLine ID="eSc_line_e5c0d3e4"
                    TAGREFS="LT251"
                    BASELINE="93 646 850 653" 
                    HPOS="92"
                    VPOS="615"
                    WIDTH="758"
                    HEIGHT="51">
            <Shape><Polygon POINTS="93 646 92 655 96 659 96 661 98 661 99 661 101 661 209 655 260 662 261 662 341 656 351 656 848 666 850 653 850 615 93 615 93 646"/></Shape>
	    <String CONTENT="re ⁊ oraison auec actiõ de graces uoz petitiõs soiẽt"
                    HPOS="92"
                    VPOS="615"
                    WIDTH="758"
                    HEIGHT="51"></String>
          </TextLine>

          
          
          <TextLine ID="eSc_line_1d280921"
                    TAGREFS="LT251"
                    BASELINE="93 688 593 693" 
                    HPOS="92"
                    VPOS="648"
                    WIDTH="501"
                    HEIGHT="57">
            <Shape><Polygon POINTS="465 651 463 651 371 659 361 659 359 659 345 649 344 649 342 649 341 649 298 658 295 658 294 658 244 649 243 649 241 649 226 658 224 658 212 648 210 648 209 648 207 648 93 655 93 688 92 695 490 705 492 705 591 698 593 693 591 662 495 662 492 661 466 651 465 651"/></Shape>
	    <String CONTENT="notoires uers dieu. Philip.4.a."
                    HPOS="92"
                    VPOS="648"
                    WIDTH="501"
                    HEIGHT="57"></String>
          </TextLine>

          
          
          <TextLine ID="eSc_line_c8a6a7be"
                    TAGREFS="LT251"
                    BASELINE="135 732 845 736" 
                    HPOS="133"
                    VPOS="690"
                    WIDTH="712"
                    HEIGHT="54">
            <Shape><Polygon POINTS="590 693 583 693 510 695 381 698 375 693 374 692 362 692 359 692 357 693 348 696 340 693 332 690 320 690 305 690 303 690 294 692 266 696 135 690 135 732 133 736 163 744 165 744 166 744 843 740 845 736 843 700 729 690 728 690 590 692 590 693"/></Shape>
	    <String CONTENT="Et pourtãt ie uous dy/ nayez point soucy pour"
                    HPOS="133"
                    VPOS="690"
                    WIDTH="712"
                    HEIGHT="54"></String>
          </TextLine>

          
          
          <TextLine ID="eSc_line_7450bf64"
                    TAGREFS="LT251"
                    BASELINE="93 770 846 779" 
                    HPOS="92"
                    VPOS="732"
                    WIDTH="754"
                    HEIGHT="57">
            <Shape><Polygon POINTS="207 733 193 733 179 733 165 733 150 733 136 733 135 732 93 732 93 770 92 776 843 789 846 779 846 740 219 733 207 733"/></Shape>
	    <String CONTENT="uostre uie/ q̃ uous mãgerez ou beuurez: ne pour uo"
                    HPOS="92"
                    VPOS="732"
                    WIDTH="754"
                    HEIGHT="57"></String>
          </TextLine>

          
          
          <TextLine ID="eSc_line_4aebc3df"
                    TAGREFS="LT251"
                    BASELINE="93 811 848 817" 
                    HPOS="92"
                    VPOS="777"
                    WIDTH="756"
                    HEIGHT="53">
            <Shape><Polygon POINTS="93 811 92 818 658 830 660 830 846 823 848 817 848 783 93 777 93 811"/></Shape>
	    <String CONTENT="stre corps dequoy uoꝰ serez uestu. Nest poĩt plus la"
                    HPOS="92"
                    VPOS="777"
                    WIDTH="756"
                    HEIGHT="53"></String>
          </TextLine>

          
          
          <TextLine ID="eSc_line_47c6e499"
                    TAGREFS="LT251"
                    BASELINE="93 854 842 861" 
                    HPOS="92"
                    VPOS="813"
                    WIDTH="750"
                    HEIGHT="54">
            <Shape><Polygon POINTS="682 817 681 817 677 817 674 817 564 824 553 817 552 817 550 817 549 817 496 823 442 816 438 816 436 816 435 816 419 823 412 816 411 816 409 816 408 816 406 816 392 823 344 816 335 814 334 814 332 814 331 814 321 823 246 823 240 814 239 814 239 813 237 813 236 813 234 813 233 813 227 814 207 820 93 814 93 854 92 858 839 867 842 861 839 818 724 825 685 817 682 817"/></Shape>
	    <String CONTENT="uie/ que la uiande: ⁊ le corps plus que le uestemẽt?"
                    HPOS="92"
                    VPOS="813"
                    WIDTH="750"
                    HEIGHT="54"></String>
          </TextLine>

          
          
          <TextLine ID="eSc_line_7533872e"
                    TAGREFS="LT251"
                    BASELINE="91 895 846 901" 
                    HPOS="89"
                    VPOS="854"
                    WIDTH="757"
                    HEIGHT="61">
            <Shape><Polygon POINTS="830 861 816 861 802 861 789 861 674 865 641 865 638 864 630 860 618 860 601 864 591 865 584 862 574 860 574 860 562 860 559 862 553 865 418 865 411 860 409 858 404 858 398 857 392 860 372 864 221 864 214 857 214 855 213 855 212 855 210 855 204 855 202 855 132 862 91 854 91 895 89 902 106 911 108 911 109 911 224 904 250 911 251 911 253 911 335 905 342 911 342 912 344 912 345 912 347 914 453 914 453 912 455 912 456 912 468 905 623 914 624 914 626 914 651 907 671 915 673 915 674 915 675 915 694 908 714 915 715 915 717 915 845 907 846 901 846 868 830 860 830 861"/></Shape>
	    <String CONTENT="Regardez aux oyseaux du ciel. Car ilz ne semẽt/"
                    HPOS="89"
                    VPOS="854"
                    WIDTH="757"
                    HEIGHT="61"></String>
          </TextLine>

          
          
          <TextLine ID="eSc_line_03b6f4fe"
                    TAGREFS="LT251"
                    BASELINE="91 938 846 942" 
                    HPOS="89"
                    VPOS="897"
                    WIDTH="757"
                    HEIGHT="58">
            <Shape><Polygon POINTS="517 899 503 899 489 899 475 899 461 898 459 898 458 898 456 898 455 898 455 899 449 904 448 907 351 907 331 904 247 897 246 897 91 902 91 938 89 942 180 952 182 953 244 953 244 952 246 952 247 952 247 951 254 945 441 953 442 953 591 946 627 955 628 955 630 955 742 948 829 955 830 955 832 955 833 955 845 946 846 942 845 907 523 899 517 899"/></Shape>
	    <String CONTENT="ne moyssonnent/ ne assemblent en greniers: et"
                    HPOS="89"
                    VPOS="897"
                    WIDTH="757"
                    HEIGHT="58"></String>
          </TextLine>

          
          
          <TextLine ID="eSc_line_3b8a10f7"
                    TAGREFS="LT251"
                    BASELINE="92 979 845 986" 
                    HPOS="91"
                    VPOS="939"
                    WIDTH="754"
                    HEIGHT="59">
            <Shape><Polygon POINTS="680 942 678 942 677 942 648 946 628 949 584 946 510 941 509 941 507 941 506 941 499 946 495 949 395 949 389 945 382 941 377 941 365 941 331 945 318 946 308 945 277 939 276 939 250 945 241 946 184 946 183 945 177 939 163 939 156 939 92 943 92 979 91 985 105 992 106 992 108 992 214 986 223 986 842 998 845 986 842 948 761 951 741 946 724 943 722 943 721 943 709 946 695 951 688 946 681 942 680 942"/></Shape>
	    <String CONTENT="uostre pere celeste les nourrit. Nestes uous point"
                    HPOS="91"
                    VPOS="939"
                    WIDTH="754"
                    HEIGHT="59"></String>
          </TextLine>

          
          
          <TextLine ID="eSc_line_bb8455b4"
                    TAGREFS="LT251"
                    BASELINE="91 1019 843 1025" 
                    HPOS="89"
                    VPOS="979"
                    WIDTH="754"
                    HEIGHT="55">
            <Shape><Polygon POINTS="788 986 774 986 759 986 756 986 744 988 717 992 677 988 651 985 645 985 631 985 627 985 617 986 591 990 583 986 580 985 574 985 571 985 570 986 564 992 489 992 473 985 470 983 461 983 451 983 424 989 409 983 404 983 398 982 398 983 387 990 313 990 284 982 276 982 274 982 263 988 153 980 152 980 119 988 92 979 91 979 91 1019 89 1025 224 1033 226 1033 267 1027 276 1034 277 1034 278 1034 280 1034 842 1030 843 1025 842 990 789 986 788 986"/></Shape>
	    <String CONTENT="beaucoup plus excellens que iceux? Et qui est ce¬"
                    HPOS="89"
                    VPOS="979"
                    WIDTH="754"
                    HEIGHT="55"></String>
          </TextLine>

          
          
          <TextLine ID="eSc_line_a4c93ea8"
                    TAGREFS="LT251"
                    BASELINE="89 1061 845 1069" 
                    HPOS="88"
                    VPOS="1027"
                    WIDTH="757"
                    HEIGHT="54">
            <Shape><Polygon POINTS="89 1061 88 1067 123 1076 125 1076 240 1070 405 1079 406 1079 690 1074 701 1081 702 1081 704 1081 705 1081 843 1074 845 1069 843 1034 89 1027 89 1061"/></Shape>
	    <String CONTENT="luy de uous qui en se souciãt puisse adiouster a sa"
                    HPOS="88"
                    VPOS="1027"
                    WIDTH="757"
                    HEIGHT="54"></String>
          </TextLine>

          
          
          <TextLine ID="eSc_line_e91ecbc5"
                    TAGREFS="LT251"
                    BASELINE="92 1103 842 1110" 
                    HPOS="91"
                    VPOS="1063"
                    WIDTH="751"
                    HEIGHT="58">
            <Shape><Polygon POINTS="657 1067 655 1067 645 1071 638 1076 543 1076 510 1069 486 1066 485 1066 458 1069 415 1073 387 1067 372 1064 371 1064 342 1066 280 1071 273 1066 273 1064 271 1064 270 1064 268 1064 263 1064 258 1064 212 1070 190 1064 187 1063 186 1063 184 1063 177 1063 175 1063 106 1070 96 1063 93 1063 92 1103 91 1113 241 1110 839 1121 842 1110 840 1076 658 1067 657 1067"/></Shape>
	    <String CONTENT="grandeur une coudee? Et pourquoy estes uous en"
                    HPOS="91"
                    VPOS="1063"
                    WIDTH="751"
                    HEIGHT="58"></String>
          </TextLine>

          
          
          <TextLine ID="eSc_line_d25feef4"
                    TAGREFS="LT251"
                    BASELINE="92 1144 843 1150" 
                    HPOS="91"
                    VPOS="1104"
                    WIDTH="752"
                    HEIGHT="53">
            <Shape><Polygon POINTS="818 1110 813 1110 809 1114 783 1110 775 1110 761 1110 746 1110 732 1110 718 1110 704 1110 698 1108 608 1113 601 1108 590 1108 576 1108 562 1108 549 1108 485 1113 469 1113 465 1113 445 1107 433 1107 419 1107 405 1107 398 1106 318 1111 304 1111 301 1111 287 1106 277 1106 263 1106 248 1106 236 1104 92 1108 92 1144 91 1157 842 1157 843 1150 843 1116 829 1110 818 1110"/></Shape>
	    <String CONTENT="soucy du uestement? Considerez les lis des chãps:"
                    HPOS="91"
                    VPOS="1104"
                    WIDTH="752"
                    HEIGHT="53"></String>
          </TextLine>

          
          
          <TextLine ID="eSc_line_00c09b6e"
                    TAGREFS="LT251"
                    BASELINE="89 1185 842 1191" 
                    HPOS="88"
                    VPOS="1145"
                    WIDTH="754"
                    HEIGHT="57">
            <Shape><Polygon POINTS="815 1150 805 1150 796 1155 745 1150 744 1150 729 1150 715 1150 707 1150 636 1154 626 1148 616 1148 608 1148 569 1154 564 1154 429 1154 429 1152 412 1147 402 1147 396 1147 357 1152 352 1152 350 1152 321 1147 317 1147 303 1147 291 1147 226 1151 224 1151 217 1145 203 1145 189 1145 187 1145 89 1150 89 1185 88 1197 839 1202 842 1191 842 1155 818 1150 815 1150"/></Shape>
	    <String CONTENT="cõmẽt ilz croissent. Ilz ne labeurẽt/ ⁊ ne fillẽt poĩt."
                    HPOS="88"
                    VPOS="1145"
                    WIDTH="754"
                    HEIGHT="57"></String>
          </TextLine>

          
          
          <TextLine ID="eSc_line_5820c692"
                    TAGREFS="LT251"
                    BASELINE="91 1229 845 1234" 
                    HPOS="89"
                    VPOS="1188"
                    WIDTH="756"
                    HEIGHT="55">
            <Shape><Polygon POINTS="816 1191 802 1191 788 1191 778 1191 663 1195 610 1197 604 1194 597 1189 589 1189 574 1189 560 1189 546 1189 544 1189 453 1192 355 1195 348 1191 345 1188 335 1188 330 1191 322 1194 91 1188 91 1229 89 1234 842 1243 845 1234 845 1197 825 1191 816 1191"/></Shape>
	    <String CONTENT="Toutessoys ie uous dy/ que Salomõ en toute sa"
                    HPOS="89"
                    VPOS="1188"
                    WIDTH="756"
                    HEIGHT="55"></String>
          </TextLine>

          
          
          <TextLine ID="eSc_line_2883845a"
                    TAGREFS="LT251"
                    BASELINE="89 1268 843 1272" 
                    HPOS="88"
                    VPOS="1231"
                    WIDTH="755"
                    HEIGHT="47">
            <Shape><Polygon POINTS="89 1268 88 1278 842 1278 843 1272 842 1235 89 1231 89 1268"/></Shape>
	    <String CONTENT="gloire/ na point este uestu/ cõme un diceux. Se dieu"
                    HPOS="88"
                    VPOS="1231"
                    WIDTH="755"
                    HEIGHT="47"></String>
          </TextLine>

          
          
          <TextLine ID="eSc_line_80488d1d"
                    TAGREFS="LT251"
                    BASELINE="91 1307 842 1315" 
                    HPOS="89"
                    VPOS="1269"
                    WIDTH="753"
                    HEIGHT="58">
            <Shape><Polygon POINTS="638 1272 577 1276 544 1279 530 1276 507 1270 506 1270 505 1270 461 1275 429 1278 419 1273 411 1270 409 1270 408 1270 342 1273 250 1276 243 1270 240 1269 233 1269 227 1269 221 1270 204 1275 91 1269 91 1307 89 1315 839 1327 842 1315 840 1282 783 1282 782 1280 776 1275 776 1273 775 1273 774 1273 772 1273 712 1279 692 1280 678 1279 640 1272 638 1272"/></Shape>
	    <String CONTENT="donc uest ainsi lherbe des champs/ laquelle est au¬"
                    HPOS="89"
                    VPOS="1269"
                    WIDTH="753"
                    HEIGHT="58"></String>
          </TextLine>

          
          
          <TextLine ID="eSc_line_7b7a32dd"
                    TAGREFS="LT251"
                    BASELINE="82 1354 839 1359" 
                    HPOS="79"
                    VPOS="1316"
                    WIDTH="759"
                    HEIGHT="58">
            <Shape><Polygon POINTS="81 1353 79 1360 166 1361 175 1370 175 1371 176 1371 177 1371 179 1373 280 1373 280 1371 281 1371 283 1371 291 1364 341 1373 342 1373 344 1373 345 1373 357 1366 452 1373 453 1373 455 1373 456 1373 465 1367 468 1364 473 1367 490 1373 492 1373 493 1374 533 1374 533 1373 534 1373 536 1373 536 1371 540 1367 543 1364 549 1367 556 1371 557 1371 559 1371 560 1371 569 1369 579 1364 600 1369 616 1371 617 1373 836 1373 838 1357 835 1316 81 1317 81 1353"/></Shape>
	    <String CONTENT="iourdhuy/ et demain est mise au four: combien"
                    HPOS="79"
                    VPOS="1316"
                    WIDTH="759"
                    HEIGHT="58"></String>
          </TextLine>

          
        </TextBlock>
        
        <TextBlock HPOS="546"
                   VPOS="1366"
                   WIDTH="181"
                   HEIGHT="70"
                   ID="eSc_textblock_9e246778"
                   TAGREFS="BT747">
          <Shape><Polygon POINTS="559 1366 546 1436 727 1431 727 1366"/></Shape>
          
          
          <TextLine ID="eSc_line_19da42d8"
                    TAGREFS="LT251"
                    BASELINE="567 1411 717 1410" 
                    HPOS="564"
                    VPOS="1366"
                    WIDTH="151"
                    HEIGHT="68">
            <Shape><Polygon POINTS="707 1366 692 1366 678 1366 664 1366 650 1366 638 1366 616 1367 610 1367 601 1366 593 1366 579 1366 564 1366 566 1410 566 1423 714 1434 715 1408 711 1366 707 1366"/></Shape>
	    <String CONTENT="B .iiii."
                    HPOS="564"
                    VPOS="1366"
                    WIDTH="151"
                    HEIGHT="68"></String>
          </TextLine>

          
        </TextBlock>
        

        
      </PrintSpace>
    </Page>
  </Layout>
</alto>
