1171 1706
301 109 760 87 plus le fera il a uous/ o gens de petite fiance? Ne

307 162 751 69 soyez donc en soucy/ disans: que mangerõs nous?

308 200 753 71 ⁊ que beuurõs nous? ou dequoy serõs noꝰ uestus?

310 247 755 70 Car les gens senquierẽt de toutes ces choses. Cer-

310 282 754 77 tainemẽt uostre pere celeste cõgnoit que de toutes

311 325 756 67 ces choses auez besoing. Querez dõc premieremẽt

310 375 502 65 le royaume de dieu ⁊c. Mat.6.d.

354 403 715 80 Ne me dõne mendicite/ ne richesses: dõne moy a

314 453 755 65 uiure par mesure: q̃ par auẽture quãd seroye saou-

315 487 749 68 le ie ne renie/ ⁊ die: Qui est Leternel? Affin aussi q̃

318 540 749 65 par indigence ie ne desrobe: ⁊ que ne prenne en uain

318 582 514 63 le nom de mon dieu. Prouer.30.b.

361 609 710 84 Si les richesses abondent/ ny mettez point le

318 673 242 60 coeur. Ps̈.62.c.

389 715 605 79 Et nous pardonne noz pechez.

365 773 712 74 Moymesme moymesme suis celuy qui efface

324 824 753 63 tes iniquitez a loccasion de moy: ⁊ nauray plus de

325 865 558 67 souuenance de tes pechez. Isaie.43.d.

371 899 707 71 Iay efface ton iniquite cõme la nuee/ ⁊ tõ peche

327 945 750 71 cõme la petite nuee. Retourne a moy/ car ie tay ga

327 1002 276 52 ranty. Isa.44.d.

372 1023 707 70 Leternel est bening ⁊ misericordieux/ il est pa-

330 1069 749 69 tient ⁊ moult debonnaire: il ne estriue iamais/ ⁊ ne

331 1110 747 68 garde point son courroux eternellemẽt. Il ne noꝰ

331 1155 754 66 faict point selon noz pechez/ ⁊ ne noꝰ retribue point

332 1195 749 67 selon noz iniquitez. Car selon la hauteur du ciel

331 1241 750 59 au regard de la terre/ sa misericorde a puissãce sur

331 1278 751 81 ceux qui le craignẽt Selon la longueur de Oriẽt
