1171 1706
317 153 647 55 cestuy qui iustifie linfidele. Romains.4.a.

358 184 720 67 Uous estes tous enfans de Dieu par la foy/ la-

321 231 525 54 quelle est en Iesu Christ. Gał.3.d.

364 271 715 61 Dieu qui congnoit les coeurs leur a baille tes-

321 308 758 63 moignage/ leur dõnant le saĩct esperit/ cõme aussi

321 349 761 63 a nous/ ⁊ na point faict de difference entre nous et

322 393 720 63 eux par la foy purifiant leurs coeurs. Act.15.b.

367 432 717 61 Uous estes sauuez de grace par la foy/ ⁊ ce nest

325 477 760 63 point de uous/ cest don de Dieu/ non point par les

325 516 759 64 oeuures: affin q̃ nul ne se glorifie. Car nous som-

325 558 762 61 mes son oeuure/ crees a Iesus Christ a bõnes oeu-

327 597 757 68 ures/ lesquelles Dieu a prepare: affin que chemi-

327 646 432 54 nions en icelles. Ephes.2.b.

365 682 720 62 Nous scauons que lhõme nest point iustifie par

327 722 758 68 les oeuures de la loy/ sinon par la foy de Iesus

331 764 751 61 Christ/ ⁊ nous auons creu en Iesus Christ/ affin q̃

331 808 756 59 fussions iustifiez par la foy de Christ: ⁊ non point

331 854 754 54 par les oeuures de la loy: pourtãt que toute chair

331 891 757 60 nest poĩt iustifiee ꝑ les oeuures de la loy. Gał.2.d.

375 931 714 64 Lheritage est dõnee par la foy/ affin que par la

332 972 756 67 grace la ꝓmesse soit ferme a toute semẽce. Ro.4.c.

372 1017 715 60 La promesse nest point par la loy/ a Abraham/

330 1059 758 59 et a sa semence/ affin quil fut heritier du monde/

330 1101 563 56 mais par la iustice de foy. Rom̃.4.c.

372 1135 722 67 Se Abraham a este iustifie par les oeuures: il a

331 1179 758 57 dequoy se glorifier/ mais non point enuers Dieu.

334 1224 757 55 Car que dit lescripture: Abraham certes a creu a

335 1265 709 57 Dieu/ ⁊ il luy a este repute a iustice. Rom̃.4.a.

375 1300 713 83 En Iesus Christ ne la circoncision/ ne le prepu-
