1171 1706
143 191 709 59 Toutes choses me sont donnees du pere/ ⁊ nul

98 233 752 57 na cõgneu le filz/ sinon le pere: ⁊ si nul na cõgneu

99 270 751 64 le pere/ sinon le filz/ ⁊ ceux a qui le filz le uouldra

96 311 295 50 reueler. Mat.11.d.

139 351 706 65 Pere/ lheure est uenue: clarifie ton filz/ affin q̃

98 395 750 64 ton filz te clarifie/ ainsi cõme tu luy as dõne puis¬

101 435 579 58 sãce sur toute chair. Ieh.17.a. Ieh.13.a.

138 480 714 55 Dieu la exalte/ ⁊ luy a dõne le nom/ lequel est

86 520 766 61 sur tout nom: affin que au nom de Iesus/ tout ge-

96 561 756 65 nouil soit flechy de ceux qui sõt aux cieux et qͥ sõt

95 609 754 53 en la terre ⁊ aux enfers: ⁊ toute langue cõfesse que

93 646 755 63 nostre Seigñr est Iesus Christ/ a la gloire de dieu

93 683 305 50 le pere. Philip.2.b.

139 729 707 60 Il faut q̃ il regne/ iusq̃ a ce quil mette tous ses

93 767 753 54 ennemys soubz ses piedz Et au dernier la mort en¬

93 808 750 56 nemye sera destruicte. Car il a assubiecty toutes

93 848 685 56 choses soubz ses piedz. 1.Corin.15.d. Heb.2.b.

135 891 711 55 Cõstituãt a sa dextre aux lieux celestes sur tou

92 936 753 59 te principaute/ ⁊ puissance/ ⁊ uertu/ ⁊ domination/

93 973 750 60 ⁊ tout nom lequel est nomme: non seulement en ce

92 1016 751 61 siecle/ mais aussi en celuy qͥ est a aduenir. Et il a

92 1059 748 54 assubiecty toutes choses soubz les piedz diceluy/

91 1098 749 54 ⁊ la constitue chief sur toute leglise/ laquelle est

91 1137 749 64 le corps diceluy/ et la plenitude de celuy qui est

91 1182 712 61 laccomplissement de toutes choses en toutes.

91 1221 182 48 Ephesi.1.d.

122 1263 718 54 En luy toute plenitude de diuinite abõde corpo¬

89 1305 750 59 rellement: ⁊ estes remplis en luy qui est le chief de

91 1347 621 73 toute principaute ⁊ puissance. Colos.2.b.

540 1391 189 79 C .iiii.
