1171 1706
358 159 714 52 Et les auoir assemblez en un mesme lieu leur

317 197 755 58 commanda quilz ne departissent point de Hieru¬

321 244 750 51 salem: mais quilz attendissent la promesse du pe¬

320 287 751 55 re/ de laquelle (dit il) uous auez ouy de moy. Car

321 325 747 54 certes Iehan a baptise deaue: et uous serez un

324 363 730 59 peu apres ces iours/ baptisez du sainct esperit.

324 410 162 49 Actes.1.a.

364 447 708 56 Si uous me aymez: gardez mes commande¬

322 491 750 56 mens. Et ie prieray mon pere: et il uous don¬

324 531 748 56 nera lautre consolateur/ pour demourer auec

325 574 746 51 uous eternellement/ qui est lesperit de uerite:

324 615 748 50 lequel le monde ne poeut receuoir: car il ne le

327 651 745 59 uoit point/ et si ne le congnoist point: mais uous

324 693 750 63 le congnoissez: car il demoure auec uous/ ⁊ sera

324 742 326 51 en uous. Iehan.14.c.

327 773 748 61 Le consolateur/ qui est le sainct esperit (lequel le

324 823 751 58 pere enuoyera en mon nom) iceluy uous enseigne¬

324 862 751 60 ra toutes choses/ ⁊ uous reduira en memoire tou¬

325 904 747 57 tes les choses lesquelles ie uous ay dictes. Ie¬

325 953 170 49 han.14.d.

377 980 701 59 Quant le consolateur sera uenu/ lequel ie

328 1029 749 54 uous enuoyeray de mon pere/ lesperit de uerite

327 1071 750 50 qui procede du pere/ iceluy rendra tesmoignage

327 1113 750 58 de moy. Et uous en rendrez tesmoignage: car

328 1148 749 61 uous estes des le commencement auec moy. Ie¬

327 1198 165 55 han.15.d.

371 1226 711 69 Si ie ne men uoys: le consolateur ne uiendra

327 1273 752 63 point a uous. Et se ie men uoys/ ie le uous en¬

330 1315 749 76 uoyeray. Et quand iceluy sera uenu: il repren¬
