1171 1706
140 181 712 45 Cestuy a donne/ aucuns pour estre apostres/

95 217 757 58 aucuns prophetes/ les autres euangelistes/ et les

99 258 751 56 autres pasteurs et docteurs pour la perfection

98 301 755 52 des sainctz a loeuure de ladministration/ a ledi¬

99 341 751 58 fication du corps de Christ: iusque a ce que nous

98 382 751 55 tous allions au deuant en unite de foy et de con¬

98 423 751 58 gnoissance du filz de dieu/ en hõme parfaict/ en la

96 464 712 62 mesure de leage de la plenitude de Christ ⁊c.

96 508 246 53 Ephesiens.4.c.

138 544 705 60 Sur toutes ces choses ayez charite qͥ est le lyen

95 591 748 53 de perfection/ ⁊ la paix de Christ soit en liesse en

95 631 745 58 uoz coeurs: en laquelle aussi estes appellez en un

92 675 283 47 corps. Colos.2.c.

138 709 710 62 Ne scauez uous pas que uous estes le temple de

93 753 753 51 Dieu: ⁊ que lesperit de Dieu habite en uous. Et

93 796 753 57 se aucun uiole le temple de Dieu/ Dieu le destrui¬

91 837 755 61 ra. Car le temple de Dieu est sainct: lequel uous

91 880 291 46 estes. 1.Corin.3.d.

133 921 712 52 Ne scauez uous pas bien que uoz corps sont les

89 961 754 51 mẽbres de Christ ⁊c. Ne scauez uous point que uoz

91 1003 751 56 membres sont le temple du sainct esperit/ qui est en

89 1043 756 60 uous: lequel uous auez de Dieu et nestes point

89 1087 753 51 a uous. Certes uous estes achetez de grand pris/

89 1125 753 62 glorifiez/ et portez dieu en uostre corps. 1.Corin¬

88 1170 188 54 thiens.6.d.

132 1212 706 50 Uous certes estes le tẽple de dieu uiuãt: ainsi q̃

86 1255 756 51 dieu dit: Ie habiteray en eux/ ⁊ chemineray entre

86 1300 753 54 eux/ ⁊ ie seray leur dieu/ et ilz seront mon peuple.

86 1336 430 57 2.Corin.6.d. 3.Moyse.26.b.

586 1371 114 79 D .ii.
