1171 1706
297 145 583 71 ⁊ plus haut que les cieux ⁊c. Heb.7.d.

345 194 713 64 Le sang de Christ qui par le sainct esperit sest

300 241 758 61 offert a dieu soymesme sãs macule/ combien plus

300 282 760 60 fort nettoyera il nostre consciẽce des oeuures mor

303 324 757 57 tes pour seruir a dieu uiuãt? Et pour ce est il media

304 363 756 59 teur du nouueau testament: affin que moyennant

304 406 753 61 la mort/ ceux qui sont appellez recoiuẽt la ꝓmesse

304 452 754 58 de leternel heritage/ ⁊ la redemption des trãsgres¬

305 486 753 74 sions lesquelles estoient soubz le premier testamẽt.

305 541 217 44 Hebrieux.9.c.

345 560 715 68 Par laquelle uolunte nous sommes sanctifiez/

305 612 755 64 par loblation une foys faicte du corps de Iesus

305 653 755 60 Christ: ⁊c. Car par une oblation il a parfaict per¬

307 693 754 63 petuellement les sanctifiez ⁊c. Et la ou est remis¬

307 735 748 66 sion dicelles/ il ny a plus doblation pour le peche.

305 787 175 54 Heb.10.c.d.

352 810 710 72 Ie suis lhuys. Se aucun entre par moy il sera

308 861 754 63 sauue: ⁊ entrera ⁊ sortira/ ⁊ trouuera pastures: Le

308 902 753 57 larron ne uient sinon pour desrober/ ⁊ tuer/ et de¬

308 942 754 61 struire. Ie suis uenu affin quelles ayent uie: et

310 985 748 64 quelles layent plus abondamment. Ie suis le bon

308 1027 752 64 pasteur. Le bon pasteur donne sa uie pour ses bre¬

308 1066 752 62 bis. Mais le mercenaire nest point pasteur. Ie¬

308 1118 168 56 han.10.b.

352 1144 705 71 Il purgera toute brãche qui porte fruict/ affin

311 1197 555 54 quelle porte plus de fruict. Ieh.15.a.

354 1229 706 66 Lequel a porte noz pechez en son corps sur le

310 1280 750 52 boys/ affin que nous estans mortz a pechez uiuiõs

313 1315 745 78 a iustice/ par la basture duquel uous estes gueris.
