1171 1706
93 142 750 72 sommes recõciliez serons sauuez en la uie diceluy.

92 187 558 64 Ro.5.a.b. Ephesi.2.d.3.b. Hebr.4.d.

135 218 707 73 Uenez a moy uous tous qui estes trauaillez/

92 264 750 71 et estes chargez/ et ie uous soulageray. Mat¬

92 322 174 51 thieu.11.d.

135 338 708 71 Dieu na pas enuoye son filz au monde pour

92 388 751 69 iuger le monde. Mais affin que le monde soit sau

93 429 749 71 ue par luy. Qui croyt en luy il nest point iuge:

92 470 751 71 et qui ne croyt point est desia iuge. Car il ne croyt

93 511 750 64 point au nom du seul filz de Dieu. Et ce est le iũ¬

93 553 749 69 gement: car la lumiere est uenue au mõde/ ⁊ les hõ

91 597 751 64 mes ont mieux ayme les tenebres que la lumiere.

93 649 192 58 Iehan.3.b.

136 676 709 71 Qui croyt ma parolle/ ⁊ croyt a celuy qui ma

92 720 751 61 enuoye/ il a uie eternelle ⁊ ne uient point en con¬

92 763 733 65 demnation: mais passera de la mort en la uie.

95 814 179 58 Iehan.5.d.

138 841 707 64 En ce est apparue la charite de Dieu enuers

91 887 752 61 nous que Dieu a enuoye son filz unicque au mon

93 928 750 68 de/ affin que nous uiuions par luy. En ce est la

92 978 750 61 charite/ non point pourtant que nous ayons ay¬

92 1019 748 55 me Dieu/ mais pour ce que luy premier noꝰ a ay¬

93 1060 747 63 me/ ⁊ a enuoye son filz reconciliation pour noz pe¬

93 1104 322 54 chez. 1.Iehan.4.b.c.

139 1135 703 67 Il ny a nulle condemnation en ceux qui sont

92 1177 750 64 en Iesus Christ: qui ne cheminent point selon la

92 1219 747 67 chair. Car la loy de lesperit de uie en Iesus Christ/

93 1261 746 75 ma deliure de la loy de peche et de mort. Ro¬

93 1319 188 52 mains.8.a.
