1171 1706
372 164 716 50 Lheure uiendra en laquelle tous ceux qui sont

332 203 755 55 aux monumens orront la uoix du filz de Dieu.

331 244 751 57 Et ceux qui auront faict bien yront en resurrectiõ

332 290 752 52 de uie: Mais ceux qui auront faict mal/ en resur¬

332 325 665 54 rection de iugemẽt. Iehã.5.d. Matth.25.d.

377 362 707 64 Quãd Christ nr̃e uie sera manifeste/ lors aussi

334 408 748 59 uous serez manifestez auec luy en gloire. Col.3.a.

374 450 710 53 Nous ne uoulons point que uous ignorez de

331 490 750 55 ceux qui dormẽt: affin que ne soyez contristez ainsi

332 534 749 53 que les autres: qui nont point desperance. Car si

330 575 751 53 nous croyons q̃ Iesus est mort ⁊ est resuscite: ainsi

331 615 753 51 aussi Dieu amenera auec luy ceux qui dorment

332 653 750 59 par Iesus. Certes nous uous disons ce en la pa¬

330 699 751 51 rolle de nostre Seigneur: que nous qui uiuerons/

331 736 754 57 qui sommes le residu en laduenemẽt de nostre Sei

331 780 751 57 gneur/ nous ne precederõs point ceux qui dormẽt.

331 824 748 53 Car iceluy Seigneur au cõmandement ⁊ en uoix

331 862 751 57 de larchange/ ⁊ a la trompe de Dieu descendra du

330 902 752 56 ciel ⁊ les mortz qui sont en Christ/ resusciterõt pre¬

331 945 751 57 mierement. Puis apres nous qui uiuerons: qui se¬

330 986 751 57 rons du residu: serõs rauys ensemble auec eux eis

330 1032 751 52 nuees au deuant du Seigñr en lair. Et ainsi nous

330 1067 725 61 serons tousiours auec le Seigneur. 1.Thes.4.c.

372 1108 707 60 Affin que ne eussions cõfiance en nous mesme/

330 1157 737 55 mais en Dieu/ lequel resuscite les mortz a uie.

330 1197 195 52 2.Corin.1.b.

374 1228 707 60 Maintenãt Christ est resuscite des mortz le pre

330 1275 752 51 mier de ceux qui dormoient. Car certes la mort est

332 1315 747 72 par un hõme: ⁊ par un homme la resurrection des
