1171 1706
320 156 752 51 la gloire/ laquelle sera reuelee en nous ⁊c. Ceux

322 199 753 54 quil a congneu des le commencement: il les a de-

324 234 753 58 uant definis a estre faictz conformes a limage de

327 277 752 58 son filz/ affin quil soit le premier nay entre moult

325 318 754 51 de freres. Et ceux quil a deuant definis: il les a

327 363 752 54 aussi appellez. Et ceux quil a appellez: il les a

327 402 752 51 aussi iustifiez. Et ceux qͥl a iustifiez: il les a aussi

330 444 324 55 glorifiez. Rom̃.8.d.

369 477 712 58 Treschers nous sommes maintenant enfans

328 527 754 47 de Dieu: ⁊ nest point encore apparu ce que nous

330 564 751 57 serons. Nous scauons que quand il apparoistra:

330 605 754 53 nous serons semblables a luy. Car nous le uer-

331 649 754 50 rons comme il est. Et quiconque a ceste esperance

331 690 754 52 en luy: il se sanctifie/ cõme aussi iceluy est sainct.

331 733 205 48 1.Iehan.3.a.

377 764 710 57 Uous estes mortz: et uostre uie est cachee auec

331 810 756 54 Christ en dieu. Et quand Christ apparoistra qui

332 853 755 54 est uostre uie/ adonc aussi uous apparoistrez auec

334 895 395 47 luy en gloire. Colos.3.a.

379 931 709 61 En la resurrection ilz ne se marierõt/ ne seront

337 976 751 56 mariez: mais sont cõme les anges de dieu au ciel.

338 1019 208 50 Matth.22.c.

384 1052 704 64 Iesus leur dit: Ie uous dy en uerite que uous

337 1097 752 53 qui mauez ensuiuy: quand le filz de lhomme sera

340 1140 747 49 assis sur le siege de sa maieste/ en la generation

341 1178 747 56 uous serez assis aussi sur douze sieges ⁊c. Mat-

340 1224 176 51 thieu.19.d.

384 1262 705 58 Uous serez contristez: mais uostre tristesse sera

340 1307 498 67 conuertie en ioye ⁊c. Iehan.16.d.
