1171 1706
351 159 711 48 Mais iay eu crainte/ que ie ne trãsferasse lhõ¬

308 196 753 55 neur de mon Dieu a lhomme/ ⁊ que ie ne adorasse

311 237 589 48 aucun fors que mon Dieu. Hester.13.d.

352 278 712 51 Cornille se iectant aux piedz le adora/ mais

313 321 751 55 Pierre le leua disãt: Lieue toy debout/ ie suis aussi

313 361 466 54 moymesme homme. Act.10.d.

357 400 711 50 Barnabas et Pierre dirent au peuple/ qui leur

314 442 754 54 uouloit sacrifier) Hõmes/ pourquoy faictes uous

315 486 753 47 ces choses? Nous sommes aussi subiectz a pareilz

314 526 754 51 maux comme uous/ annonceans que uous uous

315 567 754 48 cõuertissez de ces choses uaines a Dieu uiuãt/ qui

317 605 744 56 a faict le ciel/ ⁊ la terre/ ⁊ la mer/ ⁊ toutes choses qͥ

320 646 399 59 sont en iceux. Actes.14.c.

355 685 716 59 Hõmes Israelites/ pourquoy uous esmerueillez

320 727 752 53 uous de ce: ou pourquoy nous regardez uous/ cõ¬

318 769 751 54 me si par nostre uertu ⁊ piete nous eussions faict q̃

320 811 752 50 cestuy cheminast? Le Dieu de Abraam/ et Isaac/

322 853 752 58 ⁊ Iacob: Dieu de uoz peres a glorifie son filz ⁊c.

321 902 164 43 Actes.3.b.

367 929 707 59 Lange dit a sainct Iehan qui le uouloit adorer)

322 975 756 54 Regarde que tu ne le faice/ ie suis seruiteur cõme

325 1020 753 54 toy/ ⁊ tes freres ayãs tesmoignage de Iesus. Adore

327 1059 411 55 Dieu. Apocalip.19.b.22.b.

371 1094 694 60 ¶ Item uoyez a ce/ au cõmencement de lexpo¬

371 1140 694 57 sitiõ tant de loraison dominicale que des arti¬

371 1184 215 61 cles de la foy.

399 1228 625 92 ¶ Sur le second cõmandement.

505 1290 412 79 ¶ Contre lidolatrie.
