1171 1706
321 176 756 44 rent dãnation a eux mesmes. Elle ne porte point

322 214 750 47 le glaiue sans cause: car elle est seruante a Dieu/

322 253 752 56 pour faire uẽgeãce en ire/ de celuy qui faict mal ⁊c.

322 294 753 54 Pour ceste cause certes uous payez les tributz: car

322 334 753 52 ilz sont les ministres de Dieu/ seruãs a ceste chose.

321 375 750 52 Rendez donc a tous les choses deues: a qui tribut/

322 419 755 51 le tribut: a qui peage/ le peage: a qui crainte/ la

322 457 659 51 crainte: a qui honneur/ lhõneur. Ro.13.a.b.

362 501 712 53 Soyez subiectz a toute humaine creature: pour

322 540 750 52 dieu: soit au Roy/ cõme au plus excellẽt: soit aux

321 578 754 51 Ducz/ cõme aux enuoyez de par luy pour saire uẽ¬

324 619 751 59 geance des malfaicteurs/ et pour la louenge des

322 661 755 54 bõs ⁊c. Craĩgnez Dieu/ hõnorez le roy. 1.Pier.2.c.

364 710 708 44 Admonneste iceux destre subiectz aux princes ⁊

322 744 619 57 puissances/ en obeissant a eux. Tite.3.a.

367 789 710 46 Obeissez a uoz superieurs: et soyez subiectz a

322 828 753 49 eux (car ilz sont ueillans: cõme ceux qui rendront

321 867 753 51 cõpte pour uoz ames) affin quilz facent ce ioyeuse

322 909 753 50 ment et non point en gemissant: car ce ne uous est

322 951 749 55 point expediẽt. Hebr.13.c. Uoyez) Eccłe.10.d.

387 993 623 56 ¶ Item de lobeissance des seruiteurs uers

563 1037 253 47 leurs seigneurs.

362 1070 712 55 Uoꝰ seruiteurs obeissez en toutes choses a uoz

324 1114 750 53 seigneurs charnelz/ ne seruant point a loeil/ cõme

322 1155 749 56 plaisans aux hõmes: mais en simplicite de coeur

322 1199 746 49 craignans dieu. Quelque chose que uous faictes/

324 1242 747 50 faictes la de couraige: ainsi cõme a dieu/ non pas

324 1283 748 44 cõme aux hõmes/ sachans que uous receuerez de

322 1319 747 72 nostre seigñr/ la retribution de lheritage: car uous
