918 1540
268 148 187 202 L

353 77 436 59 Prologue de Lautheur.

472 121 421 54 Epropos dõt a present

472 170 419 57 est q̃stion/ est autãt me¬

468 215 425 60 morable ⁊ digne destre

466 265 427 57 congneu/ que nul autre

468 308 420 64 dequoy on sceust parler.

273 349 618 60 Et si est la matiere de soy/ tant fa¬

272 396 620 64 cile/ tant claire/ ⁊ ueritable/ que de

270 441 622 63 toutes gẽs bien aiseemẽt sera enten

269 490 623 63 due: uoire certes/ ⁊ des petitz enfãs

272 536 620 65 en q̃lcõques terres/ pays/ ⁊ seigneu

270 585 621 60 ries qͥlz soyẽt: car force marchãs ya

272 630 615 63 en chascũ lieu. Parquoy la chose en

270 677 621 58 sera plus euidẽte: Brief/ poͬ le tout

270 725 617 57 dire en ce liure/ il nya pas une diffi

272 771 617 55 culte Sorboniq̃: mais seulemẽt au¬

272 818 617 59 cũs abuz trop manifestes sõt brief¬

270 863 614 62 uemẽt touchez/ affin q̃ cy ap̃s on sen

273 909 615 59 puisse dõner garde. Et pourtãt ie

272 957 616 60 supplie q̃ on le lise en toute diligẽce:

269 1003 622 62 car certes sil est leu ⁊ bien entẽdu/ il

269 1049 618 55 en uiẽdra au paoure monde ung

270 1097 618 58 proffit inestimable/ moyennãt lay¬

269 1146 618 57 de de Dieu/ qui eternellement soit

269 1190 485 71 loue et magnifie. Amen.
