918 1540
73 222 199 236 E

152 68 423 65 ¶ Cy commence le liure

210 115 277 64 des marchans.

292 205 373 59 Stat de marchãdise/

291 256 377 59 pour le tẽps de ceste

292 296 376 55 uie mortelle/ est tant

288 341 377 59 necessaire/ q̃ sans ice¬

292 392 376 53 luy bonnement on ne

55 436 616 64 peult uiure/ il est louable ⁊ fort uti

52 481 616 69 le/ pourueu qͥl soit fidelemẽt entre¬

53 528 615 64 tenu. Quil soit necessaire/ uiue ex¬

55 574 612 65 periẽce appertemẽt le demõstre: car

55 619 612 63 certes il est besoing q̃ labõdãce dũg

53 666 614 68 pays supplie ⁊ satisface a ce qͥ def¬

52 713 619 64 fault en lautre. Et ꝑ aĩsi ꝑsõnages

51 764 615 61 laborieux/ diligentz/ industrieux:

55 803 613 67 sõt reqͥs poͬ lentretenemẽt de la cho

53 850 614 70 se publicque: lesquelz sans finesse/

55 900 615 61 sans fraude ou cautelle/ ayẽt a di¬

56 944 616 68 stribuer/ cõmuer/ changer/ conser¬

55 992 617 59 uer/ ⁊ transporter/ plusieurs sortes

53 1039 617 63 de marchãdises dung lieu en autre/

56 1085 615 66 selon lexigence du temps/ ⁊ necessi

55 1131 617 76 te du peuple. Ausq̃lz loyaulx mar¬

412 1175 259 86 A .ii. chans
