918 1540
250 82 621 51 chans est bien licite/ cõme a bons et

252 129 619 55 fideles seruiteurs de la chose cõmu

247 175 620 57 ne/ moderemẽt gaigner ⁊ proffiter/

250 220 619 54 sur leur marchãdise poͬ lẽtretene¬

250 268 620 52 ment de leur estat/ de leur persõne ⁊

250 314 615 60 famille: mais quilz marchandẽt en

247 359 622 55 toute loyaulte/ sans circõuention ⁊

251 405 618 55 dõmage de leur prochain/ sans trõ

250 455 614 58 perie ou aucune deception: car si en

249 499 620 54 eulx nest trouuee fidelite/ ⁊ entiere

251 545 616 54 uerite/ ilz ne sont pas marchans:

250 591 619 57 mais plus tost affectez larrons/ et

251 637 358 57 cauteleux galandz.

296 677 573 64 Par similitude de cest estat/ Ie¬

250 732 619 58 suchrist a apprins ⁊ enseigne les

251 776 619 59 siẽs/ de multiplier/ accroistre/ ⁊ fai¬

249 826 617 51 re proffiter les talẽtz ⁊ dõs de dieu/

249 870 620 59 lesquelz sont a ung chascun distri¬

249 916 622 55 buez/ selon sa bõne uolunte/ disant

251 962 616 67 ainsi: Marchandez ⁊ proffitez iusq̃

250 1013 621 57 a ce que ie uienne/ ⁊ a son retour a

251 1057 619 62 puny le paresseux ⁊ mauuais ser¬

252 1102 619 60 uiteur qui na point faict sõ deuoir

256 1149 617 95 de apporter fruict du don qͥl auoit

770 1202 103 56 receu

106 390 122 52 i.Thes¬

109 432 132 72 salo.iiii.

110 970 137 59 Luc.xix
