918 1540
57 112 624 63 receu/ donnãt a entẽdre qͥl ne fault

59 160 620 62 pas estre oyseux/ ⁊ q̃ on ne doit pas

56 204 624 61 receuoir les dons de Dieu en uain.

56 252 623 63 Autrement on ne pourra eschapper

56 296 624 62 la punition de Dieu. Et ne fault

57 342 623 67 pas entẽdre/ que il uoulsist parler

56 390 623 66 en cest endroit de la marchãdise cor

56 436 621 65 porelle. Car pour certain cest estat

56 482 621 63 dont ie parle autãt que en la chose

56 530 621 60 tẽporelle ⁊ ciuile est hõnorable/ au¬

56 573 623 66 tãt est il en la chose spirituelle mau

55 619 622 63 dict ⁊ detestable. Et pourtãt sainct

56 666 620 62 Paul en la uertu de Dieu/ deffend

53 712 622 66 a tout hõme qͥ ueult estre ministre

55 761 616 62 ⁊ seruiteur de la chose spirituelle/ qͥ

55 807 621 64 est ladministration de la saincte pa

53 854 622 62 rolle de Dieu ⁊ des ordonnãces de

57 902 618 63 Iesuchrist: q̃ il ne se implicque poĩt

52 950 617 63 aux negoces temporelles ⁊ seculie¬

52 995 615 62 res. Et toutesfoys Dieu a ꝑmis en

53 1039 615 65 sa fureur/ q̃ au lieu de bõs pasteͬs ⁊

53 1085 615 67 ueritables ministres dicelle saincte

55 1133 612 65 parolle/ soyent en leglise suruenuz.

55 1183 613 68 Ie ne dis pas seulemẽt gros mar¬

358 1232 104 57 A .iii.

671 948 145 65 ii.Timo

668 990 116 67 thee.ii.
