918 1540
258 128 616 51 chans: mais furieux larrons/ ⁊ in¬

260 173 473 60 satiables loups rauissans.

308 210 570 73 Ne seroit il pas iuge trõpeur et

256 263 622 64 larron/ celuy qui uendroit la chose

256 310 622 60 qui nest pas siẽne/ ou qui par subtil

254 356 624 64 moyen au lieu dor ⁊ dargẽt uẽdroit

256 400 620 67 estaing ou cuyure? ⁊ lacheteͬ seroit

258 447 618 67 il pas trompe ⁊ deceu? Ainsi certes

260 494 616 68 (long tẽps ya) au grand detrimẽt

258 540 617 65 des ames/ des corps/ ⁊ biẽs du pao¬

259 586 617 67 ure peuple/ nous en est prins/ quãd

258 633 615 65 au lieu de fideles seruiteͬs de dieu/

259 677 617 63 qͥ deuorẽt cõduire ⁊ ẽseigner le pao¬

258 725 620 65 ure mõde a la uoye de salut/ sõt en¬

262 771 611 73 trez/ nõ par lhuys qͥ est Iesuchrist:

260 820 618 59 mais par uiolẽce ont mõte par au¬

259 863 619 67 tre lieu faulx ĩposteurs. Et (cõme

262 913 618 64 S. Pierre dit) faulx maistres men

261 958 618 62 songiers/ introduisãs sectes de per¬

261 1002 619 65 dition/ renonceãs le Seigñr qͥ les a

263 1049 619 67 racheptez/ blasphemãtz la uoye de

265 1095 615 68 uerite: lesquelz en auarice par fein¬

261 1143 622 64 tes parolles de nous marchãs ont

263 1187 621 102 marchãde: car telz ouuriers diniqͥte

785 1234 98 62 nont

124 791 133 54 Iehã.x.

118 920 125 56 i.Pier¬

118 963 88 52 re.ii.
