<?xml version="1.0" encoding="UTF-8"?>
<alto xmlns:xsi="http://www.w3.org/2001/XMLSchema-instance"
      xmlns="http://www.loc.gov/standards/alto/ns-v4#"
      xsi:schemaLocation="http://www.loc.gov/standards/alto/ns-v4# http://www.loc.gov/standards/alto/v4/alto-4-2.xsd">
  <Description>
    <MeasurementUnit>pixel</MeasurementUnit>
    <sourceImageInformation>
      <fileName>16_58d1a_default.jpg</fileName>
      <fileIdentifier>https://www.e-rara.ch/i3f/v20/11399572/full/full/0/default.jpg</fileIdentifier>
    </sourceImageInformation>
  </Description>
  
  <Tags>
    <OtherTag ID="BT1513" LABEL="DropCapitalZone" DESCRIPTION="block type DropCapitalZone"/><OtherTag ID="BT1514" LABEL="GraphicZone" DESCRIPTION="block type GraphicZone"/><OtherTag ID="BT1515" LABEL="MainZone" DESCRIPTION="block type MainZone"/><OtherTag ID="BT1516" LABEL="MarginTextZone" DESCRIPTION="block type MarginTextZone"/><OtherTag ID="BT1518" LABEL="RunningTitleZone" DESCRIPTION="block type RunningTitleZone"/><OtherTag ID="BT1521" LABEL="QuireMarksZone" DESCRIPTION="block type QuireMarksZone"/><OtherTag ID="BT1522" LABEL="StampZone" DESCRIPTION="block type StampZone"/><OtherTag ID="BT1526" LABEL="TitlePageZone" DESCRIPTION="block type TitlePageZone"/>
    <OtherTag ID="LT567" LABEL="DefaultLine" DESCRIPTION="line type DefaultLine"/><OtherTag ID="LT568" LABEL="HeadingLine" DESCRIPTION="line type HeadingLine"/><OtherTag ID="LT569" LABEL="DropCapitalLine" DESCRIPTION="line type DropCapitalLine"/>
  </Tags>
  
  <Layout>
    <Page WIDTH="918"
          HEIGHT="1540"
          PHYSICAL_IMG_NR="16"
          ID="eSc_dummypage_">
      <PrintSpace HPOS="0"
                  VPOS="0"
                  WIDTH="918"
                  HEIGHT="1540">
        
        <TextBlock HPOS="32"
                   VPOS="108"
                   WIDTH="652"
                   HEIGHT="1126"
                   ID="eSc_textblock_dd11228a"
                   TAGREFS="BT1515">
          <Shape><Polygon POINTS="32 108 34 1234 684 1234 684 109"/></Shape>
          
          
          <TextLine ID="eSc_line_e29002ba"
                    TAGREFS="LT567"
                    BASELINE="44 155 223 151 657 155" 
                    HPOS="43"
                    VPOS="116"
                    WIDTH="614"
                    HEIGHT="53">
            <Shape><Polygon POINTS="647 121 634 121 621 121 608 121 595 121 582 120 570 120 557 120 544 120 531 120 518 120 505 119 493 119 480 119 467 119 454 119 441 118 428 118 415 118 403 118 390 118 377 118 364 116 351 116 338 116 326 116 313 116 300 116 69 116 56 120 47 123 44 155 43 157 82 166 83 166 84 166 105 159 107 159 109 159 133 166 134 166 136 166 137 166 154 160 157 159 177 160 238 166 240 166 241 166 251 161 256 159 295 162 327 165 328 165 340 162 367 157 381 164 390 168 391 168 392 168 412 164 439 159 450 165 455 168 457 168 458 168 459 168 464 165 478 159 595 159 606 165 607 165 608 165 609 165 611 165 623 159 631 166 631 168 632 168 634 168 635 169 656 169 657 155 656 121 647 121"/></Shape>
	    <String CONTENT="nont rien oublie/ rien obmis/ rien"
                    HPOS="43"
                    VPOS="116"
                    WIDTH="614"
                    HEIGHT="53"></String>
          </TextLine>

          
          
          <TextLine ID="eSc_line_bc1e05d1"
                    TAGREFS="LT567"
                    BASELINE="43 198 659 201" 
                    HPOS="42"
                    VPOS="155"
                    WIDTH="617"
                    HEIGHT="51">
            <Shape><Polygon POINTS="42 204 657 206 659 201 654 156 641 164 541 156 537 156 536 156 535 156 516 164 498 156 496 156 495 156 491 156 354 164 341 156 340 156 338 156 337 156 336 156 335 156 335 157 328 164 214 164 205 155 204 155 202 155 132 155 130 155 129 155 128 155 120 161 97 155 96 155 95 155 93 155 69 162 44 155 43 198 42 204"/></Shape>
	    <String CONTENT="delaisse/ dequoy par cauteleuses in¬"
                    HPOS="42"
                    VPOS="155"
                    WIDTH="617"
                    HEIGHT="51"></String>
          </TextLine>

          
          
          <TextLine ID="eSc_line_60410528"
                    TAGREFS="LT567"
                    BASELINE="43 243 658 246" 
                    HPOS="42"
                    VPOS="202"
                    WIDTH="616"
                    HEIGHT="59">
            <Shape><Polygon POINTS="43 243 42 248 147 260 148 261 188 261 188 260 190 260 191 260 202 251 204 251 264 251 268 252 283 260 285 260 286 260 287 260 308 254 314 251 383 251 386 254 395 261 396 261 398 261 399 261 400 261 418 255 424 252 433 255 454 261 455 261 457 261 503 256 525 254 536 256 545 259 546 259 548 259 549 259 550 259 550 257 552 256 555 254 562 256 568 261 570 261 571 261 572 261 573 261 575 261 580 257 582 255 656 257 658 246 657 210 468 204 467 204 391 209 368 210 359 209 327 202 326 202 324 202 311 209 295 209 136 202 134 202 43 207 43 243"/></Shape>
	    <String CONTENT="uentions ne ayent marchãde a leur"
                    HPOS="42"
                    VPOS="202"
                    WIDTH="616"
                    HEIGHT="59"></String>
          </TextLine>

          
          
          <TextLine ID="eSc_line_35c0ac20"
                    TAGREFS="LT567"
                    BASELINE="46 292 365 290" 
                    HPOS="44"
                    VPOS="245"
                    WIDTH="321"
                    HEIGHT="63">
            <Shape><Polygon POINTS="241 245 240 245 237 245 224 245 211 245 204 245 202 245 201 245 175 256 155 256 146 247 146 246 145 246 143 246 84 246 83 246 82 246 44 256 46 292 46 308 100 297 125 306 127 306 128 306 129 306 130 306 133 306 156 299 163 305 165 306 165 308 166 308 168 308 169 308 188 304 231 296 291 296 299 301 305 306 306 306 308 306 309 306 365 299 365 290 363 255 258 255 242 245 241 245"/></Shape>
	    <String CONTENT="plaisir ⁊ uouloir."
                    HPOS="44"
                    VPOS="245"
                    WIDTH="321"
                    HEIGHT="63"></String>
          </TextLine>

          
          
          <TextLine ID="eSc_line_f368f61c"
                    TAGREFS="LT567"
                    BASELINE="95 341 665 337" 
                    HPOS="93"
                    VPOS="284"
                    WIDTH="572"
                    HEIGHT="71">
            <Shape><Polygon POINTS="363 291 350 291 337 291 324 291 323 291 318 296 314 300 283 300 276 295 269 291 260 291 255 291 250 295 243 300 234 295 225 291 222 291 209 291 197 295 182 301 156 301 147 295 143 292 132 292 119 292 114 292 93 293 95 341 95 355 147 347 247 352 279 354 281 354 282 354 283 354 286 351 296 346 378 350 441 352 442 352 507 351 508 351 509 351 513 347 517 345 549 346 634 351 635 351 636 351 665 343 665 337 662 299 586 299 585 297 558 287 557 287 555 287 554 287 553 287 544 293 508 288 507 288 505 288 504 288 493 297 491 297 489 297 440 284 439 284 437 284 364 286 363 291"/></Shape>
	    <String CONTENT="Il nest esperit qui sceust cõpren"
                    HPOS="93"
                    VPOS="284"
                    WIDTH="572"
                    HEIGHT="71"></String>
          </TextLine>

          
          
          <TextLine ID="eSc_line_9fa52fcd"
                    TAGREFS="LT567"
                    BASELINE="43 385 662 382" 
                    HPOS="42"
                    VPOS="338"
                    WIDTH="620"
                    HEIGHT="61">
            <Shape><Polygon POINTS="535 338 534 338 532 338 495 346 487 347 485 346 477 341 476 341 475 341 473 341 412 345 408 345 401 340 389 340 353 345 327 347 318 343 309 340 308 340 306 340 305 340 296 343 286 347 260 343 245 341 243 341 242 341 241 341 238 342 229 349 199 349 193 342 191 341 183 341 177 341 166 342 112 349 42 341 43 385 44 399 75 390 83 396 83 397 84 397 86 397 87 397 88 397 106 390 134 397 136 397 137 397 206 390 224 397 225 397 227 397 228 397 232 397 268 390 353 396 362 396 363 396 371 396 435 388 471 395 475 395 476 395 477 395 478 395 494 388 659 392 662 382 659 349 545 349 544 346 536 340 536 338 535 338"/></Shape>
	    <String CONTENT="dre/ ne langue declarer/ toꝰ les mar"
                    HPOS="42"
                    VPOS="338"
                    WIDTH="620"
                    HEIGHT="61"></String>
          </TextLine>

          
          
          <TextLine ID="eSc_line_e686f1d9"
                    TAGREFS="LT567"
                    BASELINE="44 431 663 431" 
                    HPOS="44"
                    VPOS="388"
                    WIDTH="619"
                    HEIGHT="58">
            <Shape><Polygon POINTS="44 431 44 438 129 445 130 445 132 445 133 445 133 444 139 438 139 437 313 437 315 437 324 445 326 445 327 445 328 445 329 445 356 438 372 445 373 445 374 445 451 437 455 437 463 444 463 445 464 445 466 445 467 446 513 446 513 445 514 445 516 445 516 444 522 438 588 444 589 444 590 444 608 437 640 445 641 445 643 445 644 445 663 436 663 431 662 388 627 395 546 390 526 388 525 388 523 388 521 390 512 395 507 390 505 388 504 388 503 388 502 388 500 388 499 388 498 390 493 393 487 390 486 388 485 388 484 388 482 388 463 391 428 395 412 391 400 388 399 388 398 388 381 391 364 395 349 392 332 388 331 388 329 388 322 392 315 396 228 396 220 393 197 388 196 388 155 395 148 395 146 395 130 388 129 388 128 388 127 388 101 395 100 395 98 395 65 388 64 388 62 388 44 395 44 431"/></Shape>
	    <String CONTENT="chez de ces marchans: mais dune si"
                    HPOS="44"
                    VPOS="388"
                    WIDTH="619"
                    HEIGHT="58"></String>
          </TextLine>

          
          
          <TextLine ID="eSc_line_4c2c33a6"
                    TAGREFS="LT567"
                    BASELINE="44 474 663 477" 
                    HPOS="43"
                    VPOS="432"
                    WIDTH="620"
                    HEIGHT="60">
            <Shape><Polygon POINTS="261 432 250 432 237 432 224 432 211 432 210 432 209 432 207 432 207 433 200 440 159 432 157 432 156 432 136 440 133 440 44 440 44 474 43 488 82 491 83 491 84 491 89 490 102 483 111 490 114 491 115 491 116 491 118 492 157 492 157 491 159 491 160 491 163 490 173 483 182 490 184 491 186 491 187 491 188 492 251 492 251 491 252 491 258 490 278 483 329 490 354 492 355 492 356 492 362 490 373 485 430 485 444 490 450 492 451 492 453 492 467 490 491 486 516 490 530 492 531 492 532 492 534 492 536 490 545 485 661 490 663 477 663 442 631 433 630 433 629 433 627 433 595 441 595 442 549 442 549 441 541 435 541 433 540 433 539 433 404 433 403 433 401 433 400 433 392 441 391 441 381 441 303 435 301 435 300 435 285 440 263 432 261 432"/></Shape>
	    <String CONTENT="grande abisme ⁊ prodigieuse multi"
                    HPOS="43"
                    VPOS="432"
                    WIDTH="620"
                    HEIGHT="60"></String>
          </TextLine>

          
          
          <TextLine ID="eSc_line_c022bf10"
                    TAGREFS="LT567"
                    BASELINE="44 521 662 524" 
                    HPOS="43"
                    VPOS="477"
                    WIDTH="619"
                    HEIGHT="62">
            <Shape><Polygon POINTS="44 521 43 527 130 536 132 536 133 536 134 536 134 535 141 530 143 527 249 527 265 532 283 537 285 537 286 537 287 537 300 532 310 528 347 533 381 537 382 537 408 535 451 528 482 536 485 536 486 536 487 536 489 536 490 536 500 530 512 536 517 539 518 539 519 539 548 537 636 530 658 539 662 524 661 479 614 479 613 479 612 479 611 479 600 487 568 479 566 479 564 479 563 479 562 479 553 488 472 488 450 481 441 478 440 478 439 478 437 478 428 481 410 486 392 481 381 478 380 478 378 478 377 478 368 481 354 487 311 487 305 482 301 478 300 478 299 478 297 478 296 478 281 482 264 486 123 486 120 483 111 477 110 477 109 477 107 477 44 483 44 521"/></Shape>
	    <String CONTENT="tude/ aucuns pointz il nous fault"
                    HPOS="43"
                    VPOS="477"
                    WIDTH="619"
                    HEIGHT="62"></String>
          </TextLine>

          
          
          <TextLine ID="eSc_line_c1d14628"
                    TAGREFS="LT567"
                    BASELINE="44 568 662 571" 
                    HPOS="43"
                    VPOS="523"
                    WIDTH="619"
                    HEIGHT="62">
            <Shape><Polygon POINTS="618 524 617 524 607 530 595 535 570 530 554 527 553 527 552 527 550 527 550 528 548 530 543 536 484 536 478 531 473 526 473 524 472 524 471 524 468 524 435 524 433 524 432 524 431 524 431 526 424 531 422 535 385 535 381 531 374 526 374 524 373 524 372 524 371 524 369 524 347 532 340 533 329 532 282 523 276 523 263 523 204 523 202 523 201 523 164 533 161 533 160 533 137 523 136 523 134 523 133 523 132 523 132 524 121 533 121 535 50 535 44 542 44 568 43 576 59 583 60 583 61 585 138 585 138 583 179 574 182 574 196 583 197 583 199 583 200 583 409 576 426 585 427 585 428 585 430 585 448 576 460 585 462 585 463 585 464 585 466 585 485 576 516 576 523 582 523 583 525 583 526 583 527 583 564 576 579 585 580 585 581 585 582 585 661 574 662 571 661 530 620 524 618 524"/></Shape>
	    <String CONTENT="toucher/ laissantz le residu a penser"
                    HPOS="43"
                    VPOS="523"
                    WIDTH="619"
                    HEIGHT="62"></String>
          </TextLine>

          
          
          <TextLine ID="eSc_line_f96f0d43"
                    TAGREFS="LT567"
                    BASELINE="44 614 659 617" 
                    HPOS="43"
                    VPOS="571"
                    WIDTH="616"
                    HEIGHT="59">
            <Shape><Polygon POINTS="44 614 43 622 106 628 107 628 109 628 120 623 130 619 148 624 156 626 157 626 159 626 168 624 188 619 193 624 196 626 196 627 197 627 199 627 200 627 201 627 202 627 205 624 210 621 227 624 241 628 242 628 243 628 245 628 258 626 282 619 317 626 331 628 332 628 333 628 335 628 337 626 346 619 391 627 395 627 396 627 399 627 430 621 440 627 440 628 441 628 442 628 444 628 463 628 594 621 657 630 659 617 659 581 629 572 627 572 626 572 625 572 603 580 603 581 559 581 558 580 548 572 546 572 545 572 544 572 543 572 519 580 518 580 489 572 487 572 486 572 485 572 484 572 484 573 476 580 476 581 437 581 436 580 427 572 426 572 424 572 423 572 276 578 273 578 265 572 265 571 264 571 263 571 261 571 260 571 234 578 233 580 195 580 193 578 183 571 182 571 181 571 179 571 178 571 177 571 169 578 156 572 155 572 154 572 152 572 151 572 142 578 141 578 44 578 44 614"/></Shape>
	    <String CONTENT="a gens de plus subtil entendemẽt."
                    HPOS="43"
                    VPOS="571"
                    WIDTH="616"
                    HEIGHT="59"></String>
          </TextLine>

          
          
          <TextLine ID="eSc_line_0d4c6ccf"
                    TAGREFS="LT567"
                    BASELINE="92 663 659 663" 
                    HPOS="92"
                    VPOS="617"
                    WIDTH="567"
                    HEIGHT="59">
            <Shape><Polygon POINTS="594 617 593 617 591 617 581 623 576 627 532 627 519 623 485 617 484 617 482 617 481 617 481 618 473 624 471 627 412 627 401 624 354 617 353 617 351 617 328 626 326 626 320 626 270 617 269 617 268 617 267 617 254 626 252 627 166 627 142 627 112 617 111 617 110 617 109 617 92 624 92 663 92 676 127 668 134 675 136 675 137 675 138 675 139 675 154 668 186 675 187 675 249 668 256 675 256 676 258 676 259 676 260 676 269 675 310 668 413 668 424 673 430 676 431 676 432 676 464 673 516 668 525 672 531 676 532 676 534 676 659 671 659 663 659 623 595 617 594 617"/></Shape>
	    <String CONTENT="Ces marchãs dõt icy est questiõ"
                    HPOS="92"
                    VPOS="617"
                    WIDTH="567"
                    HEIGHT="59"></String>
          </TextLine>

          
          
          <TextLine ID="eSc_line_afd9f272"
                    TAGREFS="LT567"
                    BASELINE="47 708 662 708" 
                    HPOS="47"
                    VPOS="664"
                    WIDTH="615"
                    HEIGHT="57">
            <Shape><Polygon POINTS="466 664 464 664 463 664 445 673 385 673 358 664 356 664 355 664 354 664 353 664 342 673 309 673 296 664 295 664 294 664 292 664 291 664 260 672 250 664 249 664 247 664 246 664 245 664 218 671 207 664 206 664 205 664 204 664 202 664 201 664 201 666 193 673 137 673 120 664 119 664 118 664 116 664 80 672 48 664 47 708 47 721 123 721 123 719 124 719 125 719 125 718 132 713 164 718 172 719 173 719 174 719 178 718 192 713 385 716 629 719 630 719 662 712 662 708 659 664 636 672 471 664 466 664"/></Shape>
	    <String CONTENT="sont cauteleux a merueilles: ⁊ tant"
                    HPOS="47"
                    VPOS="664"
                    WIDTH="615"
                    HEIGHT="57"></String>
          </TextLine>

          
          
          <TextLine ID="eSc_line_578500c6"
                    TAGREFS="LT567"
                    BASELINE="43 753 662 755" 
                    HPOS="42"
                    VPOS="709"
                    WIDTH="620"
                    HEIGHT="59">
            <Shape><Polygon POINTS="582 709 570 709 557 709 544 709 531 709 518 709 505 709 493 709 480 709 467 709 464 709 462 712 454 719 355 719 347 713 344 709 338 709 326 709 313 709 300 709 299 709 295 713 291 717 286 713 278 709 274 709 261 709 259 709 238 714 225 717 219 714 209 709 197 709 195 709 184 714 179 718 125 718 123 716 115 709 107 709 101 709 88 716 86 717 43 717 43 753 42 764 337 759 353 763 359 766 360 766 362 766 401 763 445 761 450 763 458 768 459 768 460 768 462 768 531 762 555 761 559 762 572 768 573 768 575 768 576 768 590 762 594 761 659 761 662 755 658 709 626 718 591 709 582 709"/></Shape>
	    <String CONTENT="ont multiplie leur marchandise/ et"
                    HPOS="42"
                    VPOS="709"
                    WIDTH="620"
                    HEIGHT="59"></String>
          </TextLine>

          
          
          <TextLine ID="eSc_line_3dac25b3"
                    TAGREFS="LT567"
                    BASELINE="44 799 661 802" 
                    HPOS="43"
                    VPOS="754"
                    WIDTH="618"
                    HEIGHT="60">
            <Shape><Polygon POINTS="582 755 581 755 571 755 558 755 545 755 532 755 519 755 507 755 494 755 481 755 472 755 458 761 451 762 439 761 409 755 404 755 396 755 381 761 368 764 336 761 282 754 276 754 265 754 245 762 238 764 182 764 179 762 173 755 172 755 170 755 169 755 168 755 166 755 157 762 154 763 44 763 44 799 43 807 187 813 188 813 190 813 210 807 216 805 220 807 233 813 234 813 236 813 237 813 258 807 264 805 272 807 299 813 300 813 340 807 351 805 376 807 490 814 491 814 493 814 494 814 494 813 500 807 659 805 661 802 659 759 635 763 622 759 614 757 613 757 612 757 611 757 609 757 606 759 598 764 589 759 584 755 582 755"/></Shape>
	    <String CONTENT="ouurage/ quilz nont laisse uille ne"
                    HPOS="43"
                    VPOS="754"
                    WIDTH="618"
                    HEIGHT="60"></String>
          </TextLine>

          
          
          <TextLine ID="eSc_line_e701bb46"
                    TAGREFS="LT567"
                    BASELINE="48 847 663 845" 
                    HPOS="46"
                    VPOS="799"
                    WIDTH="616"
                    HEIGHT="63">
            <Shape><Polygon POINTS="649 800 636 800 623 800 611 800 598 800 591 800 577 809 527 809 508 802 504 800 495 800 493 800 489 802 467 808 453 803 446 800 444 800 436 800 431 803 419 809 338 809 326 804 313 800 311 800 310 800 309 800 294 805 281 809 277 805 272 802 272 800 270 800 269 800 241 800 240 800 238 800 225 807 220 811 174 811 152 808 55 800 53 800 52 800 51 800 51 802 46 805 47 847 47 855 56 862 57 862 59 862 60 862 102 854 129 862 130 862 132 862 193 854 288 854 322 862 323 862 324 862 326 862 356 853 382 861 383 861 385 861 386 861 387 861 396 854 444 861 445 861 489 853 652 861 653 861 654 861 656 861 656 859 657 859 662 853 662 844 659 799 649 799 649 800"/></Shape>
	    <String CONTENT="uillage/ mõtaigne ne uallee/ quilz"
                    HPOS="46"
                    VPOS="799"
                    WIDTH="616"
                    HEIGHT="63"></String>
          </TextLine>

          
          
          <TextLine ID="eSc_line_df9ab526"
                    TAGREFS="LT567"
                    BASELINE="47 893 650 895" 
                    HPOS="46"
                    VPOS="847"
                    WIDTH="604"
                    HEIGHT="62">
            <Shape><Polygon POINTS="568 847 567 847 561 847 548 847 535 847 522 847 509 847 496 847 484 847 471 847 462 847 460 847 459 847 458 847 446 857 436 857 415 857 414 857 407 849 407 848 405 848 404 848 403 848 401 848 383 854 371 847 369 847 368 847 367 847 328 852 300 847 291 847 285 847 251 853 233 847 227 847 224 847 207 855 195 849 193 849 192 849 191 849 166 855 164 855 47 855 47 893 46 904 231 898 241 906 241 907 242 907 243 907 245 907 246 907 247 907 256 899 282 907 283 907 285 907 286 907 287 907 301 898 346 898 458 906 459 906 460 906 462 906 467 902 475 908 476 908 477 908 478 909 597 909 597 908 598 908 599 908 626 899 647 908 650 895 649 858 608 849 607 849 606 849 580 857 570 848 570 847 568 847"/></Shape>
	    <String CONTENT="ne ayent rẽply de leurs boutiques."
                    HPOS="46"
                    VPOS="847"
                    WIDTH="604"
                    HEIGHT="62"></String>
          </TextLine>

          
          
          <TextLine ID="eSc_line_bca02d5b"
                    TAGREFS="LT567"
                    BASELINE="98 938 659 940" 
                    HPOS="97"
                    VPOS="894"
                    WIDTH="562"
                    HEIGHT="53">
            <Shape><Polygon POINTS="634 895 632 895 570 904 527 897 526 897 525 897 523 897 523 898 516 904 516 906 442 906 441 904 424 895 423 895 419 895 407 895 394 895 381 895 368 895 355 895 342 894 329 894 317 894 310 894 309 894 308 894 306 894 292 903 274 894 273 894 265 894 252 894 251 894 250 894 249 894 249 895 240 903 98 903 98 938 97 947 658 945 659 940 659 906 635 895 634 895"/></Shape>
	    <String CONTENT="Onc ne furẽt plꝰ fins regnardz:"
                    HPOS="97"
                    VPOS="894"
                    WIDTH="562"
                    HEIGHT="53"></String>
          </TextLine>

          
          
          <TextLine ID="eSc_line_fccc533a"
                    TAGREFS="LT567"
                    BASELINE="47 986 659 984" 
                    HPOS="46"
                    VPOS="940"
                    WIDTH="613"
                    HEIGHT="62">
            <Shape><Polygon POINTS="649 940 629 945 571 940 567 940 566 940 564 940 548 948 485 941 467 940 466 940 464 940 463 940 463 941 462 941 455 948 427 943 417 941 415 941 396 943 346 949 341 944 338 943 338 941 337 941 336 941 303 941 301 941 300 941 299 941 294 945 286 949 274 945 260 941 259 941 258 941 256 941 255 941 255 943 251 947 247 950 205 950 199 947 186 941 184 941 183 941 155 948 148 949 143 948 124 941 123 941 121 941 120 941 119 941 119 943 112 949 111 950 46 950 47 986 47 995 166 1001 168 1001 169 1001 170 1001 170 999 175 994 178 993 234 993 238 994 247 1001 249 1001 250 1001 251 1002 336 1002 336 1001 337 1001 351 993 355 992 421 992 440 992 595 999 597 999 659 989 659 984 654 940 649 940"/></Shape>
	    <String CONTENT="car toutes choses ont mis soubz leͬ"
                    HPOS="46"
                    VPOS="940"
                    WIDTH="613"
                    HEIGHT="62"></String>
          </TextLine>

          
          
          <TextLine ID="eSc_line_6564b6ed"
                    TAGREFS="LT567"
                    BASELINE="50 1030 665 1034" 
                    HPOS="48"
                    VPOS="986"
                    WIDTH="617"
                    HEIGHT="62">
            <Shape><Polygon POINTS="109 986 107 986 106 986 105 986 96 994 95 995 91 994 69 986 68 986 66 986 65 986 50 993 50 1030 48 1044 141 1045 142 1045 143 1045 145 1045 145 1044 146 1044 151 1039 160 1044 161 1044 163 1044 164 1044 165 1044 166 1044 177 1038 223 1043 243 1045 245 1045 246 1045 247 1045 247 1044 249 1043 255 1038 340 1038 344 1043 347 1045 347 1047 349 1047 350 1047 351 1047 353 1047 365 1042 374 1039 389 1042 410 1047 412 1047 413 1047 428 1042 436 1039 440 1042 446 1047 448 1047 449 1047 450 1047 482 1042 490 1040 503 1042 580 1048 581 1048 663 1039 665 1034 665 997 597 989 595 989 594 989 593 989 585 995 581 999 482 999 476 995 462 988 460 988 341 988 340 988 309 995 300 997 294 995 273 988 272 988 270 988 269 988 268 988 260 994 259 997 139 997 134 994 110 986 109 986"/></Shape>
	    <String CONTENT="grippe: ⁊ poͬ mieulx demener leur"
                    HPOS="48"
                    VPOS="986"
                    WIDTH="617"
                    HEIGHT="62"></String>
          </TextLine>

          
          
          <TextLine ID="eSc_line_0e243b5f"
                    TAGREFS="LT567"
                    BASELINE="50 1078 665 1080" 
                    HPOS="48"
                    VPOS="1031"
                    WIDTH="617"
                    HEIGHT="59">
            <Shape><Polygon POINTS="653 1034 645 1034 600 1040 559 1034 550 1034 545 1034 528 1040 516 1034 512 1034 499 1034 486 1034 473 1034 460 1034 453 1033 439 1040 437 1042 386 1042 383 1040 367 1033 365 1033 364 1033 310 1039 299 1033 294 1033 281 1033 268 1033 255 1033 245 1031 234 1039 218 1031 216 1031 215 1031 214 1031 213 1031 200 1039 182 1031 181 1031 179 1031 50 1038 50 1078 48 1088 662 1090 665 1080 665 1040 658 1034 653 1034"/></Shape>
	    <String CONTENT="practique/ dõnent a entẽdre q̃ tout"
                    HPOS="48"
                    VPOS="1031"
                    WIDTH="617"
                    HEIGHT="59"></String>
          </TextLine>

          
          
          <TextLine ID="eSc_line_9b0c9299"
                    TAGREFS="LT567"
                    BASELINE="50 1124 667 1126" 
                    HPOS="48"
                    VPOS="1079"
                    WIDTH="619"
                    HEIGHT="60">
            <Shape><Polygon POINTS="614 1080 602 1080 597 1080 590 1085 585 1089 541 1089 536 1085 528 1080 525 1080 512 1080 509 1080 489 1085 481 1088 478 1085 472 1080 460 1080 457 1080 449 1083 401 1080 396 1080 383 1080 371 1080 358 1080 345 1079 332 1079 319 1079 296 1085 245 1079 242 1079 229 1079 218 1079 207 1086 207 1088 159 1088 88 1088 71 1079 70 1079 69 1079 68 1079 60 1081 50 1099 50 1124 48 1135 86 1130 137 1137 156 1138 157 1138 159 1138 163 1135 174 1130 204 1135 219 1138 220 1138 222 1138 228 1135 240 1130 313 1130 317 1134 320 1137 320 1138 322 1138 323 1138 324 1138 365 1134 390 1131 419 1133 513 1139 514 1139 553 1131 554 1131 555 1131 563 1139 564 1139 566 1139 567 1139 609 1133 647 1139 648 1139 649 1139 666 1130 667 1126 667 1085 625 1080 614 1080"/></Shape>
	    <String CONTENT="leur cas est tres grãd bien: ⁊ ne plus"
                    HPOS="48"
                    VPOS="1079"
                    WIDTH="619"
                    HEIGHT="60"></String>
          </TextLine>

          
          
          <TextLine ID="eSc_line_85662cba"
                    TAGREFS="LT567"
                    BASELINE="50 1171 671 1171" 
                    HPOS="50"
                    VPOS="1126"
                    WIDTH="621"
                    HEIGHT="54">
            <Shape><Polygon POINTS="541 1126 540 1126 539 1126 528 1130 519 1134 510 1131 500 1128 499 1128 498 1128 472 1131 450 1134 423 1131 371 1126 369 1126 340 1133 332 1134 329 1133 324 1128 324 1126 323 1126 322 1126 237 1126 236 1126 199 1134 193 1134 191 1134 169 1126 168 1126 166 1126 165 1126 151 1134 150 1134 132 1128 130 1128 129 1128 128 1128 127 1128 118 1134 116 1135 50 1135 50 1171 50 1179 670 1180 671 1171 670 1130 562 1134 553 1130 543 1126 541 1126"/></Shape>
	    <String CONTENT="ne moins q̃ la faulce royne Iezabel"
                    HPOS="50"
                    VPOS="1126"
                    WIDTH="621"
                    HEIGHT="54"></String>
          </TextLine>

          
          
          <TextLine ID="eSc_line_f9fd9fe6"
                    TAGREFS="LT567"
                    BASELINE="56 1220 675 1217" 
                    HPOS="55"
                    VPOS="1172"
                    WIDTH="620"
                    HEIGHT="95">
            <Shape><Polygon POINTS="620 1172 607 1172 594 1179 593 1180 487 1180 487 1179 475 1172 466 1172 463 1172 439 1179 431 1172 427 1172 414 1172 401 1172 389 1172 376 1172 363 1172 358 1172 337 1180 336 1180 333 1180 263 1172 261 1172 260 1172 259 1172 249 1180 219 1172 218 1172 216 1172 178 1180 157 1172 156 1172 155 1172 154 1172 125 1179 96 1172 95 1172 55 1181 56 1220 56 1267 166 1267 166 1266 168 1266 181 1261 219 1243 245 1243 252 1249 252 1251 254 1251 255 1251 256 1251 322 1244 336 1253 347 1261 349 1261 350 1261 351 1261 353 1261 354 1261 354 1260 364 1251 374 1242 392 1247 394 1247 395 1247 396 1247 398 1247 422 1229 517 1229 546 1242 549 1243 550 1243 552 1243 553 1243 554 1243 555 1242 576 1230 595 1239 603 1243 604 1243 606 1243 607 1243 608 1243 608 1242 612 1239 622 1229 674 1235 675 1217 672 1179 621 1172 620 1172"/></Shape>
	    <String CONTENT="paingnoit ses yeulx ⁊ toute sa face"
                    HPOS="55"
                    VPOS="1172"
                    WIDTH="620"
                    HEIGHT="95"></String>
          </TextLine>

          
        </TextBlock>
        
        <TextBlock HPOS="387"
                   VPOS="1226"
                   WIDTH="300"
                   HEIGHT="62"
                   ID="eSc_textblock_1d77c648"
                   TAGREFS="BT1516">
          <Shape><Polygon POINTS="387 1226 387 1288 687 1288 687 1226"/></Shape>
          
          
          <TextLine ID="eSc_line_c9bee957"
                    TAGREFS="LT567"
                    BASELINE="407 1269 679 1265" 
                    HPOS="405"
                    VPOS="1219"
                    WIDTH="274"
                    HEIGHT="70">
            <Shape><Polygon POINTS="623 1219 617 1219 608 1228 589 1220 588 1220 586 1220 537 1228 525 1229 522 1226 513 1220 513 1219 512 1219 510 1219 509 1219 405 1225 407 1269 409 1283 422 1275 460 1275 476 1280 504 1289 505 1289 507 1289 508 1289 509 1289 509 1288 521 1278 525 1274 536 1274 541 1276 559 1289 561 1289 562 1289 563 1289 630 1288 631 1288 679 1270 679 1265 676 1229 629 1219 623 1219"/></Shape>
	    <String CONTENT="A .iiii. de fuc"
                    HPOS="405"
                    VPOS="1219"
                    WIDTH="274"
                    HEIGHT="70"></String>
          </TextLine>

          
        </TextBlock>
        

        
      </PrintSpace>
    </Page>
  </Layout>
</alto>
