<?xml version="1.0" encoding="UTF-8"?>
<alto xmlns:xsi="http://www.w3.org/2001/XMLSchema-instance"
      xmlns="http://www.loc.gov/standards/alto/ns-v4#"
      xsi:schemaLocation="http://www.loc.gov/standards/alto/ns-v4# http://www.loc.gov/standards/alto/v4/alto-4-2.xsd">
  <Description>
    <MeasurementUnit>pixel</MeasurementUnit>
    <sourceImageInformation>
      <fileName>17_ebf74_default.jpg</fileName>
      <fileIdentifier>https://www.e-rara.ch/i3f/v20/11399573/full/full/0/default.jpg</fileIdentifier>
    </sourceImageInformation>
  </Description>
  
  <Tags>
    <OtherTag ID="BT1513" LABEL="DropCapitalZone" DESCRIPTION="block type DropCapitalZone"/><OtherTag ID="BT1514" LABEL="GraphicZone" DESCRIPTION="block type GraphicZone"/><OtherTag ID="BT1515" LABEL="MainZone" DESCRIPTION="block type MainZone"/><OtherTag ID="BT1516" LABEL="MarginTextZone" DESCRIPTION="block type MarginTextZone"/><OtherTag ID="BT1518" LABEL="RunningTitleZone" DESCRIPTION="block type RunningTitleZone"/><OtherTag ID="BT1521" LABEL="QuireMarksZone" DESCRIPTION="block type QuireMarksZone"/><OtherTag ID="BT1522" LABEL="StampZone" DESCRIPTION="block type StampZone"/><OtherTag ID="BT1526" LABEL="TitlePageZone" DESCRIPTION="block type TitlePageZone"/>
    <OtherTag ID="LT567" LABEL="DefaultLine" DESCRIPTION="line type DefaultLine"/><OtherTag ID="LT568" LABEL="HeadingLine" DESCRIPTION="line type HeadingLine"/><OtherTag ID="LT569" LABEL="DropCapitalLine" DESCRIPTION="line type DropCapitalLine"/>
  </Tags>
  
  <Layout>
    <Page WIDTH="918"
          HEIGHT="1540"
          PHYSICAL_IMG_NR="17"
          ID="eSc_dummypage_">
      <PrintSpace HPOS="0"
                  VPOS="0"
                  WIDTH="918"
                  HEIGHT="1540">
        
        <TextBlock HPOS="234"
                   VPOS="71"
                   WIDTH="669"
                   HEIGHT="1172"
                   ID="eSc_textblock_113f2d77"
                   TAGREFS="BT1515">
          <Shape><Polygon POINTS="257 71 234 1243 878 1228 903 73"/></Shape>
          
          
          <TextLine ID="eSc_line_7453da60"
                    TAGREFS="LT567"
                    BASELINE="274 132 889 142" 
                    HPOS="274"
                    VPOS="94"
                    WIDTH="615"
                    HEIGHT="63">
            <Shape><Polygon POINTS="880 106 889 107 889 142 888 150 819 157 816 157 788 150 765 156 761 156 734 148 679 155 676 155 659 147 629 154 627 154 598 147 588 154 582 154 553 146 527 152 523 152 502 146 281 148 279 148 274 148 275 94 287 94 290 96 300 94 319 94 332 96 358 96 360 97 369 96 383 96 396 97 435 97 448 98 499 98 512 100 563 100 576 101 627 101 640 102 692 102 704 103 756 103 769 105 820 105 833 106"/></Shape>
	    <String CONTENT="de fuc de couleur rouge ⁊ autres far"
                    HPOS="274"
                    VPOS="94"
                    WIDTH="615"
                    HEIGHT="63"></String>
          </TextLine>

          
          
          <TextLine ID="eSc_line_e616924e"
                    TAGREFS="LT567"
                    BASELINE="267 180 887 188" 
                    HPOS="265"
                    VPOS="137"
                    WIDTH="622"
                    HEIGHT="58">
            <Shape><Polygon POINTS="267 180 265 195 885 195 887 188 885 152 843 143 842 143 840 143 810 151 808 151 806 151 776 142 775 142 774 142 772 142 754 150 754 151 689 151 686 150 662 141 661 141 599 141 598 141 597 141 595 141 595 142 589 148 588 148 559 139 558 139 557 139 390 146 371 146 362 146 291 137 290 137 288 137 267 143 267 180"/></Shape>
	    <String CONTENT="deries/ pour sẽbler belle/ ⁊ euiter la"
                    HPOS="265"
                    VPOS="137"
                    WIDTH="622"
                    HEIGHT="58"></String>
          </TextLine>

          
          
          <TextLine ID="eSc_line_314f54f4"
                    TAGREFS="LT567"
                    BASELINE="269 225 884 233" 
                    HPOS="268"
                    VPOS="183"
                    WIDTH="616"
                    HEIGHT="65">
            <Shape><Polygon POINTS="475 184 473 184 472 184 437 192 436 192 319 192 318 191 299 183 297 183 296 183 295 183 269 189 269 225 268 241 780 241 789 241 848 248 849 248 883 241 884 233 883 198 781 188 780 188 779 188 778 188 765 196 733 188 731 188 730 188 685 196 680 196 679 196 661 187 659 187 658 187 657 187 634 192 576 186 575 186 573 186 554 193 504 187 503 187 502 187 487 193 476 184 475 184"/></Shape>
	    <String CONTENT="fureur de Iehu. Aĩsi ses cõuoiteux"
                    HPOS="268"
                    VPOS="183"
                    WIDTH="616"
                    HEIGHT="65"></String>
          </TextLine>

          
          
          <TextLine ID="eSc_line_4b6b660e"
                    TAGREFS="LT567"
                    BASELINE="268 275 884 281" 
                    HPOS="267"
                    VPOS="233"
                    WIDTH="617"
                    HEIGHT="59">
            <Shape><Polygon POINTS="268 275 267 282 453 290 454 290 555 284 564 284 567 284 595 291 597 291 716 286 718 286 727 292 729 292 730 292 731 292 883 286 884 281 883 246 846 237 844 237 797 245 792 245 790 245 776 237 775 237 774 237 635 242 577 243 570 241 554 234 553 234 552 234 550 234 531 241 523 242 512 239 490 236 489 236 454 239 423 242 413 238 398 233 396 233 395 233 268 236 268 275"/></Shape>
	    <String CONTENT="de gloire/ auaricieux marchãs/ far"
                    HPOS="267"
                    VPOS="233"
                    WIDTH="617"
                    HEIGHT="59"></String>
          </TextLine>

          
          
          <TextLine ID="eSc_line_6d86b982"
                    TAGREFS="LT567"
                    BASELINE="265 322 882 327" 
                    HPOS="264"
                    VPOS="278"
                    WIDTH="618"
                    HEIGHT="62">
            <Shape><Polygon POINTS="265 322 264 332 399 336 400 336 401 336 409 332 415 329 421 332 427 337 428 337 430 337 431 338 539 338 539 337 562 332 571 331 581 332 609 338 611 338 702 332 713 332 716 332 738 340 739 340 740 340 788 333 862 340 864 340 865 340 880 332 882 327 882 288 855 282 853 282 852 282 851 282 824 288 822 288 817 288 727 281 726 281 725 281 707 287 706 287 681 281 680 281 679 281 652 287 648 287 561 287 559 286 550 279 549 279 548 279 505 279 504 279 503 279 502 279 502 281 496 284 495 287 421 287 414 284 398 278 396 278 395 278 394 278 382 283 380 284 378 283 365 278 364 278 363 278 265 282 265 322"/></Shape>
	    <String CONTENT="dẽt leur ouurage/ attribuãtz a eulx"
                    HPOS="264"
                    VPOS="278"
                    WIDTH="618"
                    HEIGHT="62"></String>
          </TextLine>

          
          
          <TextLine ID="eSc_line_1a58f41e"
                    TAGREFS="LT567"
                    BASELINE="265 369 885 373" 
                    HPOS="264"
                    VPOS="327"
                    WIDTH="621"
                    HEIGHT="59">
            <Shape><Polygon POINTS="265 369 264 376 322 383 323 383 454 377 463 377 464 377 472 385 473 385 475 385 476 385 632 379 679 386 680 386 681 386 683 386 683 385 689 379 727 386 729 386 730 386 756 379 866 386 867 386 869 386 884 378 885 373 885 329 817 329 816 329 815 329 814 329 805 337 733 329 721 329 720 329 718 329 715 331 689 337 677 331 675 328 674 328 672 328 671 328 658 331 635 336 585 331 562 329 561 329 559 329 552 332 536 336 526 332 517 328 516 328 514 328 513 328 502 332 490 336 446 332 407 329 405 329 404 329 392 333 387 334 385 333 377 327 376 327 374 327 373 327 265 333 265 369"/></Shape>
	    <String CONTENT="mesmes ce qui appartient au seul"
                    HPOS="264"
                    VPOS="327"
                    WIDTH="621"
                    HEIGHT="59"></String>
          </TextLine>

          
          
          <TextLine ID="eSc_line_c425aef3"
                    TAGREFS="LT567"
                    BASELINE="265 419 882 419" 
                    HPOS="265"
                    VPOS="373"
                    WIDTH="617"
                    HEIGHT="58">
            <Shape><Polygon POINTS="790 373 789 373 788 373 765 379 757 373 756 373 754 373 753 373 752 373 751 373 739 381 738 382 730 381 689 374 688 374 686 374 670 381 666 382 661 381 644 373 643 373 641 373 640 373 617 379 608 382 591 379 546 373 545 373 544 373 528 379 519 383 485 383 481 378 477 376 477 374 476 374 475 374 473 374 472 374 460 378 451 382 442 378 432 373 431 373 430 373 428 373 412 378 395 382 265 377 265 419 265 431 882 431 882 419 882 383 821 376 820 376 819 376 817 376 811 381 792 373 790 373"/></Shape>
	    <String CONTENT="Dieu/ cõme iustice/ uertu/ sapiẽce/"
                    HPOS="265"
                    VPOS="373"
                    WIDTH="617"
                    HEIGHT="58"></String>
          </TextLine>

          
          
          <TextLine ID="eSc_line_04faddda"
                    TAGREFS="LT567"
                    BASELINE="265 463 883 467" 
                    HPOS="264"
                    VPOS="420"
                    WIDTH="619"
                    HEIGHT="59">
            <Shape><Polygon POINTS="772 420 771 420 770 420 711 427 693 428 613 428 611 426 606 420 599 420 586 420 573 420 561 420 548 420 544 424 540 427 523 424 498 420 496 420 484 420 481 420 469 423 459 426 265 422 265 463 264 474 381 470 392 476 396 477 398 477 399 477 400 477 407 476 422 470 435 476 440 477 441 477 442 477 444 477 445 477 448 476 454 470 463 476 469 478 471 478 472 478 555 474 616 472 629 474 652 478 653 478 699 473 706 473 707 473 712 478 712 479 713 479 715 479 716 479 824 473 826 473 844 479 846 479 847 479 882 472 883 467 882 429 810 429 808 428 799 422 798 422 797 422 796 422 794 422 781 427 774 420 772 420"/></Shape>
	    <String CONTENT="pardon/ misericorde/ remissiõ de pe"
                    HPOS="264"
                    VPOS="420"
                    WIDTH="619"
                    HEIGHT="59"></String>
          </TextLine>

          
          
          <TextLine ID="eSc_line_767f34b6"
                    TAGREFS="LT567"
                    BASELINE="268 508 884 513" 
                    HPOS="267"
                    VPOS="464"
                    WIDTH="617"
                    HEIGHT="62">
            <Shape><Polygon POINTS="680 467 679 467 677 467 659 474 658 476 657 474 644 467 643 467 641 467 593 467 591 467 590 467 589 467 577 474 576 476 572 474 544 465 543 465 541 465 458 474 448 474 444 473 412 464 410 464 409 464 408 464 376 473 374 474 318 474 317 473 305 464 304 464 303 464 301 464 300 464 268 472 268 508 267 515 286 522 287 522 288 522 557 517 573 517 575 517 599 524 600 524 602 524 711 519 742 526 743 526 883 518 884 513 884 477 812 468 811 468 810 468 808 468 797 476 796 477 790 476 762 468 761 468 760 468 758 468 757 468 747 476 744 477 707 477 704 476 681 467 680 467"/></Shape>
	    <String CONTENT="che/ ayãt tousioͬs en la bouche/ sire"
                    HPOS="267"
                    VPOS="464"
                    WIDTH="617"
                    HEIGHT="62"></String>
          </TextLine>

          
          
          <TextLine ID="eSc_line_b3d44392"
                    TAGREFS="LT567"
                    BASELINE="267 559 883 559" 
                    HPOS="267"
                    VPOS="514"
                    WIDTH="616"
                    HEIGHT="58">
            <Shape><Polygon POINTS="267 559 267 564 344 572 345 572 346 572 359 565 398 572 399 572 437 565 440 565 444 565 528 572 530 572 588 565 591 565 595 565 638 572 639 572 640 572 658 565 659 565 661 565 684 572 685 572 686 572 883 565 883 559 883 523 855 523 855 522 846 514 844 514 843 514 842 514 840 514 821 522 820 522 267 515 267 559"/></Shape>
	    <String CONTENT="Dieu/ graces a Dieu/ au nom de"
                    HPOS="267"
                    VPOS="514"
                    WIDTH="616"
                    HEIGHT="58"></String>
          </TextLine>

          
          
          <TextLine ID="eSc_line_5f0e5b79"
                    TAGREFS="LT567"
                    BASELINE="265 604 879 608" 
                    HPOS="264"
                    VPOS="559"
                    WIDTH="615"
                    HEIGHT="53">
            <Shape><Polygon POINTS="856 560 846 560 822 567 820 567 817 567 779 560 767 560 761 565 760 567 752 565 721 560 720 560 699 564 689 567 684 564 676 560 663 560 658 560 647 564 639 565 629 563 613 560 612 560 600 560 594 563 585 567 478 567 466 560 458 560 445 560 436 560 418 564 326 560 317 560 304 560 291 560 278 560 265 559 265 604 264 612 878 612 879 608 879 568 857 560 856 560"/></Shape>
	    <String CONTENT="Dieu/ de lautorite de Dieu/ de S."
                    HPOS="264"
                    VPOS="559"
                    WIDTH="615"
                    HEIGHT="53"></String>
          </TextLine>

          
          
          <TextLine ID="eSc_line_02aa8227"
                    TAGREFS="LT567"
                    BASELINE="265 649 880 653" 
                    HPOS="264"
                    VPOS="605"
                    WIDTH="616"
                    HEIGHT="59">
            <Shape><Polygon POINTS="860 608 858 608 822 614 820 614 812 608 811 608 810 608 808 608 784 613 778 614 767 613 730 608 729 608 667 612 632 613 630 610 626 608 626 607 625 607 623 607 622 607 572 609 510 613 484 608 476 607 471 607 459 605 427 607 303 612 270 605 265 605 265 649 264 658 427 655 437 659 444 662 445 662 446 662 476 659 500 657 523 659 563 663 564 663 595 658 609 657 622 658 649 663 650 663 652 663 653 663 658 658 661 657 688 658 785 664 787 664 879 657 880 653 880 616 861 608 860 608"/></Shape>
	    <String CONTENT="Pierre de S. Paul ⁊c. Uoyla le"
                    HPOS="264"
                    VPOS="605"
                    WIDTH="616"
                    HEIGHT="59"></String>
          </TextLine>

          
          
          <TextLine ID="eSc_line_1002bf39"
                    TAGREFS="LT567"
                    BASELINE="264 696 875 700" 
                    HPOS="263"
                    VPOS="653"
                    WIDTH="612"
                    HEIGHT="59">
            <Shape><Polygon POINTS="264 696 263 707 654 704 677 705 738 712 739 712 821 705 822 705 844 712 846 712 847 712 848 712 874 704 875 700 874 657 793 655 792 655 790 655 789 655 789 657 779 664 706 664 681 657 672 654 671 654 670 654 668 654 661 657 645 662 625 657 614 654 613 654 612 654 598 657 570 663 487 663 481 657 478 654 477 654 476 654 475 654 460 657 444 660 419 657 391 653 390 653 264 657 264 696"/></Shape>
	    <String CONTENT="fard/ la paincture de leur malice/"
                    HPOS="263"
                    VPOS="653"
                    WIDTH="612"
                    HEIGHT="59"></String>
          </TextLine>

          
          
          <TextLine ID="eSc_line_8acc3c12"
                    TAGREFS="LT567"
                    BASELINE="263 744 879 746" 
                    HPOS="261"
                    VPOS="700"
                    WIDTH="618"
                    HEIGHT="58">
            <Shape><Polygon POINTS="263 744 261 750 454 750 455 750 464 757 466 757 467 757 468 757 512 750 514 750 527 757 528 757 530 757 706 752 727 758 729 758 730 758 878 750 879 746 878 709 837 701 835 701 834 701 833 701 825 708 824 710 711 710 704 708 683 701 681 701 680 701 679 701 677 701 668 708 667 709 665 708 656 701 654 701 653 701 652 701 617 708 607 709 598 708 567 700 535 700 534 700 532 700 531 700 523 707 522 707 514 700 513 700 512 700 454 700 453 700 451 700 450 700 440 707 436 708 263 707 263 744"/></Shape>
	    <String CONTENT="autrement ilz scauent bien que de"
                    HPOS="261"
                    VPOS="700"
                    WIDTH="618"
                    HEIGHT="58"></String>
          </TextLine>

          
          
          <TextLine ID="eSc_line_f315f875"
                    TAGREFS="LT567"
                    BASELINE="263 789 876 791" 
                    HPOS="261"
                    VPOS="748"
                    WIDTH="615"
                    HEIGHT="59">
            <Shape><Polygon POINTS="869 757 597 749 595 749 594 749 573 757 571 757 570 757 553 748 552 748 550 748 505 755 504 757 481 757 481 755 473 749 473 748 472 748 471 748 469 748 468 748 442 755 441 757 350 757 349 755 341 748 340 748 338 748 337 748 263 754 263 789 261 798 407 804 408 804 409 804 410 804 414 800 421 796 568 802 599 803 600 803 609 803 668 798 695 804 704 805 706 805 707 805 711 804 724 798 780 798 790 805 792 805 793 805 794 807 828 807 828 805 829 805 830 805 839 798 874 805 876 791 875 784 869 757"/></Shape>
	    <String CONTENT="eulx on ne tiendroit compte/ et que"
                    HPOS="261"
                    VPOS="748"
                    WIDTH="615"
                    HEIGHT="59"></String>
          </TextLine>

          
          
          <TextLine ID="eSc_line_17cdfb91"
                    TAGREFS="LT567"
                    BASELINE="260 836 774 839" 
                    HPOS="259"
                    VPOS="791"
                    WIDTH="515"
                    HEIGHT="53">
            <Shape><Polygon POINTS="259 844 772 844 774 839 774 804 693 793 692 793 690 793 674 802 672 802 662 800 597 793 595 793 594 793 593 793 593 794 586 799 584 803 554 803 539 798 517 791 516 791 514 791 491 796 475 800 448 795 423 791 422 791 421 791 419 791 419 793 417 795 410 802 333 802 323 794 322 794 320 794 319 794 318 794 295 800 261 791 260 836 259 844"/></Shape>
	    <String CONTENT="leur cas tãtost seroit a ruine."
                    HPOS="259"
                    VPOS="791"
                    WIDTH="515"
                    HEIGHT="53"></String>
          </TextLine>

          
          
          <TextLine ID="eSc_line_008768f6"
                    TAGREFS="LT567"
                    BASELINE="309 881 875 886" 
                    HPOS="308"
                    VPOS="838"
                    WIDTH="567"
                    HEIGHT="62">
            <Shape><Polygon POINTS="874 845 870 841 761 849 730 839 729 839 727 839 726 839 725 839 724 839 704 849 656 849 643 839 641 839 640 839 639 839 555 847 546 839 540 839 527 839 514 838 502 838 500 838 450 847 363 847 354 838 347 838 335 838 322 838 309 838 309 881 308 893 414 888 468 894 498 897 499 897 522 893 550 889 584 893 627 898 629 898 630 898 631 898 631 897 636 893 638 891 638 893 641 895 641 897 643 897 644 897 645 897 697 891 720 890 727 891 756 899 757 899 758 900 826 900 826 899 828 899 829 899 829 898 837 891 874 891 875 886 874 845 874 845"/></Shape>
	    <String CONTENT="En marchãdant font bõne mi¬"
                    HPOS="308"
                    VPOS="838"
                    WIDTH="567"
                    HEIGHT="62"></String>
          </TextLine>

          
          
          <TextLine ID="eSc_line_e9de5ba4"
                    TAGREFS="LT567"
                    BASELINE="258 929 873 932" 
                    HPOS="256"
                    VPOS="886"
                    WIDTH="617"
                    HEIGHT="63">
            <Shape><Polygon POINTS="256 934 300 945 301 947 358 947 358 945 359 945 360 945 360 944 371 936 415 936 423 944 423 945 424 945 426 945 427 945 476 938 486 945 486 947 487 947 489 947 490 947 491 947 519 939 561 947 562 947 563 947 564 947 564 945 575 938 621 938 630 945 630 947 631 947 632 947 634 947 635 947 658 938 659 938 692 938 701 938 722 948 724 948 725 949 745 949 745 948 747 948 748 948 748 947 757 939 798 948 799 948 871 939 873 932 873 897 853 889 852 889 851 889 704 894 670 895 665 894 650 888 649 888 648 888 647 888 630 893 626 894 585 893 499 888 498 888 484 890 464 894 459 890 455 886 454 886 453 886 451 886 391 889 282 893 259 886 258 929 256 934"/></Shape>
	    <String CONTENT="ne/ ⁊ se desguisent communement/"
                    HPOS="256"
                    VPOS="886"
                    WIDTH="617"
                    HEIGHT="63"></String>
          </TextLine>

          
          
          <TextLine ID="eSc_line_aff9b464"
                    TAGREFS="LT567"
                    BASELINE="259 975 871 979" 
                    HPOS="258"
                    VPOS="938"
                    WIDTH="613"
                    HEIGHT="54">
            <Shape><Polygon POINTS="259 975 258 980 273 989 274 989 276 989 331 983 340 989 341 989 342 989 463 990 464 990 466 990 490 983 552 989 553 989 631 983 666 992 667 992 668 992 670 992 685 984 721 992 722 992 870 983 871 979 869 938 259 938 259 975"/></Shape>
	    <String CONTENT="ayantz quasi tous la teste plumee/"
                    HPOS="258"
                    VPOS="938"
                    WIDTH="613"
                    HEIGHT="54"></String>
          </TextLine>

          
          
          <TextLine ID="eSc_line_1bef8a15"
                    TAGREFS="LT567"
                    BASELINE="256 1021 871 1025" 
                    HPOS="255"
                    VPOS="975"
                    WIDTH="616"
                    HEIGHT="64">
            <Shape><Polygon POINTS="802 979 796 979 783 979 770 979 757 979 754 979 753 979 752 979 742 983 729 988 717 983 710 979 708 979 707 979 706 979 697 981 677 988 658 981 647 977 645 977 644 977 643 977 641 977 638 981 632 985 503 986 487 979 487 977 486 977 485 977 484 977 482 977 481 977 462 986 451 977 450 976 449 976 448 976 446 976 445 976 442 977 426 986 367 986 256 975 256 1021 255 1030 412 1030 436 1031 496 1038 498 1038 499 1038 516 1031 522 1030 528 1031 545 1038 546 1038 548 1038 549 1038 563 1031 568 1030 654 1030 666 1031 698 1039 699 1039 870 1031 871 1025 870 985 835 980 834 980 833 980 831 980 825 984 819 988 812 984 803 979 802 979"/></Shape>
	    <String CONTENT="tõdue/ ou rasee: pourtãt est il escrit:"
                    HPOS="255"
                    VPOS="975"
                    WIDTH="616"
                    HEIGHT="64"></String>
          </TextLine>

          
          
          <TextLine ID="eSc_line_c39a9057"
                    TAGREFS="LT567"
                    BASELINE="255 1063 285 1070 874 1072" 
                    HPOS="251"
                    VPOS="1026"
                    WIDTH="623"
                    HEIGHT="62">
            <Shape><Polygon POINTS="866 1029 866 1027 865 1027 864 1027 862 1027 761 1034 742 1029 740 1029 739 1029 738 1029 736 1029 729 1035 698 1027 697 1027 695 1027 694 1027 676 1034 598 1026 597 1026 561 1034 555 1034 254 1030 252 1063 251 1083 304 1080 317 1084 326 1086 327 1086 328 1086 329 1086 338 1084 353 1079 358 1084 360 1085 360 1086 362 1086 363 1086 364 1088 423 1088 423 1086 424 1086 426 1086 430 1083 433 1080 440 1083 449 1086 450 1086 451 1086 453 1086 454 1086 454 1085 458 1083 462 1079 510 1079 514 1083 518 1085 518 1086 519 1086 521 1086 522 1086 544 1081 549 1081 563 1081 666 1088 667 1088 668 1088 670 1088 676 1081 699 1088 701 1088 702 1088 703 1088 704 1088 712 1080 713 1080 751 1080 769 1088 770 1088 771 1088 772 1088 774 1088 783 1080 807 1080 829 1080 853 1088 855 1088 856 1088 857 1088 873 1079 874 1072 874 1054 869 1031"/></Shape>
	    <String CONTENT="q̃ nul ne pourra aĩsi q̃ eulx marchã"
                    HPOS="251"
                    VPOS="1026"
                    WIDTH="623"
                    HEIGHT="62"></String>
          </TextLine>

          
          
          <TextLine ID="eSc_line_a936d4af"
                    TAGREFS="LT567"
                    BASELINE="252 1117 873 1120" 
                    HPOS="251"
                    VPOS="1075"
                    WIDTH="622"
                    HEIGHT="58">
            <Shape><Polygon POINTS="869 1081 835 1075 834 1075 659 1080 572 1081 252 1075 252 1117 251 1124 263 1131 264 1131 265 1131 267 1131 268 1131 301 1124 336 1131 337 1131 338 1131 340 1131 353 1124 371 1131 372 1131 373 1131 471 1125 504 1124 514 1126 531 1131 532 1131 534 1131 535 1131 536 1131 543 1126 546 1124 552 1128 562 1133 563 1133 564 1133 566 1133 567 1133 573 1128 579 1125 635 1125 641 1129 645 1133 647 1133 648 1133 649 1133 676 1129 712 1125 870 1133 873 1120 871 1101 869 1081"/></Shape>
	    <String CONTENT="der/ si na le nom ou marq̃ ð la beste."
                    HPOS="251"
                    VPOS="1075"
                    WIDTH="622"
                    HEIGHT="58"></String>
          </TextLine>

          
          
          <TextLine ID="eSc_line_61f28b08"
                    TAGREFS="LT567"
                    BASELINE="304 1170 870 1162" 
                    HPOS="303"
                    VPOS="1120"
                    WIDTH="567"
                    HEIGHT="63">
            <Shape><Polygon POINTS="829 1120 816 1120 814 1120 779 1124 769 1125 761 1124 738 1120 726 1120 716 1120 712 1124 711 1126 656 1126 647 1124 634 1120 623 1120 618 1120 594 1124 584 1125 572 1124 548 1120 546 1120 545 1120 537 1124 528 1128 490 1124 476 1122 475 1122 473 1122 471 1124 457 1129 441 1124 435 1121 433 1121 432 1121 431 1121 430 1121 427 1124 418 1130 373 1130 364 1124 364 1122 363 1122 362 1122 360 1122 303 1122 304 1170 305 1183 319 1176 415 1180 475 1183 476 1183 477 1183 478 1183 484 1179 493 1174 535 1178 573 1181 575 1181 576 1181 577 1181 584 1176 590 1172 617 1176 649 1180 650 1180 652 1180 670 1175 681 1171 692 1174 706 1179 707 1179 708 1179 869 1170 870 1162 867 1125 835 1120 829 1120"/></Shape>
	    <String CONTENT="Ilz marchandẽt/ ilz trafficquẽt/"
                    HPOS="303"
                    VPOS="1120"
                    WIDTH="567"
                    HEIGHT="63"></String>
          </TextLine>

          
          
          <TextLine ID="eSc_line_ee586540"
                    TAGREFS="LT567"
                    BASELINE="251 1212 871 1210" 
                    HPOS="250"
                    VPOS="1166"
                    WIDTH="621"
                    HEIGHT="78">
            <Shape><Polygon POINTS="514 1167 513 1167 464 1174 458 1169 455 1169 446 1169 426 1175 395 1169 391 1170 378 1170 376 1170 368 1175 355 1170 353 1170 340 1170 327 1170 314 1170 313 1167 264 1167 263 1167 261 1167 260 1167 254 1171 250 1198 251 1212 251 1226 285 1233 286 1233 287 1233 303 1228 305 1226 306 1228 319 1238 320 1238 322 1238 323 1238 324 1238 326 1238 340 1229 365 1237 367 1237 368 1237 369 1237 371 1237 378 1230 445 1230 467 1243 468 1243 469 1243 471 1243 472 1243 510 1230 525 1243 525 1244 526 1244 527 1244 528 1244 629 1243 630 1243 650 1232 666 1243 667 1243 668 1243 670 1243 694 1242 695 1242 745 1229 763 1225 869 1229 871 1210 867 1174 739 1174 738 1174 727 1167 726 1167 725 1167 724 1167 722 1167 701 1174 679 1166 677 1166 676 1166 545 1175 516 1167 514 1167"/></Shape>
	    <String CONTENT="ilz uendent/ ilz reuendẽt/ ilz chan¬"
                    HPOS="250"
                    VPOS="1166"
                    WIDTH="621"
                    HEIGHT="78"></String>
          </TextLine>

          
        </TextBlock>
        
        <TextBlock HPOS="755"
                   VPOS="1221"
                   WIDTH="112"
                   HEIGHT="48"
                   ID="eSc_textblock_ea9eabb0"
                   TAGREFS="BT1521">
          <Shape><Polygon POINTS="867 1269 867 1221 755 1221 755 1269"/></Shape>
          
          
          <TextLine ID="eSc_line_4c8d0305"
                    TAGREFS="LT567"
                    BASELINE="765 1258 866 1255" 
                    HPOS="762"
                    VPOS="1215"
                    WIDTH="104"
                    HEIGHT="87">
            <Shape><Polygon POINTS="765 1258 765 1293 796 1302 797 1302 798 1302 799 1302 825 1291 833 1287 839 1289 852 1294 853 1294 855 1294 856 1294 866 1288 866 1255 864 1216 762 1215 765 1258"/></Shape>
	    <String CONTENT="gent/"
                    HPOS="762"
                    VPOS="1215"
                    WIDTH="104"
                    HEIGHT="87"></String>
          </TextLine>

          
        </TextBlock>
        
        <TextBlock HPOS="97"
                   VPOS="83"
                   WIDTH="174"
                   HEIGHT="190"
                   ID="eSc_textblock_287bc553"
                   TAGREFS="BT1516">
          <Shape><Polygon POINTS="97 83 97 273 257 273 271 86"/></Shape>
          
          
          <TextLine ID="eSc_line_1fe966bb"
                    TAGREFS="LT567"
                    BASELINE="127 129 262 131" 
                    HPOS="124"
                    VPOS="85"
                    WIDTH="137"
                    HEIGHT="62">
            <Shape><Polygon POINTS="125 128 124 136 259 147 261 130 261 92 232 87 231 87 206 92 195 94 184 92 159 85 157 85 156 85 125 92 125 128"/></Shape>
	    <String CONTENT="iiii.roys"
                    HPOS="124"
                    VPOS="85"
                    WIDTH="137"
                    HEIGHT="62"></String>
          </TextLine>

          
          
          <TextLine ID="eSc_line_7ba76a78"
                    TAGREFS="LT567"
                    BASELINE="128 171 183 175" 
                    HPOS="127"
                    VPOS="137"
                    WIDTH="57"
                    HEIGHT="45">
            <Shape><Polygon POINTS="129 138 128 171 127 182 182 182 183 175 184 145 130 137 129 138"/></Shape>
	    <String CONTENT="ix."
                    HPOS="127"
                    VPOS="137"
                    WIDTH="57"
                    HEIGHT="45"></String>
          </TextLine>

          
          
          <TextLine ID="eSc_line_67455a5d"
                    TAGREFS="LT567"
                    BASELINE="128 215 254 219" 
                    HPOS="127"
                    VPOS="175"
                    WIDTH="127"
                    HEIGHT="57">
            <Shape><Polygon POINTS="128 215 127 227 169 224 251 232 254 219 254 183 128 175 128 215"/></Shape>
	    <String CONTENT="Ieremie"
                    HPOS="127"
                    VPOS="175"
                    WIDTH="127"
                    HEIGHT="57"></String>
          </TextLine>

          
          
          <TextLine ID="eSc_line_8ed70eb0"
                    TAGREFS="LT567"
                    BASELINE="125 257 187 257" 
                    HPOS="125"
                    VPOS="219"
                    WIDTH="62"
                    HEIGHT="54">
            <Shape><Polygon POINTS="125 257 125 270 186 273 187 257 186 219 125 220 125 257"/></Shape>
	    <String CONTENT="iiii."
                    HPOS="125"
                    VPOS="219"
                    WIDTH="62"
                    HEIGHT="54"></String>
          </TextLine>

          
        </TextBlock>
        
        <TextBlock HPOS="99"
                   VPOS="1023"
                   WIDTH="143"
                   HEIGHT="88"
                   ID="eSc_textblock_5e0c0eef"
                   TAGREFS="BT1516">
          <Shape><Polygon POINTS="99 1023 99 1111 242 1111 242 1023"/></Shape>
          
          
          <TextLine ID="eSc_line_73f3a618"
                    TAGREFS="LT567"
                    BASELINE="116 1056 218 1056 245 1061" 
                    HPOS="115"
                    VPOS="1013"
                    WIDTH="130"
                    HEIGHT="54">
            <Shape><Polygon POINTS="142 1015 132 1015 128 1016 118 1043 116 1056 115 1062 242 1067 245 1061 243 1016 168 1020 164 1018 151 1013 142 1015"/></Shape>
	    <String CONTENT="Apocali"
                    HPOS="115"
                    VPOS="1013"
                    WIDTH="130"
                    HEIGHT="54"></String>
          </TextLine>

          
          
          <TextLine ID="eSc_line_01df0ba9"
                    TAGREFS="LT567"
                    BASELINE="119 1099 229 1097" 
                    HPOS="118"
                    VPOS="1057"
                    WIDTH="111"
                    HEIGHT="74">
            <Shape><Polygon POINTS="130 1057 128 1057 118 1062 119 1099 119 1125 165 1131 166 1131 168 1131 169 1131 188 1116 193 1111 229 1110 229 1097 225 1060 165 1063 157 1062 139 1057 130 1057"/></Shape>
	    <String CONTENT="pse.xiii"
                    HPOS="118"
                    VPOS="1057"
                    WIDTH="111"
                    HEIGHT="74"></String>
          </TextLine>

          
        </TextBlock>
        

        
      </PrintSpace>
    </Page>
  </Layout>
</alto>
