918 1540
69 92 621 55 gent/ permutẽt ⁊ rechangẽt par en¬

70 138 618 60 semble a la grand sorte/ grãdz cour

68 184 620 54 ratiers/ fins crocheteurs de benefi¬

69 232 620 56 ces: ⁊ a ainsi faire apprennent les

70 277 615 59 ungz les autres/ cest leur uacation

70 325 619 56 ⁊ mestier. Leur tẽps a marchander

69 370 621 58 est tousioͬs prest/ toutesfoys si ont

69 418 621 60 ilz aucunes grosses foyres/ selon le

68 463 621 58 temps ⁊ la saison/ ⁊ tousiours aux

65 509 624 59 iours de grãdes festes/ tout a lop¬

68 555 618 54 posite dautres marchans. Quand

69 600 615 59 Pasq̃s/ Pẽthecoste/ la Toussaĩctz/

68 650 616 59 Noel/ ⁊ iours semblables que eulx

64 699 620 53 mesmes ont ordonne suruiennent/

65 741 619 57 tous marchans cessent fors ceulx

65 791 623 57 icy. Car il nest mestier ne marchan¬

65 840 623 55 dise quand il leur plaist quilz ne fa

64 882 620 59 cent cesser: affin que eulx tous seulz

66 929 620 61 puissent marchãder ⁊ besongner/ et

66 976 620 58 que ung chascun leur uienne faire

64 1022 622 63 hõmage/ pourtãt que cela sert beau

62 1069 379 62 cop a leur gaignage.

96 1113 590 63 De cecy en nr̃e tẽps noꝰ auõs ueu

66 1160 617 72 une exemple/ merueilleusement a

527 1212 150 64 propos:
