1092 1595
62 102 417 60 glorifier en sa presence.

102 150 602 51 A ceste cause: en la confidence du

59 194 643 58 tout puissãt/ iay bien uoulu toucher

60 248 642 47 aucuns pointz de la saincte Eucha¬

59 290 644 53 ristie/ ⁊ cela faire en langaige mater¬

57 335 647 57 nel/ pour mieulx ⁊ plus ayder lintel

58 384 644 52 ligence des moindres. Le tout sub¬

57 429 644 53 mettant au ueritable ⁊ droict iuge¬

57 475 645 52 ment de la saincte parolle de Dieu/

56 522 646 54 par laquelle il fault que telle matie¬

55 568 645 53 re soit decidee/ conduicte/ ⁊ declairee:

54 614 647 57 nõ pas par la uolunte ou raison hu¬

55 664 645 52 maine/ ny par gloses ou inuentions

57 711 642 51 dhõmes: autremẽt ce ne seroit point

54 754 644 54 chose qui fust purement de Dieu/ le¬

56 801 642 54 quel seul est ueritable: mais plus

55 848 639 56 tost seroit de lhomme/ qui de soy nest

59 895 432 57 que uanite ⁊ mensonge.

260 982 434 60 Onc pour le p̃mier poĩt

257 1034 435 56 auquel par cy deuant en

258 1080 434 55 ceste matiere/ on a trop

265 1126 430 55 grãdement erre/ cest que

54 1174 640 62 a tout sidele chrestien/ il est necessaire

46 951 215 231 M

452 1220 240 65 de cõgnoistre
