1092 1595
251 305 138 77 Psalme

257 368 79 56 cxix.

391 93 642 55 de congnoistre ⁊ scauoir: mettãt cela

390 137 643 58 en son coeur profondement/ q̃ nostre

392 183 638 61 Seigneur ⁊ seul sauueur Iesuchrist/

391 233 642 54 cõme grand ⁊ ueritable euesque eter

392 277 640 59 nellement ordonne de Dieu: non se¬

397 325 636 57 lon lordre de Aharon: mais selon lor

391 370 642 58 dre de Melchisedech/ de tant plus

392 418 634 57 grand/ et plus parfaict que Moyse q̃

391 465 646 55 le nom de filz uault mieulx/ que le

391 513 641 54 nom de seruiteur/ a offert ⁊ donne en

392 558 645 56 sacrifice tresparfaict soy mesme/ cest

392 602 644 58 adire sõ corps/ sa uie/ ⁊ tout son sãg

394 649 643 59 pour nostre salut ⁊ redemption. Par

392 694 649 54 lequel tant charitable/ tãt diuin/ tãt

393 740 645 59 admirable/ ⁊ misericordieux sacrifi¬

395 788 643 56 ce/ il a euacue tout autre sacrifice ui¬

401 831 637 60 sible. Et qͥ plus est tout lestat des

398 880 640 57 sacrificateurs/ des Leuites/ et ceulx

397 927 641 56 du genre sacerdotal/ auec leur beau

396 972 638 59 temple materiel/ a este par cestuy cy

396 1022 643 52 du tout aboly et destruict/ sans que

396 1066 644 58 iamais aucun sacrifice exterieur et

398 1113 640 55 uisible soit demoure: cõme cy apres

397 1159 642 70 efficacemẽt sera demonstre. Au lieu

847 1205 191 77 desquelles
