1092 1595
51 97 641 57 desquelles choses par sa sapience et

49 146 643 53 bonte/ a ordonne sa saincte table/ sa

53 191 634 55 saincte cene/ la saincte eucharistie/ qͥ

51 239 640 53 est le pain de actiõ de graces/ en me¬

51 284 642 50 moire perpetuelle dicelle incompara

50 329 642 55 ble ⁊ inestimable charite/ par laquel¬

51 375 641 54 le il sest baille uoluntairement a la

52 424 642 54 mort poͬ nous dõner uie/ sest aneã¬

52 469 638 57 ty/ ⁊ remply dopprobre ⁊ confusion/

54 516 639 53 pour nous exalter et donner salua¬

54 562 642 53 tion/ nous admõnestant que de cela

54 609 640 53 eussions tousiours memoire/ aymãs

55 656 626 55 lung lautre/ ainsi qͥl nous a aymez.

101 700 596 57 Et toutesfoys par grosse inaduer

54 749 642 53 tence/ par ignorance/ ⁊ non chaloir

55 794 643 52 dauoir tresbien regarde ainsi que il

55 840 639 56 appartiẽt aux sainctes escriptures/

55 886 640 57 ou par quelque autre miserable illu¬

60 932 635 56 sion/ on a de icelle saĩcte eucharistie/

56 979 641 55 de ce sainct mystere/ de ceste saĩcte or¬

55 1025 646 56 donnãce de Iesuchrist/ afferme/ don

56 1073 641 50 ne entendre ⁊ enseigne que cest ung

61 1117 637 60 sacrifice saĩct/ plaisant/ ⁊ aggreable

57 1166 637 62 a Dieu/ comme celuy de Abraham/

559 1210 147 80 Isaac/
