1092 1595
366 90 641 68 Isaac/ ⁊ Iacob/ utile ⁊ proffitable

363 143 643 54 tant pour les uiuans que pour les

363 190 641 59 trespassez/ qui nest autre chose/ sinon

363 236 643 59 dire ⁊ affermer le sacrifice de Iesu¬

364 282 643 60 christ estre inefficax/ insuffisant/ et

364 331 642 57 imparfaict. Laquelle chose non seu¬

363 377 644 57 lemẽt dire/ mais aussi penser est une

364 423 644 57 horrible ingratitude/ ung terrible ⁊

363 469 642 60 execrable blaspheme. Qui soit aĩsi/

363 519 643 56 il appert: Car ie demande si le sa¬

364 562 642 59 crifice de Iesuchrist est suffisant ct

364 607 643 60 parfaict/ pour le salut des eufans de

366 654 641 60 Dieu. Sil est du tout parfaict/ il ne

366 703 640 58 fault point dautres sacrificateurs

363 749 643 58 auec Iesuchrist/ pour estre ses com¬

364 795 642 57 paignons. Et de dire quil est im¬

363 840 643 61 parfaict/ q̃lle chose plus oultrageuse

364 889 642 57 pourroit on dire contre iceluy nostre

363 936 640 56 sauueur? Urayement cest ung trop

364 982 642 57 grand mesprisement dung si grand

361 1028 644 54 biẽ: ou pour mieulx dire/ ung droict

361 1075 645 56 renõcement dicelle tant saincte mort

368 1121 633 58 ⁊ angoisseuse passion: Ce que par la

368 1170 572 59 saincte escripture ie mõstre ainsi.

764 1213 240 69 Au septiesme
