1092 1595
98 95 599 60 Au septiesme chapitre de lepistre

50 142 640 61 aux Ebrieux en parlant de Iesu¬

50 187 641 62 christ entre autres choses il est ainsi

51 238 642 56 escript: Il estoit conuenable que

51 283 637 57 nous eussions ung euesque sainct/

47 332 645 54 innocent/ sans macule/ separe des pe

47 379 644 52 cheurs/ ⁊ plus hault que les cieulx:

48 425 642 55 Lequel na point necessite (cõme les

47 470 641 58 prebstres) offrir tous les iours sa¬

45 518 640 55 crifices: premieremẽt poͬ ses pechez/

45 566 632 54 puis apres pour ceulx du peuple.

43 610 643 55 Car il a faict ce/ en se offrãt une fois.

42 657 644 55 Notamment le sainct apostre dict/ en

46 704 640 55 se offrant une fois: car iamais telle

40 750 642 54 oblation ne fut ny ne sera reiteree/

38 797 647 56 mais comme plainemẽt suffisante et

39 843 633 54 entiere/ elle a du tout ⁊ a iamais sus

78 887 473 59 ⁊ satisfaict pour une fois.

78 933 600 61 Au neufiesme chapitre dicelle mes

34 976 641 63 me epistre/ il est ainsi dict: Christ

35 1029 645 57 euesque des biens aduenir/ est uenu

35 1075 643 59 en presence/ par ung plus grand et

35 1120 644 61 plus parfaict tabernacle/ non point

39 1170 641 65 faict de la main: cest adire/ nõ point

695 147 133 70 Ebrieux

699 199 56 69 uii.

684 926 132 66 Ebrieux

682 972 42 76 ix.

543 1219 131 57 de ceste
