1092 1595
365 95 640 61 de ceste creation: ⁊ nõ point par sang

365 141 637 63 de boucz ou de ueaulx: mais par son

366 185 641 71 ꝓpre sang est entre une foys es san¬

366 236 639 62 ctuaires/ ⁊ a trouue redemptiõ eter¬

366 290 116 47 nelle.

415 327 593 62 Uoicy ou de rechef il dict/ que par

369 373 636 66 se estre presente une fois/ Redẽption

367 421 642 61 eternelle est faicte ⁊ accomplie. Par¬

368 468 643 63 quoy il est bien euident q̃ pour nostre

366 515 646 63 redemption/ ne auons point besoing

368 560 643 62 de autres sacrificateurs/ offrãs ⁊ sa¬

368 607 644 59 crifians pour nous iournellement/

371 655 642 57 cõme silz estoient noz redempteurs:

372 698 642 61 si nous ne uoulons renõcer a lobla¬

371 745 646 63 tion de Iesuchrist: ou reputer icelle

371 793 643 62 non suffisante: ce qui est cler ⁊ mani¬

375 834 639 72 feste par le texte diceluy mesme cha¬

368 886 614 63 pitre: ou par apres il est ainsi dict:

377 932 639 66 Iesus nest point entre aux sãctuai¬

372 980 645 59 res faictz des mains/ figures des

375 1026 626 62 urays/ mais au ciel mesme: affin õ

374 1075 643 60 maintenãt il apparoisse pour nous

375 1118 645 64 deuãt la face de son pere/ ⁊ nõ point

377 1163 642 81 affin quil se offre souuentesfois/ au¬

231 837 141 77 Ebrieux

233 901 73 70 ix.

868 1212 150 63 trement
