1092 1595
77 93 647 69 trement (dict il par apres) il luy eut

83 146 636 66 faillu souffrir souuentesfois/ depuis

76 199 643 57 le commencement du monde. Mais

75 245 646 58 mointenant en la cõsommation des

79 289 638 59 siecles: cest adire au dernier temps/

74 336 649 60 il est apparu une foys par son sacri¬

81 385 640 57 fice pour la destruction de peche. Et

76 430 644 60 ainsi quil est ordonne aux hommes

76 477 644 59 de mourir une fois: ⁊ apres ce/ le iu¬

79 521 644 63 gemẽt: ainsi aussi Christ a este offert

77 571 645 62 une foys/ pour abolir les pechez de

80 617 191 53 plusieurs.

122 661 600 63 Uoicy certes ung texte fort ex¬

78 713 640 59 pres ou il dict tresclerement/ q̃ Iesu¬

74 756 643 61 christ ne se offre point souuẽtesfois/

73 806 647 58 autrement luy fauldroit mourir plu

79 849 638 62 sieursfois: Car Iesuchrist mourir/ et

71 894 649 68 estre offert a son pere/ cest tout ung.

75 945 641 55 Or ne mourra il iamais: Parquoy

73 987 641 63 iamais ne sera sacrifie/ ⁊ iamais en

77 1034 642 63 sacrifice ne se offrira. Dõc il sensuyt

73 1086 645 56 bien que les hommes ne le peuuent

77 1131 636 61 poĩt offrir ⁊ sacrifier: Car si luy mes¬

75 1181 640 64 me ne se offre/ cõment le pourroit on

728 97 111 61 Uoyez

724 152 120 47 tout le

726 192 88 64 chap̃.

735 872 129 58 Christu

726 918 135 50 mori/ et

719 957 140 54 eundẽ sa

718 998 139 60 crificari.

724 1048 92 77 Idem

438 1224 273 66 B offrir
