1092 1595
344 99 645 63 offrir? Sur quoy il cõuient expresse¬

343 147 649 60 ment noter que toute chose sacrifiee

345 194 649 62 fault necessairement estre inferieure

344 241 650 61 ou equale au sacrificateur. Ie dis

346 288 646 62 inferieure pour tous sacrifices qui

347 334 647 61 iamais furent offers en la loy/ cõe il

346 382 648 63 appert de ueaulx/ daigneaulx/ doy¬

351 429 639 62 seaulx/ ⁊ autres choses ordonneez/

347 472 647 66 lesquelles du tout estoiẽt inferieures

346 520 649 65 aux sacrificateͬs/ uoire mesme quãd

347 567 650 60 il fut cõmande a Abraham quil sa¬

348 614 646 63 erifiast son filz Isaac au Seigneur:

346 660 650 63 Abrahã estoit superieur. Iay dict

347 706 646 68 equale poͬ le sacrifice de Iesuchrist/

350 756 649 63 par lequel il sest offert soymesme a

352 803 646 62 son pere: a cause quil ny auoit crea¬

350 849 647 62 ture ne au ciel ne en la terre/ a iceluy

353 894 647 64 superteure/ qui eust peu offrir ung

351 944 650 57 tel sacrifice. Parquoy il a conuenu

351 988 652 64 que luy mesme se soit ainsi offert ⁊ sa

351 1039 649 59 crifie/ par lordonnance de son pere:

354 1084 644 59 comme luy mesme a dict/ Sicut man¬

355 1131 647 58 datum dedit mihi pater/ sic facio. Cest a

357 1174 645 71 dire/ ainsi que mon pere ma donne le

222 1114 94 57 Iehan

216 1160 87 55 xiiii.

752 1221 248 63 cõmandemẽt
