1092 1595
84 127 657 57 cõmandemẽt ainsi ie fais. Or main

83 175 649 58 tenant ie demãde a tout hõme qui se

81 222 649 58 dict sacrificateur/ ⁊ qui uient affer¬

79 271 644 56 mer que il offre Iesuchrist poͬ nous

81 313 639 61 a Dieu son pere: sil est equal/ infe¬

78 357 632 64 rieur/ ou superieur de Iesuchrist.

78 404 646 62 De se dire superieur ou equal/ il ne

79 453 613 60 oseroit: Reste dõc qͥl soit inferieur.

81 503 648 58 Parquoy sensuyt incontinent que il

78 548 646 58 ne le peult par sacrifice presenter. Et

79 599 644 55 par ainsi leucharistie nest point sa¬

78 641 643 60 crifice: ou il fault conceder que Iesu¬

77 690 648 56 christ ny est point/ qͥ est matiere pour

77 736 648 60 larticle ensuyuãt. Parquoy quelque

77 783 646 58 chose quil responde tousiours par sa

81 831 641 54 propre respõse/ il est ⁊ demeure uain

77 875 646 58 eu: car il fault cõbien quil tarde/ que

83 920 630 64 faulsete se destruise soy mesme/ ou q̃

80 968 407 56 par uerite soit abatue.

123 1012 599 60 Et ne fault point dire que le sacri

84 1062 640 56 fice que maintenant on faict/ soit la

77 1111 645 53 memoire de ce premier sacrifice: car

76 1157 644 57 memoire de sacrifice nest point sacri¬

83 1205 637 65 fice. Parquoy sensuyt dauantage

737 287 135 57 Il fault

731 333 141 49 biẽ quil

726 378 139 52 soit lũg

728 417 141 53 des trois

440 1252 278 67 B .ii. que
