1092 1595
346 113 642 59 que tous noz sacrificateurs qui font

345 162 645 56 entendre au peuple/ que ilz presentẽt

358 210 631 56 ⁊ font sacrifice pour les uifz ⁊ pour

345 255 645 57 les mortz/ uoire ⁊ encore (qͥ plus est)

348 302 643 57 pour ceulx tant seullement qui leur

348 348 640 60 plaist choisir ⁊ nõmer. En quoy trop

350 394 640 60 plus que manifestemẽt appert quilz

356 439 637 62 sont abusez/ ou abuseurs. Car pour

355 483 635 65 certain depuis la mort de Iesuchrist

354 533 640 60 tout sacrifice uisible a cesse: ⁊ lestat

354 583 504 55 des sacrificateurs est expire.

407 625 590 61 Mais pour plus ample probatiõ

356 671 644 61 il fault considerer le .x. chap̃. dicelle

360 720 641 59 mesme epistre/ la ou quasi par tout

358 765 643 59 il est faict mẽtion du sainct sacrifice

360 813 642 58 de Iesuchrist/ Leq̃l a mis fin a tous

364 859 638 59 sacrifices/ sans que iamais sacrifice

364 906 638 54 uisible soit demoure. Et entre au¬

360 951 642 58 tres choses il est ainsi dict en la per¬

366 997 637 61 sonne de Iesuchrist: Uoicy ie uiẽs/

356 1043 646 60 affin sire dieu que ie face ta uolunte.

356 1088 649 64 Puis sensuyt: Par laq̃lle uolunte

361 1142 640 56 nous sõmes sanctifiez par loblation

366 1185 612 70 une foys faicte du corps de Christ.

215 457 134 53 Ou toꝰ

211 507 138 53 les deux

216 729 136 71 Ebrieux

215 786 58 62 x.

223 1050 122 50 Uoyez

224 1092 125 52 tout le

226 1135 94 62 chap̃.

900 1226 118 60 Puis
