1092 1595
312 86 614 58 Aux beneuoles lecteurs: Salut.

253 146 749 53 Cest chose certaine et quasi a tous congneue/ que

219 189 784 52 quand affection meine ⁊ cõduict le iugement de lhõ¬

219 230 781 52 me: iceluy est en grãd peril. Pour auquel mal/ incõ

221 271 782 51 tinent obuier/ tant de droict diuin que humain/ est

220 313 781 51 ordonne toutes affectiõs ⁊ passiõs en cause de iuge-

220 354 784 46 mẽt/ estre reiectees ⁊ les occasiõs dicelles. De la uiẽt

222 394 779 55 que les droictz facilemẽt admettẽt recusation de iu¬

224 439 778 51 ges/ quand il y a suspicion de faueur. Car ainsi que

218 479 783 52 les nuees empeschent la claire uision de la pure lu¬

220 520 780 54 miere du soleil: ainsi fõt les affectiõs ⁊ passiõs len¬

219 565 782 49 tiere congnoissance de uerite. Parquoy mes tres¬

218 603 784 52 chers freres en Iesuchrist/ qui ce petit traicte lirez: ie

222 645 780 52 uoꝰ supplie oster toute crainte humaine/ toute affe¬

218 686 780 53 ction charnelle/ ⁊ toute faueur de sãg. Ne uous ar¬

218 727 784 55 restez a la cõsideration du long tẽps/ ne a la multi¬

218 770 781 51 tude de ceulx qͥ autremẽt ont tenu/ ⁊ dogmatise. Car

218 809 785 55 le Seigñr cõmande/ ⁊ le Iuriscõsulte ueult/ q̃ mul¬

201 851 800 51 titude ne soit oye cõtre uerite en iugement. Ne aussi

219 893 785 55 coustume qͥ est marastre de droict: laq̃lle quãd elle est

218 934 784 51 cõtre bonnes meurs/ elle est corruptelle. Par plus

221 976 784 53 forte raison/ quãd elle est aduersaire a la saincte pa¬

216 1018 786 52 rolle du Seigñr. Laquelle parolle nest par lõgueur

218 1060 785 51 de tẽps enuieillie/ ou diminuee: mais eternellement

219 1101 783 50 dure/ ⁊ en eternite faict uiure ses amateurs. Si ainsi

220 1143 780 51 faictes ie espere que entendrez clairement la pure/

218 1184 780 58 entiere/ et syncere uerite. Ce que le Seigneur uous

221 1227 375 64 uueille conceder. Amen.
