1092 1595
105 92 636 60 Puis ap̃s il dict: Car par une obla

101 140 640 55 tion il a parfaict eternellement les

105 185 636 61 sanctifiez. Et aussi le saĩct esperit le

100 233 640 58 testifie: car apres il dict/ Ie nauray

100 280 645 57 plus souuenãce de leurs pechez/ ⁊ de

95 324 647 60 leurs iniquitez. Et la ou est remis¬

101 370 637 62 sion dicelles/ il ny a plus doblation

102 420 246 55 pour le peche.

148 463 593 62 Et affin que excuse de ignorance

94 512 647 56 ne soit en nous/ considerons que ces

100 560 640 56 paoures sacrificateurs par cy deuãt

95 603 643 63 ont dict/ que bien uray est Iesuchrist

98 653 638 57 auoir donne son corps en sacrifice/

100 698 640 59 principallemẽt pour le peche de Adã

101 745 640 59 ⁊ (ainsi quilz parlent) pour le peche

95 793 646 57 originel/ mais non pas du tout pour

96 837 645 58 les pechez que actuellement nous cõ

96 885 647 58 mettons de iour en iour/ qui nest au¬

97 929 647 61 tre chose/ sinõ dire ⁊ blasphemer/ que

98 976 644 59 nostre seigneur Iesuchrist na point

97 1023 643 58 faict ⁊ trouue entiere ⁊ parfaicte re¬

101 1068 643 60 demption. Et pourtant ainsi quilz

101 1114 644 61 disent (cõe silz estoiẽt adioinctz auec

101 1161 643 65 Iesuchrist pour luy ayder a faire nr̃e

363 1206 383 72 B .iii. redẽptiõ
