1092 1595
343 88 647 61 redemption/ ⁊ que ilz fussent noz re¬

345 134 645 61 dempteurs) ilz offrẽt a Dieu en leur

346 180 646 64 Messe sacrifice pour la remission de

346 229 647 60 noz pechez: qui est une merueilleuse

347 276 645 58 audace/ ⁊ trop malheureuse arrogã¬

350 324 643 58 ce. Poͬ laquelle assommer ⁊ abbatre

346 370 650 61 au mesme chap̃. incontinent apres/ il

356 416 638 57 est dict en ceste maniere: Si nous pe

345 464 648 59 chons uoluntairemẽt apres q̃ auõs

346 511 650 58 receu congnoissance de uerite/ il ne

346 557 647 60 nous est plus laisse sacrifice pour les

350 609 141 59 pechez.

400 645 598 64 Lesquelles parolles sont si claires

353 695 641 61 si uiues et puissantes/ que on ne se

351 744 646 59 pourroit assez esmerueiller comment

348 792 647 52 le monde a este si aueugle ⁊ deceu/ de

350 835 644 64 souffrir que on ayt encore uoulu sa¬

348 883 645 61 crifier ⁊ presenter aucun sacrifice ui¬

349 931 643 61 sible ⁊ exterieur au Seigneur Dieu

349 978 642 62 pour noz pechez: attendu que si con¬

347 1023 642 64 stammẽt/ si puissammẽt/ tãt de foys

352 1070 637 64 ⁊ si souuẽt/ iceluy sainct Apostre af¬

351 1120 635 61 ferme et dict: que il ny a plus aucun

347 1167 641 62 sacrifice/ ne iamais naura. Car apres

208 422 145 71 Ebrieux

210 478 42 69 x.

796 1205 186 82 Iesuchrist
