1092 1595
103 91 638 61 Iesuchrist ne fault attendre aucun

99 141 645 55 autre sacrificateur: mais il a faillu ⁊

98 186 648 53 ainsi Dieu a permis/ que Satã par

97 233 650 52 luy ⁊ ses ministres ayt seduict le mõ¬

98 282 647 55 de (peu exceptez) Car il auoit este

98 330 646 58 predict et prophetize/ que tout deuoit

98 370 646 60 estre ainsi perdu ⁊ gaste. Et tout poͬ

101 422 639 57 finablement manifester la puissãce/

99 469 641 55 gloire/ ⁊ magnificence du souuerain

100 516 646 53 Seigneur/ lequel par le glaiue de sa

98 561 649 58 parolle/ par lesperit de sa bouche (il

94 606 644 57 ne dict poĩt par miracles/ ou par for¬

94 651 649 64 ce: mais ꝑ lesperit de sa bouche) ruy¬

95 704 646 52 nera ⁊ abbatra le regne de ses enne¬

95 747 646 59 mys: cestascauoir de Lantechrist/ du

97 794 498 54 monde/ denfer/ ⁊ de Satan.

140 843 601 55 Las ne a ce pas este grosse misere

94 886 644 59 de auoir tant mesprise ces passages

96 936 642 54 prealleguez/ de les auoir ainsi cõtem

93 982 643 55 nez ⁊ froidement passez/ sans autre¬

91 1029 646 51 ment y auoir aduise? sans iamais

91 1073 646 56 auoir uoulu cõsiderer/ q̃ il y a grãde

92 1119 643 59 difference entre sacrifice ⁊ testamẽt?

90 1169 643 70 Car quand nous offrons sacrifice a

751 312 130 69 Matth.

750 369 107 53 xxiiii.

742 614 135 66 ii.Thes

747 664 117 97 salo .ir.

375 1210 353 68 B .iiii. Dieu/
