1092 1595
361 95 642 58 Dieu/ nous luy dõnõs ⁊ presentõs.

362 143 642 59 Par quoy tl est bien euidẽt/ que quãd

360 194 645 45 nous prenons ⁊ receuõs de luy aucu

358 235 642 59 ne chose/ que ce nest point sacrifice:

358 284 645 55 mais liberalle donation et pure mi¬

360 330 183 52 sericorde.

406 372 600 62 Et qui peult estre donc si aueugle

362 424 642 56 qui ne uoit icy clairement que par

361 469 645 56 donation testamẽtaire cõfermee par

360 516 645 58 la mort du testateur/ ꝑ grãd amour

363 563 641 56 ⁊ charite/ il sest du tout dõne a nous?

361 605 648 61 Saĩct Luc le touche au uif/ quãd il

361 655 645 58 escript en ceste maniere: Ce calice/ est

361 701 642 57 le nouueau testament en mon sang/

364 747 645 60 qui sera espandu pour uous. A ceste

366 794 642 58 chose on a bien mal pense/ quãd par

366 841 643 57 oubliãce (affin que ne dye ingratitu

366 886 644 58 de) une telle donation/ qui est grace

366 933 645 61 ⁊ remission de peche/ on a uoulu chã

367 984 284 58 ger en sacrifice.

413 1021 598 64 Si nous uoulons sacrifier/ fai¬

371 1073 639 61 sons ce que dict S. Paul/ ⁊ croyons

375 1117 591 59 a son diuin conseil/ quand il dict:

362 1164 651 68 Ie uous prie dõc mes freres/ par la

220 660 87 51 Luc.

224 708 82 56 xxii.

227 1127 138 59 Romaĩs

230 1180 81 53 xii.

791 1209 220 67 misericorde
