1092 1595
83 88 639 57 misericorde de Dieu/ q̃ uous offrez

86 137 642 57 uoz corps en sacrifice uiuãt/ sainct/

85 183 636 55 plaisãt a Dieu ⁊c. A tel sacrifice noꝰ

83 229 637 58 sommes tous ordonnez de Dieu/

85 280 634 52 prebstres ⁊ roys: non point pour de

79 317 643 65 rechef luy offrir son filz en sacrifice.

81 370 645 56 Car pour luy offrir ung tel sacrifice

85 418 640 53 sõmes trop indignes/ cõme dict est:

85 465 642 57 Parquoy luy mesme sest offert pour

82 513 642 54 nous a son pere une seulle foys: la¬

80 558 644 54 quelle oblation pour tout temps est

81 603 646 55 tressuffisante ⁊ parfaicte. Autremẽt

80 650 645 55 il la fauldroit reiterer ⁊ ꝑfaire/ pour

81 700 643 53 tant quelle seroit imparfaicte: ou cer

80 744 645 55 tes en cõuiẽdroit cercher une autre.

80 790 648 58 Ce que par efficax argumẽt de lescri

81 837 400 54 pture ie monstre ainsi.

129 880 597 60 En lepistre aux Ebrieux par plu

82 927 646 60 sieurs argumens il est conclud/ que

82 976 640 54 pour la mort du grand euesque/ en

82 1018 641 62 failloit ordonner ung autre. Et par

81 1071 645 53 la mort de cestuy cy/ encore ung au¬

84 1117 644 54 tre/ ⁊ ainsi consequãment iusque a

82 1162 646 67 ce quil en soit uenu ung totallemẽt

727 217 117 60 i.Pier¬

733 269 79 45 re.ii.

730 304 119 52 Apoca¬

729 349 94 59 lip.u.

750 917 114 63 Uoyez

730 967 131 51 toute le¬

730 1010 90 61 pistre.

530 1211 195 58 immortel/
