1092 1595
367 93 648 58 immortel/ qui est nostre seul media¬

369 142 643 55 reur Iesuchrist/ lequel tousiours as¬

375 188 597 56 siste poͬ nous en la p̃sence de dieu.

418 234 592 56 Semblablemẽt pour limpfection

370 281 646 55 des sacrifices de lanciẽne loy/ failloit

369 331 648 52 tous les iours recõmencer/ iusque a

369 375 646 58 ce quil en ayt este offert ung/ du tout

372 423 644 57 parfaict ⁊ cõsumme qͥ ne fault point

369 470 645 56 reiterer. Lequel tressainct ⁊ trespar¬

373 514 642 59 faict sacrifice/ a este faict par nostre

370 564 644 56 grand euesque ⁊ pasteur Iesuchrist/

369 610 646 58 qui se est offert soymesme en sacrifice

369 659 647 54 ⁊ non autre chose: pourtãt que chose

368 705 648 52 meilleure ou aussi bonne ne eust sceu

368 750 644 54 trouuer apres Dieu. Tout cecy est

370 796 643 58 deduict amplement au .u.ui.uiii. ⁊

372 841 389 58 x. chap̃. dicelle epistre.

422 890 593 52 Donc maintenant ie demande a

368 934 644 57 tous sacrificateͬs si leur sacrifice est

376 984 638 56 parfaict ou imparfaict. Se il est im¬

373 1031 638 56 parfaict/ pourquoy abusent ilz ainsi

366 1075 646 56 le paoure mõde en uendãt une chose

366 1122 641 58 qui ne uault rien? Se il est parfaict/

367 1171 645 63 a quoy le fault il ainsi iournellemẽt

227 967 141 59 Non est

223 1015 140 53 dare me¬

226 1051 103 58 dium.

851 1221 154 56 reiterer/
