<?xml version="1.0" encoding="UTF-8"?>
<alto xmlns:xsi="http://www.w3.org/2001/XMLSchema-instance"
      xmlns="http://www.loc.gov/standards/alto/ns-v4#"
      xsi:schemaLocation="http://www.loc.gov/standards/alto/ns-v4# http://www.loc.gov/standards/alto/v4/alto-4-2.xsd">
  <Description>
    <MeasurementUnit>pixel</MeasurementUnit>
    <sourceImageInformation>
      <fileName>26_6df21_default.jpg</fileName>
      <fileIdentifier>https://www.e-rara.ch/i3f/v20/11399673/full/full/0/default.jpg</fileIdentifier>
    </sourceImageInformation>
  </Description>
  <Tags>
    <OtherTag ID="BT8" LABEL="DamageZone" DESCRIPTION="block type DamageZone"/><OtherTag ID="BT10" LABEL="DropCapitalZone" DESCRIPTION="block type DropCapitalZone"/><OtherTag ID="BT11" LABEL="GraphicZone" DESCRIPTION="block type GraphicZone"/><OtherTag ID="BT12" LABEL="MainZone" DESCRIPTION="block type MainZone"/><OtherTag ID="BT13" LABEL="MarginTextZone" DESCRIPTION="block type MarginTextZone"/><OtherTag ID="BT17" LABEL="QuireMarksZone" DESCRIPTION="block type QuireMarksZone"/><OtherTag ID="BT18" LABEL="RunningTitleZone" DESCRIPTION="block type RunningTitleZone"/><OtherTag ID="BT20" LABEL="StampZone" DESCRIPTION="block type StampZone"/><OtherTag ID="BT21" LABEL="TableZone" DESCRIPTION="block type TableZone"/><OtherTag ID="BT22" LABEL="TitlePageZone" DESCRIPTION="block type TitlePageZone"/><OtherTag ID="BT123" LABEL="MarginTextZone:handwrittenAddition" DESCRIPTION="block type MarginTextZone:handwrittenAddition"/>
    <OtherTag ID="LT7" LABEL="CustomLine" DESCRIPTION="line type CustomLine"/><OtherTag ID="LT8" LABEL="DefaultLine" DESCRIPTION="line type DefaultLine"/><OtherTag ID="LT9" LABEL="DropCapitalLine" DESCRIPTION="line type DropCapitalLine"/><OtherTag ID="LT10" LABEL="HeadingLine" DESCRIPTION="line type HeadingLine"/>
  </Tags>
  <Layout>
    <Page WIDTH="1092"
          HEIGHT="1595"
          PHYSICAL_IMG_NR="26"
          ID="eSc_dummypage_">
      <PrintSpace HPOS="0"
                  VPOS="0"
                  WIDTH="1092"
                  HEIGHT="1595">
        <TextBlock HPOS="47"
                   VPOS="67"
                   WIDTH="686"
                   HEIGHT="1160"
                   ID="eSc_textblock_bbbdbdb9"
                   TAGREFS="BT12">
          <Shape><Polygon POINTS="47 67 49 1227 733 1207 733 69"/></Shape>
          <TextLine ID="eSc_line_58145e82"
                    TAGREFS="LT8"
                    BASELINE="65 124 715 126" 
                    HPOS="65"
                    VPOS="81"
                    WIDTH="650"
                    HEIGHT="59">
            <Shape><Polygon POINTS="711 91 702 91 694 91 685 91 676 91 667 91 658 90 649 90 640 90 631 90 623 90 614 90 605 89 596 89 592 89 587 89 578 89 569 89 561 89 552 88 543 88 534 88 525 88 516 88 507 88 501 89 494 87 490 87 481 87 472 87 463 87 454 87 445 86 436 86 428 86 419 86 410 86 401 86 396 85 390 87 384 88 380 87 375 85 374 85 366 85 357 85 348 85 345 85 339 86 332 85 330 85 321 85 313 85 309 87 306 89 282 89 275 87 261 84 259 84 250 84 245 84 241 87 241 88 156 88 155 87 147 82 144 82 135 82 126 81 117 81 109 81 106 81 105 81 104 81 103 81 96 87 95 87 65 87 65 124 65 137 216 132 236 138 237 138 238 138 239 138 278 132 311 139 314 139 315 140 351 140 351 139 352 139 353 139 361 133 373 139 374 139 374 139 375 140 453 140 453 139 454 139 497 133 540 139 541 139 579 134 587 140 588 140 589 140 590 140 714 140 715 126 713 91 711 91"/></Shape>
	    <String CONTENT="reiterer/ ⁊ tant souuẽt a millions re¬"
                    HPOS="65"
                    VPOS="81"
                    WIDTH="650"
                    HEIGHT="59"
                    WC="0.9886878453768216"></String>
          </TextLine>
          <TextLine ID="eSc_line_ab680295"
                    TAGREFS="LT8"
                    BASELINE="70 171 299 168" 
                    HPOS="69"
                    VPOS="135"
                    WIDTH="230"
                    HEIGHT="43">
            <Shape><Polygon POINTS="70 171 70 178 299 175 299 168 297 135 126 135 125 135 124 135 124 135 115 140 113 140 86 137 85 137 85 137 69 141 70 171"/></Shape>
	    <String CONTENT="commencer?"
                    HPOS="69"
                    VPOS="135"
                    WIDTH="230"
                    HEIGHT="43"
                    WC="0.9999985218048095"></String>
          </TextLine>
          <TextLine ID="eSc_line_014fa7bd"
                    TAGREFS="LT8"
                    BASELINE="98 216 716 218" 
                    HPOS="98"
                    VPOS="176"
                    WIDTH="618"
                    HEIGHT="57">
            <Shape><Polygon POINTS="98 216 98 230 135 225 143 231 144 231 145 231 146 232 175 232 175 231 179 231 210 225 216 231 217 231 218 231 218 232 241 232 241 231 245 231 284 225 302 231 305 232 306 232 307 232 317 231 347 226 374 231 381 232 382 232 388 231 411 226 452 231 455 231 456 231 458 231 486 226 503 231 509 233 510 233 511 233 536 231 587 227 714 231 716 218 714 178 632 185 611 178 608 178 608 178 607 178 606 178 605 178 604 178 591 186 518 184 512 179 508 177 507 177 507 177 468 177 467 177 466 177 465 177 460 179 452 186 305 186 298 181 288 176 287 176 250 176 249 176 249 176 236 182 232 185 219 185 217 182 211 178 211 177 210 177 210 177 209 177 174 181 168 176 167 176 166 176 165 176 98 183 98 216"/></Shape>
	    <String CONTENT="Mettez uous en auãt paoures sa"
                    HPOS="98"
                    VPOS="176"
                    WIDTH="618"
                    HEIGHT="57"
                    WC="0.9988712014690522"></String>
          </TextLine>
          <TextLine ID="eSc_line_a636a8cf"
                    TAGREFS="LT8"
                    BASELINE="65 261 714 265" 
                    HPOS="64"
                    VPOS="223"
                    WIDTH="650"
                    HEIGHT="57">
            <Shape><Polygon POINTS="65 261 64 268 88 277 89 277 90 278 135 278 135 277 136 277 157 270 177 276 178 276 179 276 179 276 194 270 195 270 233 275 234 275 270 271 279 278 280 278 280 278 325 279 326 279 327 279 349 272 369 276 370 276 371 276 372 276 378 272 379 272 453 272 460 272 492 280 493 280 544 280 544 280 545 280 553 275 562 280 563 280 564 280 681 276 702 280 703 280 704 280 713 275 714 265 714 235 667 226 619 226 618 226 617 226 597 233 483 228 483 228 482 228 462 233 460 233 458 233 436 227 436 227 435 227 434 227 433 227 424 233 423 233 397 233 396 233 381 225 380 225 331 225 330 225 298 232 279 224 278 224 277 224 276 224 254 232 253 233 202 233 202 232 195 225 194 225 193 225 192 225 159 230 146 223 145 223 144 223 65 230 65 261"/></Shape>
	    <String CONTENT="crificateurs/ ⁊ si uous auez puissãce"
                    HPOS="64"
                    VPOS="223"
                    WIDTH="650"
                    HEIGHT="57"
                    WC="0.997373248401441"></String>
          </TextLine>
          <TextLine ID="eSc_line_86cca801"
                    TAGREFS="LT8"
                    BASELINE="66 308 713 310" 
                    HPOS="65"
                    VPOS="270"
                    WIDTH="648"
                    HEIGHT="54">
            <Shape><Polygon POINTS="66 308 65 315 141 323 142 324 178 324 178 323 179 323 191 317 221 323 222 323 283 322 284 322 299 317 300 317 327 317 327 317 334 322 334 323 335 323 335 323 336 323 444 318 448 318 462 324 463 324 464 324 516 319 542 323 543 323 566 319 569 318 569 319 576 323 576 324 577 324 577 324 578 324 579 324 596 319 600 318 606 319 633 323 634 323 712 319 713 310 712 280 686 274 685 274 658 279 655 279 652 279 636 273 635 273 634 273 633 273 622 278 614 272 613 272 612 272 581 272 580 272 546 277 533 279 530 276 524 272 523 272 522 272 507 272 506 272 505 272 504 272 499 276 495 280 472 280 454 275 435 272 434 272 414 274 390 279 374 274 361 271 360 271 359 271 358 271 351 273 342 278 268 278 249 272 243 271 242 271 241 271 241 271 240 271 238 272 229 279 181 279 163 271 163 271 162 271 161 271 160 271 159 271 146 278 115 278 106 272 105 272 104 272 66 270 66 308"/></Shape>
	    <String CONTENT="de respondre/ respondez. Car uolun¬"
                    HPOS="65"
                    VPOS="270"
                    WIDTH="648"
                    HEIGHT="54"
                    WC="0.999924852166857"></String>
          </TextLine>
          <TextLine ID="eSc_line_77eeed5b"
                    TAGREFS="LT8"
                    BASELINE="63 355 708 358" 
                    HPOS="62"
                    VPOS="316"
                    WIDTH="646"
                    HEIGHT="58">
            <Shape><Polygon POINTS="63 355 62 363 94 372 95 372 96 373 125 373 125 372 126 372 144 364 145 364 216 364 218 365 228 370 229 370 230 370 231 370 244 365 255 373 256 373 257 373 257 373 326 373 326 373 327 373 327 373 339 365 342 365 391 365 392 365 409 373 410 373 411 373 412 373 432 368 448 373 449 373 450 373 451 373 474 366 475 366 493 373 494 373 495 373 526 366 533 365 540 367 563 372 564 372 565 372 581 367 584 366 585 367 595 374 596 374 597 374 598 374 639 368 648 374 649 374 650 374 651 374 697 373 698 373 707 368 708 358 707 320 644 318 643 318 642 318 637 320 624 327 608 320 604 319 603 319 602 319 601 319 594 320 574 327 550 321 534 317 533 317 493 317 492 317 491 317 491 317 484 321 476 327 429 327 421 322 418 319 417 319 416 319 415 319 414 319 402 322 385 326 356 326 349 322 336 316 335 316 335 316 278 320 271 316 270 316 269 316 268 316 267 316 249 323 248 323 247 323 223 318 222 318 221 318 209 323 205 326 135 326 131 324 108 317 107 317 106 317 63 324 63 355"/></Shape>
	    <String CONTENT="tiers ie orray sur cecy uostre respõse/"
                    HPOS="62"
                    VPOS="316"
                    WIDTH="646"
                    HEIGHT="58"
                    WC="0.9963949337601662"></String>
          </TextLine>
          <TextLine ID="eSc_line_02d85add"
                    TAGREFS="LT8"
                    BASELINE="63 401 712 406" 
                    HPOS="62"
                    VPOS="363"
                    WIDTH="650"
                    HEIGHT="58">
            <Shape><Polygon POINTS="63 401 62 411 94 418 95 419 135 419 135 418 136 418 137 418 145 412 146 412 173 419 174 419 175 419 176 419 195 412 196 412 197 412 210 419 210 419 211 419 245 412 257 419 258 419 259 419 284 415 389 420 390 420 390 420 413 413 459 419 460 419 460 419 472 413 473 413 565 413 565 414 592 420 593 420 594 420 609 415 632 421 633 421 634 421 635 421 648 416 674 421 675 421 711 414 712 406 712 375 688 370 687 370 629 373 616 374 615 373 598 366 597 366 596 366 542 373 541 373 540 373 519 366 518 366 517 366 516 366 504 373 501 373 494 373 460 365 460 365 429 367 428 367 427 367 422 372 420 373 405 371 372 367 371 367 324 370 309 371 307 370 300 365 299 365 298 365 297 365 264 369 257 364 256 364 255 364 175 364 174 364 173 364 163 368 157 370 142 368 125 365 124 365 124 365 116 367 107 370 101 367 93 363 93 363 92 363 63 366 63 401"/></Shape>
	    <String CONTENT="laquelle ie scay que iamais uous ne"
                    HPOS="62"
                    VPOS="363"
                    WIDTH="650"
                    HEIGHT="58"
                    WC="0.9998218825885228"></String>
          </TextLine>
          <TextLine ID="eSc_line_98f054e0"
                    TAGREFS="LT8"
                    BASELINE="66 452 262 449" 
                    HPOS="64"
                    VPOS="409"
                    WIDTH="198"
                    HEIGHT="57">
            <Shape><Polygon POINTS="66 452 66 466 109 460 131 465 132 465 132 465 133 465 134 465 143 459 214 459 217 461 220 465 221 465 222 465 223 465 262 459 262 449 260 419 210 419 185 409 184 409 183 409 182 409 161 416 140 410 139 410 138 410 137 410 136 410 136 411 129 416 83 414 82 414 81 414 64 419 66 452"/></Shape>
	    <String CONTENT="produirez."
                    HPOS="64"
                    VPOS="409"
                    WIDTH="198"
                    HEIGHT="57"
                    WC="0.9758118629455567"></String>
          </TextLine>
          <TextLine ID="eSc_line_6fd92e17"
                    TAGREFS="LT8"
                    BASELINE="119 496 711 498" 
                    HPOS="118"
                    VPOS="455"
                    WIDTH="593"
                    HEIGHT="58">
            <Shape><Polygon POINTS="119 496 118 508 215 511 216 511 217 511 225 509 237 505 276 509 311 512 312 512 312 512 323 509 333 506 343 509 355 513 356 513 357 513 358 513 366 509 370 506 373 509 376 512 376 513 377 513 378 513 379 513 397 513 397 513 397 513 398 513 403 509 408 506 431 506 442 509 455 513 456 513 457 513 458 513 469 509 479 506 488 509 498 513 499 513 499 513 500 513 508 509 514 506 546 506 550 509 560 513 561 513 561 513 594 509 612 507 618 509 630 513 631 513 631 513 632 513 641 509 646 507 709 509 711 498 710 458 677 457 676 457 675 457 674 457 663 463 655 457 654 457 653 457 652 457 647 457 618 462 605 457 604 457 603 457 602 457 601 457 600 457 589 466 531 466 511 457 508 456 507 456 507 456 498 457 473 460 462 457 460 456 459 456 458 456 457 456 454 457 437 465 394 465 378 457 375 456 374 456 374 456 373 456 369 457 340 465 318 465 301 457 297 455 296 455 246 455 245 455 244 455 241 457 226 463 119 457 119 496"/></Shape>
	    <String CONTENT="Pour lesquelles choses qui sont"
                    HPOS="118"
                    VPOS="455"
                    WIDTH="593"
                    HEIGHT="58"
                    WC="0.9999016311860853"></String>
          </TextLine>
          <TextLine ID="eSc_line_983acad1"
                    TAGREFS="LT8"
                    BASELINE="63 542 710 544" 
                    HPOS="62"
                    VPOS="505"
                    WIDTH="648"
                    HEIGHT="55">
            <Shape><Polygon POINTS="63 542 62 549 101 557 102 557 133 552 148 558 148 558 149 559 193 559 193 558 194 558 195 558 202 551 203 551 204 551 242 556 243 556 286 552 287 552 288 552 296 559 296 559 297 559 298 559 299 559 321 552 323 552 324 552 346 559 347 559 348 560 381 560 381 559 382 559 382 559 392 552 405 559 405 559 406 560 472 560 472 559 473 559 486 553 487 553 489 553 514 559 515 559 546 554 553 560 553 560 554 560 555 560 600 558 600 558 601 558 605 554 608 552 709 555 710 544 709 507 624 514 564 509 563 509 562 509 548 515 501 515 491 509 489 506 488 506 487 506 486 506 473 509 458 512 452 509 447 506 446 506 412 506 411 506 410 506 402 509 391 513 382 510 377 508 376 508 375 508 374 508 368 510 355 513 334 510 326 509 325 509 312 510 280 513 258 513 256 511 250 506 249 506 249 506 248 506 247 506 235 511 231 513 137 513 135 512 128 505 127 505 126 505 83 505 82 505 81 505 63 512 63 542"/></Shape>
	    <String CONTENT="tãt appertes ⁊ manifestes/ que tout"
                    HPOS="62"
                    VPOS="505"
                    WIDTH="648"
                    HEIGHT="55"
                    WC="0.9976361195246378"></String>
          </TextLine>
          <TextLine ID="eSc_line_7841f0ca"
                    TAGREFS="LT8"
                    BASELINE="64 590 709 590" 
                    HPOS="64"
                    VPOS="552"
                    WIDTH="645"
                    HEIGHT="54">
            <Shape><Polygon POINTS="64 590 64 605 106 600 155 605 173 606 174 606 175 606 180 604 193 600 218 604 232 606 233 606 296 603 365 600 375 602 386 605 387 605 388 605 395 602 400 600 412 602 434 606 435 606 436 606 452 602 458 600 460 602 468 606 469 606 470 606 495 601 499 601 507 601 582 606 583 606 618 600 621 600 623 600 657 605 658 605 659 605 669 600 695 606 696 606 697 606 709 599 709 590 707 552 691 560 640 560 558 560 549 552 548 552 547 552 546 552 543 552 507 557 501 552 500 552 499 552 499 552 498 552 497 552 487 560 452 560 439 552 438 552 437 552 436 552 435 552 413 558 402 552 401 552 400 552 366 552 366 552 363 552 335 560 309 560 300 552 299 552 298 552 254 552 253 552 252 552 251 552 242 560 220 552 218 552 218 552 217 552 216 552 214 552 189 560 111 560 96 552 94 552 93 552 93 552 64 552 64 590"/></Shape>
	    <String CONTENT="homme doibt auoir honte dy contre¬"
                    HPOS="64"
                    VPOS="552"
                    WIDTH="645"
                    HEIGHT="54"
                    WC="0.9797647174666909"></String>
          </TextLine>
          <TextLine ID="eSc_line_97697b5f"
                    TAGREFS="LT8"
                    BASELINE="62 636 711 638" 
                    HPOS="62"
                    VPOS="599"
                    WIDTH="649"
                    HEIGHT="54">
            <Shape><Polygon POINTS="62 636 62 646 131 651 132 651 158 647 173 645 177 647 180 650 180 651 181 651 182 651 183 651 221 647 231 646 234 647 248 651 249 651 249 651 250 651 251 651 257 647 261 645 291 647 344 652 345 652 346 652 363 647 371 645 476 645 491 647 527 653 528 653 569 653 569 653 569 653 570 653 577 647 578 647 591 652 592 652 592 652 593 652 602 647 605 646 608 647 623 653 624 653 624 653 655 647 664 646 667 647 676 653 677 653 678 653 710 647 711 638 710 603 639 602 638 602 637 602 636 602 627 608 606 602 598 600 597 600 596 600 575 602 552 605 536 602 522 600 522 600 521 600 514 602 495 608 470 608 458 602 451 599 450 599 449 599 448 599 439 602 423 607 386 606 381 602 378 599 377 599 376 599 360 599 359 599 358 599 358 599 354 602 347 607 329 603 328 603 327 603 327 603 317 607 242 607 230 602 221 599 220 599 195 599 195 599 194 599 193 599 189 602 183 607 112 607 102 602 95 599 94 599 93 599 62 601 62 636"/></Shape>
	    <String CONTENT="dire. Aucuns cõme tous hõteux de"
                    HPOS="62"
                    VPOS="599"
                    WIDTH="649"
                    HEIGHT="54"
                    WC="0.9884031520170324"></String>
          </TextLine>
          <TextLine ID="eSc_line_5c84f9b9"
                    TAGREFS="LT8"
                    BASELINE="59 682 707 684" 
                    HPOS="58"
                    VPOS="645"
                    WIDTH="649"
                    HEIGHT="55">
            <Shape><Polygon POINTS="59 682 58 692 90 696 91 696 110 693 120 692 126 693 141 697 142 697 143 697 194 693 217 692 223 693 236 697 237 697 238 697 263 693 275 692 299 693 358 698 358 698 359 698 369 693 371 692 408 692 425 693 491 699 492 699 493 699 507 693 507 693 510 693 545 699 546 700 581 700 581 699 582 699 583 699 591 693 592 693 592 693 608 699 609 699 610 699 706 693 707 684 707 652 697 646 696 646 695 646 694 646 694 646 693 646 684 652 604 646 603 646 578 652 576 653 506 653 503 651 490 645 489 645 426 645 425 645 424 645 423 645 418 650 416 651 411 650 382 645 382 645 357 650 348 651 339 649 320 645 290 645 289 645 288 645 282 649 278 651 264 649 239 645 238 645 215 648 203 650 195 648 182 645 181 645 180 645 164 648 153 650 140 647 123 645 122 645 59 646 59 682"/></Shape>
	    <String CONTENT="leur cas/ maintenant disent que pro¬"
                    HPOS="58"
                    VPOS="645"
                    WIDTH="649"
                    HEIGHT="55"
                    WC="0.9999809496932559"></String>
          </TextLine>
          <TextLine ID="eSc_line_b5b8f435"
                    TAGREFS="LT8"
                    BASELINE="59 731 709 730" 
                    HPOS="58"
                    VPOS="692"
                    WIDTH="651"
                    HEIGHT="53">
            <Shape><Polygon POINTS="59 731 59 743 206 739 214 742 221 745 222 745 223 745 224 745 234 742 243 739 246 742 249 745 250 745 251 745 252 745 270 742 279 740 294 741 328 745 329 745 360 741 374 739 376 741 381 745 382 745 382 745 383 745 427 740 440 739 452 740 496 744 497 744 498 744 507 739 507 739 509 739 526 744 527 744 528 744 601 739 636 744 637 744 708 738 709 730 706 695 658 697 647 694 636 692 635 692 607 694 554 699 538 694 533 693 532 693 531 693 530 693 528 694 519 700 449 700 444 694 442 693 442 692 441 692 440 692 383 692 382 692 382 692 375 694 358 700 315 694 306 693 305 693 304 693 304 693 303 694 294 700 249 700 235 694 234 693 233 693 201 693 200 693 199 693 198 693 198 694 190 699 151 694 150 694 149 694 148 694 129 700 122 694 121 694 120 694 58 694 59 731"/></Shape>
	    <String CONTENT="prement a parler ilz nont point sacri"
                    HPOS="58"
                    VPOS="692"
                    WIDTH="651"
                    HEIGHT="53"
                    WC="0.999671314213727"></String>
          </TextLine>
          <TextLine ID="eSc_line_cb39bf5f"
                    TAGREFS="LT8"
                    BASELINE="63 778 707 776" 
                    HPOS="62"
                    VPOS="737"
                    WIDTH="645"
                    HEIGHT="56">
            <Shape><Polygon POINTS="63 778 64 793 83 787 218 787 226 793 226 793 227 793 228 793 320 793 320 793 328 791 348 787 360 791 366 793 366 793 367 793 368 793 374 791 389 786 414 791 419 791 420 791 434 790 496 786 503 790 507 792 508 792 509 792 536 789 566 786 577 789 588 792 589 792 590 792 706 787 707 776 705 744 592 737 592 737 591 737 590 737 581 744 557 744 550 738 550 737 549 737 548 737 547 737 520 741 487 737 486 737 458 743 449 737 448 737 447 737 446 737 445 737 444 737 438 742 418 739 417 739 382 745 340 745 327 738 326 738 281 738 280 738 280 738 258 744 251 738 250 738 249 738 249 738 220 743 186 738 185 738 184 738 171 745 110 745 79 738 78 738 78 738 62 744 63 778"/></Shape>
	    <String CONTENT="fie: mais seullement ont offert sacri¬"
                    HPOS="62"
                    VPOS="737"
                    WIDTH="645"
                    HEIGHT="56"
                    WC="0.9761369761667753"></String>
          </TextLine>
          <TextLine ID="eSc_line_8353a438"
                    TAGREFS="LT8"
                    BASELINE="59 825 709 823" 
                    HPOS="58"
                    VPOS="784"
                    WIDTH="651"
                    HEIGHT="56">
            <Shape><Polygon POINTS="59 825 59 840 109 834 260 834 285 838 299 840 300 840 301 840 306 838 315 833 347 833 351 837 353 840 354 840 355 840 356 840 393 836 406 835 416 836 452 840 452 840 453 840 454 840 460 835 463 833 492 835 565 839 566 839 567 839 577 833 578 832 597 833 693 839 694 839 694 839 709 832 709 823 706 786 611 791 600 786 591 784 590 784 589 784 588 784 580 787 569 792 490 792 483 787 482 785 481 785 480 785 452 785 452 785 436 788 418 792 412 788 407 785 406 785 405 785 405 785 404 785 392 788 383 791 367 788 344 785 343 785 343 785 329 788 319 792 311 789 299 785 298 785 297 785 296 785 296 785 289 789 283 793 257 793 223 789 182 785 181 785 180 785 172 790 166 793 149 790 124 785 123 785 122 785 111 790 106 793 102 790 96 785 95 785 94 785 76 785 75 785 74 785 58 790 59 825"/></Shape>
	    <String CONTENT="fice de loueuge: qui est appertement"
                    HPOS="58"
                    VPOS="784"
                    WIDTH="651"
                    HEIGHT="56"
                    WC="0.9836537606186337"></String>
          </TextLine>
          <TextLine ID="eSc_line_4c8e9428"
                    TAGREFS="LT8"
                    BASELINE="58 871 706 869" 
                    HPOS="57"
                    VPOS="832"
                    WIDTH="649"
                    HEIGHT="54">
            <Shape><Polygon POINTS="58 871 58 879 107 886 108 886 166 879 169 879 230 879 231 879 240 886 241 886 241 886 242 886 267 880 405 884 406 884 407 884 416 880 420 879 423 880 435 885 436 885 436 885 478 880 494 879 509 880 543 885 544 885 706 880 706 869 703 840 619 840 618 840 608 832 608 832 607 832 606 832 567 838 538 832 537 832 536 832 507 840 507 840 506 840 484 835 483 835 452 840 431 832 430 832 429 832 398 839 385 832 384 832 383 832 382 832 382 832 369 840 367 840 305 840 278 840 263 832 262 832 261 832 226 839 213 832 212 832 180 832 179 832 179 832 164 840 138 832 137 832 136 832 135 832 111 840 93 832 92 832 91 832 57 840 58 871"/></Shape>
	    <String CONTENT="contre le Canon de leur Messe/ par"
                    HPOS="57"
                    VPOS="832"
                    WIDTH="649"
                    HEIGHT="54"
                    WC="0.9806553651304806"></String>
          </TextLine>
          <TextLine ID="eSc_line_f4a5ba02"
                    TAGREFS="LT8"
                    BASELINE="59 915 702 918" 
                    HPOS="59"
                    VPOS="877"
                    WIDTH="643"
                    HEIGHT="58">
            <Shape><Polygon POINTS="59 915 59 927 84 925 88 928 96 933 97 933 98 933 99 934 140 934 140 933 162 929 179 925 198 929 219 933 220 933 221 933 222 933 227 930 232 926 257 925 265 930 272 934 273 934 273 934 274 935 338 935 338 934 339 934 340 934 343 931 349 927 371 931 372 931 373 931 382 926 388 932 390 934 391 934 392 934 393 934 405 932 418 929 460 933 483 934 483 934 484 934 485 934 487 933 497 927 578 927 617 934 623 935 624 935 624 935 625 935 625 934 636 927 657 927 701 935 702 918 702 886 681 879 680 879 655 879 655 879 654 879 640 886 639 886 572 886 568 885 547 879 546 879 513 879 512 879 511 879 510 879 510 879 504 884 502 886 494 884 472 879 471 879 452 884 445 885 443 883 435 878 434 878 433 878 432 878 431 878 430 878 422 883 420 885 413 883 404 880 403 880 402 880 401 880 400 880 397 883 393 886 301 886 296 882 291 878 290 878 289 878 288 878 288 878 273 881 263 885 235 885 231 881 226 877 226 877 225 877 156 877 156 877 155 877 154 877 149 880 147 882 140 880 132 878 132 878 131 878 130 878 129 878 126 879 121 884 59 879 59 915"/></Shape>
	    <String CONTENT="lequel ilz nõment ⁊ appellẽt ce pain"
                    HPOS="59"
                    VPOS="877"
                    WIDTH="643"
                    HEIGHT="58"
                    WC="0.9696154029745805"></String>
          </TextLine>
          <TextLine ID="eSc_line_b6044e30"
                    TAGREFS="LT8"
                    BASELINE="60 965 705 963" 
                    HPOS="59"
                    VPOS="926"
                    WIDTH="646"
                    HEIGHT="53">
            <Shape><Polygon POINTS="60 965 60 972 76 979 77 979 78 979 78 979 97 972 98 972 106 979 107 979 108 979 109 979 137 972 139 972 144 972 228 977 229 977 249 972 273 978 273 978 274 978 275 978 299 972 300 972 302 972 322 978 323 978 324 978 325 978 326 978 326 977 332 972 333 972 334 972 360 977 361 977 397 972 399 972 400 972 467 978 468 978 498 971 500 971 502 971 532 977 533 977 631 972 681 977 682 977 683 977 705 970 705 963 702 930 678 933 673 930 666 926 665 926 639 926 639 926 638 926 625 930 616 933 609 930 598 926 597 926 596 926 595 926 594 926 594 927 590 930 587 933 565 933 542 931 494 926 493 926 492 926 491 926 484 931 479 934 447 934 443 932 435 927 434 927 433 927 390 932 373 933 360 932 325 927 324 927 323 927 322 927 315 933 313 934 296 934 293 933 279 927 278 927 277 927 276 927 261 933 256 934 233 933 184 930 183 930 182 930 181 930 177 933 175 935 128 935 120 934 70 928 69 928 68 928 67 928 59 933 60 965"/></Shape>
	    <String CONTENT="(apres auoir prononce les parolles"
                    HPOS="59"
                    VPOS="926"
                    WIDTH="646"
                    HEIGHT="53"
                    WC="0.9999338090419769"></String>
          </TextLine>
          <TextLine ID="eSc_line_f2ebcdb9"
                    TAGREFS="LT8"
                    BASELINE="60 1010 705 1010" 
                    HPOS="60"
                    VPOS="972"
                    WIDTH="645"
                    HEIGHT="54">
            <Shape><Polygon POINTS="60 1010 60 1019 71 1025 72 1025 73 1025 113 1019 145 1019 154 1025 155 1025 156 1025 156 1025 183 1019 216 1019 222 1025 223 1025 224 1025 225 1025 226 1025 243 1019 285 1019 295 1025 296 1025 296 1025 297 1026 328 1026 328 1025 329 1025 330 1025 339 1019 440 1019 465 1025 466 1025 467 1025 485 1019 546 1025 546 1026 613 1026 613 1025 638 1019 664 1025 665 1025 705 1019 705 1010 704 976 641 978 632 976 616 972 616 972 570 972 569 972 549 976 542 978 537 976 523 972 522 972 522 972 521 972 520 972 514 976 512 978 506 976 490 973 489 973 452 977 436 978 427 977 401 972 400 972 399 972 398 972 394 977 392 979 348 979 346 977 336 972 335 972 335 972 310 977 309 977 274 972 273 972 273 972 257 978 257 978 256 978 247 972 246 972 245 972 199 972 198 972 197 972 175 978 174 978 168 972 168 972 167 972 166 972 142 972 141 972 140 972 140 972 132 978 60 978 60 1010"/></Shape>
	    <String CONTENT="que ilz disent sacramentales) sainct"
                    HPOS="60"
                    VPOS="972"
                    WIDTH="645"
                    HEIGHT="54"
                    WC="0.9970259666442871"></String>
          </TextLine>
          <TextLine ID="eSc_line_c199dffd"
                    TAGREFS="LT8"
                    BASELINE="60 1058 705 1057" 
                    HPOS="59"
                    VPOS="1020"
                    WIDTH="646"
                    HEIGHT="52">
            <Shape><Polygon POINTS="60 1058 60 1071 207 1066 215 1070 220 1072 221 1072 222 1072 240 1069 258 1067 288 1069 333 1072 334 1072 335 1072 335 1072 341 1068 344 1066 376 1068 410 1070 411 1070 412 1070 419 1067 427 1065 449 1067 485 1071 486 1072 522 1072 522 1071 522 1071 523 1071 528 1066 529 1066 537 1066 616 1071 617 1071 618 1071 635 1065 637 1065 639 1065 686 1071 686 1071 687 1071 705 1065 705 1057 703 1027 546 1020 545 1020 485 1026 454 1020 453 1020 424 1026 417 1020 416 1020 415 1020 382 1020 382 1020 381 1020 364 1026 355 1021 354 1021 353 1021 270 1027 266 1027 265 1027 226 1021 226 1021 196 1027 195 1027 59 1027 60 1058"/></Shape>
	    <String CONTENT="sacrifice/ saincte oblation presentee ⁊"
                    HPOS="59"
                    VPOS="1020"
                    WIDTH="646"
                    HEIGHT="52"
                    WC="0.9866339701872605"></String>
          </TextLine>
          <TextLine ID="eSc_line_6b18cd39"
                    TAGREFS="LT8"
                    BASELINE="56 1104 705 1102" 
                    HPOS="56"
                    VPOS="1065"
                    WIDTH="649"
                    HEIGHT="53">
            <Shape><Polygon POINTS="56 1113 235 1118 236 1118 237 1118 254 1113 255 1113 256 1113 279 1118 280 1118 327 1113 328 1113 379 1118 380 1118 414 1112 419 1112 421 1112 436 1117 437 1117 438 1117 486 1112 491 1112 492 1112 505 1117 506 1117 507 1118 641 1118 641 1117 642 1117 643 1117 649 1112 678 1117 679 1117 704 1112 705 1102 703 1072 593 1065 592 1065 561 1070 551 1072 548 1070 542 1065 541 1065 540 1065 521 1065 520 1065 519 1065 502 1070 495 1072 487 1070 472 1065 471 1065 470 1065 445 1070 431 1072 341 1069 310 1068 309 1068 308 1068 305 1069 291 1073 278 1068 271 1066 270 1066 202 1066 201 1066 200 1066 196 1068 188 1073 140 1073 99 1067 90 1066 89 1066 88 1066 86 1067 76 1073 56 1067 56 1104 56 1113"/></Shape>
	    <String CONTENT="dõnee a Dieu/ comme le sacrifice de"
                    HPOS="56"
                    VPOS="1065"
                    WIDTH="649"
                    HEIGHT="53"
                    WC="0.985744963089625"></String>
          </TextLine>
          <TextLine ID="eSc_line_9e698cb9"
                    TAGREFS="LT8"
                    BASELINE="56 1152 702 1149" 
                    HPOS="55"
                    VPOS="1110"
                    WIDTH="647"
                    HEIGHT="57">
            <Shape><Polygon POINTS="56 1152 56 1161 172 1167 173 1167 210 1166 211 1166 212 1166 219 1161 221 1160 234 1161 278 1166 279 1166 280 1166 295 1161 299 1160 308 1161 339 1166 340 1166 367 1161 380 1159 422 1161 504 1165 505 1165 539 1161 562 1159 571 1161 582 1164 583 1164 584 1164 585 1164 595 1161 605 1159 620 1161 639 1164 639 1164 702 1160 702 1149 699 1111 672 1120 630 1120 615 1114 614 1114 613 1114 585 1120 556 1112 553 1112 552 1112 551 1112 550 1112 550 1113 538 1121 511 1121 502 1113 500 1112 499 1112 499 1112 414 1110 413 1110 413 1110 412 1110 405 1115 397 1121 377 1121 309 1120 304 1117 295 1111 294 1111 293 1111 292 1111 291 1111 275 1118 273 1119 269 1118 253 1112 252 1112 187 1112 187 1112 186 1112 185 1112 172 1120 171 1120 169 1120 153 1112 152 1112 151 1112 150 1112 128 1117 74 1112 73 1112 72 1112 55 1120 56 1152"/></Shape>
	    <String CONTENT="Abel ⁊ Abraham. Et cõmunement"
                    HPOS="55"
                    VPOS="1110"
                    WIDTH="647"
                    HEIGHT="57"
                    WC="0.9990781605243683"></String>
          </TextLine>
          <TextLine ID="eSc_line_7737d641"
                    TAGREFS="LT8"
                    BASELINE="56 1199 702 1198" 
                    HPOS="55"
                    VPOS="1159"
                    WIDTH="647"
                    HEIGHT="60">
            <Shape><Polygon POINTS="56 1199 56 1213 167 1212 169 1213 175 1218 176 1218 177 1218 178 1218 179 1218 195 1213 233 1218 234 1219 343 1219 343 1218 344 1218 345 1218 351 1213 377 1218 378 1218 406 1211 408 1211 418 1217 419 1217 420 1217 421 1217 574 1211 583 1217 584 1217 585 1217 585 1218 611 1218 611 1217 612 1217 624 1211 679 1211 686 1215 686 1215 687 1215 688 1215 689 1215 702 1209 702 1198 699 1159 678 1166 639 1161 639 1161 638 1161 625 1166 616 1160 615 1159 614 1159 613 1159 550 1159 549 1159 548 1159 547 1159 546 1160 539 1166 522 1161 514 1159 513 1159 494 1159 493 1159 492 1159 491 1159 488 1161 481 1166 464 1161 456 1159 455 1159 454 1159 453 1159 446 1161 432 1166 417 1162 411 1160 410 1160 409 1160 408 1160 407 1160 405 1162 401 1167 378 1167 368 1162 364 1160 363 1160 362 1160 361 1160 354 1162 340 1167 335 1163 330 1159 329 1159 328 1159 327 1159 311 1163 294 1167 286 1163 278 1159 277 1159 276 1159 275 1159 260 1163 248 1167 244 1164 240 1159 239 1159 238 1159 237 1159 236 1159 235 1159 230 1164 226 1167 171 1167 164 1164 152 1159 151 1159 150 1159 126 1165 117 1167 109 1165 87 1159 86 1159 85 1159 55 1165 56 1199"/></Shape>
	    <String CONTENT="le nõment La saincte hostie/ le sainct"
                    HPOS="55"
                    VPOS="1159"
                    WIDTH="647"
                    HEIGHT="60"
                    WC="0.9988583020674877"></String>
          </TextLine>
        </TextBlock>
        <TextBlock HPOS="545"
                   VPOS="1209"
                   WIDTH="164"
                   HEIGHT="65"
                   ID="eSc_textblock_0756f17b"
                   TAGREFS="BT17">
          <Shape><Polygon POINTS="545 1209 545 1274 709 1274 709 1209"/></Shape>
          <TextLine ID="eSc_line_dae44403"
                    TAGREFS="LT8"
                    BASELINE="555 1246 699 1244" 
                    HPOS="554"
                    VPOS="1205"
                    WIDTH="145"
                    HEIGHT="63">
            <Shape><Polygon POINTS="555 1246 555 1268 593 1262 610 1266 625 1268 626 1268 699 1260 699 1244 697 1214 674 1214 674 1213 656 1205 655 1205 655 1205 624 1213 616 1215 589 1215 586 1213 579 1206 578 1206 577 1206 577 1206 576 1206 554 1212 555 1246"/></Shape>
	    <String CONTENT="sacrifice"
                    HPOS="554"
                    VPOS="1205"
                    WIDTH="145"
                    HEIGHT="63"
                    WC="0.9565304319063822"></String>
          </TextLine>
        </TextBlock>
      </PrintSpace>
    </Page>
  </Layout>
</alto>
