1092 1595
373 93 626 58 sacrifice ⁊ telles manieres de noms.

367 189 648 54 sacrifice de louenge/ il ne fault ne

421 142 593 55 Item/ pour prier dieu ⁊ luy offrir

374 233 642 56 pain ne uin/ il ne fault lumiere ne

375 280 644 56 chãdelle/ il ne fault point estre tõdu

374 331 644 54 ne rase/ ne estre desguise par acoustre

376 378 611 51 mens nouueaulx ⁊ inacoustumez.

413 423 607 52 Parquoy ne pourrõt plus couurir

375 466 642 57 leurs abuz par telles fictiõs/ par les¬

378 514 643 56 quelles toutesfoys eulx mesmes se

378 563 644 54 destruysent/ ne ayans point tant de

379 606 640 56 sens de entẽdre que en parlant ainsi/

376 653 645 55 eulx mesmes totallement se confon¬

379 700 642 53 dent. Car sacrifice de louẽge est ne¬

381 746 640 56 cessaire ⁊ cõmun a tous persõnages/

380 793 641 55 soient hommes ou femmes ⁊ petitz

379 840 643 55 enfans: ⁊ toute personne est obligee

380 884 624 57 de offrir a Dieu sacrifice de louẽge.

412 933 609 55 Et par ainsi/ si en leur cas nya au¬

385 978 637 57 tre sacrifice que sacrifice de louenge/

384 1025 640 56 une femme pourroit bien sacrifier/

386 1072 642 56 uoire mesme ung petit enfant: qui

386 1121 642 51 est directement contre leur estat et

385 1167 640 63 acoustumee doctrine: ainsi que eulx

873 1214 152 67 mesmes
