1092 1595
65 113 565 60 mesmes scauent ⁊ congnoissent.

122 160 584 58 Or ont ilz dict le tẽps passe par

63 206 642 59 toutes uniuersitez/ que la Messe di¬

63 255 644 57 cte ⁊ chãtee par ung paoure pecheur

63 299 642 58 estoit/ et est aussi bonne/ comme la

62 345 642 60 Messe du plus sainct hõme qui soit.

64 392 642 59 Laquelle chose nous leur cõfessons

62 438 645 61 estre plus ueritable quilz ne pensent.

63 488 642 58 Car de tous deux cest paoure chose.

67 531 639 62 Toutesfoys leur intention est dire

65 581 642 57 que cela uient/ non pas de la uertu

64 627 645 57 de celuy qui faict telle oeuure: mais

65 673 643 59 par la uertu de la chose oeuuree/ cest

63 718 645 60 adire offerte a Dien/ sacrifiee et pre¬

65 766 644 58 sentee. Et en leur latin disẽt: Non uir

63 817 646 53 tute operis operãtis: sed uirtute operis ope

63 857 646 60 rati. Qui est toute follie songee ⁊ in¬

66 905 644 60 uentee par inuention humaine/ ainsi

69 951 609 60 que dessus est efficacemẽt monstre.

117 995 596 64 Parquoy au secõd point de la pre

69 1042 645 61 sente matiere qui est de lassistence ou

65 1090 644 61 presence corporelle de Iesuchrist/ en

66 1135 646 69 la saincte eucharistie fault mainte¬

67 1185 227 53 nant uenir.

594 1236 116 78 En ce
