1092 1595
531 124 477 59 N ce passage plus q̃ iamais

533 172 474 60 on a failly ⁊ grandemẽt er

532 219 475 58 re/ quand on a presche/ dõ¬

532 269 476 53 ne entendre ⁊ enseigne/ que

363 312 643 61 au lieu du pain ⁊ du uin (ainsi quilz

365 357 643 62 parlent) soubz les especes uisibles/

362 406 649 60 le corps de Iesuchrist/ realement ⁊ de

366 455 645 58 faict/ entierement ⁊ personnellement

363 500 648 60 en chair et en os/ aussi grand et par¬

365 547 644 59 faict/ comme de present il est uiuant/

363 591 649 59 totallemẽt est cache ⁊ cõtenu. Et par

362 641 649 58 ainsi on a prouocque quasi luniuer¬

366 687 648 58 sel mõde a idolatrie publicque ⁊ ma

363 732 651 61 nifeste. Auquel importable abuz/ par

366 784 644 56 sainctes escriptures cõuiẽt puissam¬

365 829 262 57 ment resister.

412 871 607 54 Tout premierement nous fault

362 920 650 56 biẽ retenir ⁊ noter/ que Iesuchrist est

358 966 653 61 mort poͬ noz pechez: ⁊ resuscite pour

366 1013 645 60 nostre iustification. Et apres sa re¬

368 1058 641 61 surrection est mõte au ciel/ ⁊ la se sied

360 1107 652 59 a la dextre de sõ pere/ regnãt en plai

365 1155 644 57 ne maieste: auquel toute puissãce est

367 1197 639 73 dõnee au ciel/ en la terre/ ⁊ aux ẽfers.

361 146 167 176 E

221 911 123 59 Ro.iiii.

222 1035 132 57 Matth.

222 1082 121 50 xxuiii.

220 1124 129 51 Ebri.i.

224 1194 137 67 Philip¬

224 1256 124 52 piẽs.ii.

878 1245 132 67 Que il
