1092 1595
71 311 224 25 M

306 99 419 56 Oute parolle et ordon¬

304 148 420 50 nance de Dieu/ doibt

310 192 408 56 estre dicte ⁊ tenue sain¬

304 242 416 53 cte/ ⁊ nulle autre. Par¬

312 288 406 54 quoy ce que Iesuchrist

71 332 649 55 a parle/ enseigne/ ⁊ ordõne/ est sainct

74 380 639 54 ⁊ diuin/ comme son sainct euãgile/

69 425 644 57 le sainct baptesme/ sa saincte cene et

69 467 643 60 choses semblables. Or est il cer¬

67 517 647 58 tain que Sathan soy transfigurant

70 567 641 55 en ange de lumiere a tousioͬs tasche

67 613 643 55 et iamais ne cesse de renuerser soubz

68 659 644 53 quelque apparence de bien/ toute la

66 704 644 54 doctrine de Iesuchrist et ses sainctes

64 753 649 55 ordõnances/ cõgnoissant que en icel¬

63 796 647 58 les seulement la uie eternelle ⁊ le sa¬

64 846 646 51 lut de tout le monde consiste: car de

64 889 645 53 Dieu et de sa uolunte ne pouuons

62 937 647 57 rien congnoistre sinon par sa saincte

63 984 645 54 parolle. Parquoy il fault que tout ce

66 1028 639 57 qui est dict ⁊ faict en leglise de Iesu¬

67 1074 641 58 christ soit reigle/ conduict et monstre

69 1121 639 58 par icelle saincte parolle/ nõ pas par

65 1170 641 57 la doctrine ou inuention humaine/

726 467 107 56 ii.Co¬

727 511 106 52 rin.xi.

400 1214 316 64 A .ii. autre¬
