1092 1595
113 106 591 58 Que il soit monte au ciel uisible¬

57 154 645 59 ment en la presence de ses apostres ⁊

56 199 647 60 disciples: il est certain a tout fidele

55 245 647 58 chrestien. De laquelle tant admi¬

55 292 647 59 rable ascension/ ilz ont este certains

55 339 648 59 et ueritables tesmoings: comme il

51 382 645 65 appert aux Actes des Apostres/ et

54 429 645 69 par sainct Mare au dernier chapitre

54 480 303 56 de son euangile.

106 529 595 56 Item/ sainct Paul escriuant aux

50 573 649 61 Colossiens dict en ceste maniere: Si

49 621 642 59 uous estes resuscitez auec Christ/ cer

48 667 651 61 chez les choses qui sont denhault/ ou

46 713 652 60 Christ est seand a la dextre de Dieu.

57 761 634 59 Il ne dict point qui est assis en lair/

46 810 648 55 en la mer/ ou en la terre: mais au ciel.

49 855 645 62 Parquoy il sensuit bien puis quil est

46 902 649 59 au ciel asfis a la dextre de Dieu/ que

45 947 659 60 il nest pas ca bas en la terre/ entre

43 993 651 61 les maĩs du prebstre/ ny clos en une

44 1040 650 57 boyste/ ou armaire. Car son corps ne

48 1089 639 60 fut iamais que en ung seul lieu/ poͬ

47 1134 192 64 une foys.

97 1182 590 66 Parquoy si son corps est au ciel/

703 377 124 77 Actes.i.

703 442 108 52 Marc

700 487 86 51 xui.

704 609 121 54 Colos¬

702 656 118 59 siẽs.iii.

589 1233 110 68 pour
