1092 1595
223 295 138 57 Tauen¬

223 338 141 58 dũ a Sa

222 385 111 71 bellio.

361 109 637 62 pour ce mesme tẽps/ il nest point en

361 154 644 66 la terre: ⁊ sil estoit en la terre/ il ne se

361 204 641 60 roit point au ciel. Car pour certain

360 250 647 61 iamais ung ueritable corps nest que

368 292 637 66 en ung seul lieu (comme iay dict)

375 342 631 63 pour une foys. Et ne fault point icy

367 387 642 66 songer ny alleguer miracle/ miracle:

366 434 640 63 et dire que Dieu soit tout puissant/

367 482 646 65 poͬ le faire estre/ et le multiplier tout

366 528 646 64 en ung coup en plusieurs lieux. Car

366 575 648 62 cela est imaginatiõ ⁊ resuerie humai

366 620 648 64 ne/ sãs aucun fondemẽt. Et q̃ Dieu

369 669 641 62 face une telle multiplicatiõ: noꝰ nen

367 713 647 63 nauõs asseurãce descripture saincte

366 766 368 59 ne promesse diuine.

426 804 589 66 Parquoy de dire/ Dieu le peult

384 851 632 66 faire: ergo il le faict. Cela ne uault

381 897 633 63 rien. Car il nest point icy question de

376 942 638 68 la puissance de Dieu: et est tout cer¬

376 992 642 66 tain/ que Dieu est puissant de faire

376 1041 641 61 parler toꝰ les asnes/ cheuaulx/ ⁊ mu

379 1083 635 64 les qui sont au mõde (ainsi quil fist

378 1134 638 64 parler lasnesse de Balaam) toutes¬

384 1180 395 80 foys il ne le faict pas.

232 830 142 59 Argumẽ

229 879 140 52 tũ a pos¬

230 917 143 53 se/ adesse

230 959 145 51 nihil cõ¬

231 999 118 59 cludit.

236 1106 125 60 Nõbres

247 1165 75 47 xxii.

234 1201 143 57 ii.Pier¬

235 1249 85 58 re.ii.

789 1223 230 69 Dauantage
