1092 1595
139 100 592 57 Dauantage nous nauõs iamais

88 147 642 58 leu en la saĩcte escripture/ que Dieu

85 194 642 58 ayt multiplie et mis tout pour ung

86 241 643 56 tẽps/ ung mesme corps en plusieurs

84 287 645 57 lieux: mais plus tost la faict trãspor

85 335 642 56 ter soubdainement dung lieu en au¬

84 380 645 57 tre/ selon son plaisir. Cõme il appert

82 422 646 61 de Abacuc/ qui par ung ange fut in¬

83 473 641 58 continent porte de Iudee en Baby¬

84 519 641 58 lone: mais quand il estoit en ung

84 565 391 57 lieu/ il laissoit lautre.

128 612 600 57 Semblablement il est dict de Phi

83 658 640 60 lippe/ apres auoir baptize le Eunuq̃

83 707 642 56 de Candace Royne des Ethiopiens/

83 752 646 56 que lesperit de nostre Seigneur le ra

81 796 642 61 uist soubdain/ ⁊ fut trouue en Azote.

82 844 642 58 Mais que ung mesme corps ayt este

82 893 639 56 en plusieͬs lieux tout en ung coup/

83 937 642 57 iamais ne fut leu. Parquoy/ dire

85 983 640 58 que Dieu face ung tel miracle/ sans

83 1034 640 55 que on sen appercoyue/ sans rien

82 1078 642 57 en ueoir/ sans rien en scauoir/ cest

83 1121 641 56 trop songe: car les oeuures de Dieu

86 1172 637 63 sont manifestes/ et certaines. Et ia¬

736 424 129 65 Daniel

732 474 80 61 xiiii.

734 798 89 53 Actes

730 840 69 59 uiii.

425 1217 302 64 C mais ne
