<?xml version="1.0" encoding="UTF-8"?>
<alto xmlns:xsi="http://www.w3.org/2001/XMLSchema-instance"
      xmlns="http://www.loc.gov/standards/alto/ns-v4#"
      xsi:schemaLocation="http://www.loc.gov/standards/alto/ns-v4# http://www.loc.gov/standards/alto/v4/alto-4-2.xsd">
  <Description>
    <MeasurementUnit>pixel</MeasurementUnit>
    <sourceImageInformation>
      <fileName>33_abbe9_default.jpg</fileName>
      <fileIdentifier>https://www.e-rara.ch/i3f/v20/11399680/full/full/0/default.jpg</fileIdentifier>
    </sourceImageInformation>
  </Description>
  <Tags>
    <OtherTag ID="BT8" LABEL="DamageZone" DESCRIPTION="block type DamageZone"/><OtherTag ID="BT10" LABEL="DropCapitalZone" DESCRIPTION="block type DropCapitalZone"/><OtherTag ID="BT11" LABEL="GraphicZone" DESCRIPTION="block type GraphicZone"/><OtherTag ID="BT12" LABEL="MainZone" DESCRIPTION="block type MainZone"/><OtherTag ID="BT13" LABEL="MarginTextZone" DESCRIPTION="block type MarginTextZone"/><OtherTag ID="BT17" LABEL="QuireMarksZone" DESCRIPTION="block type QuireMarksZone"/><OtherTag ID="BT18" LABEL="RunningTitleZone" DESCRIPTION="block type RunningTitleZone"/><OtherTag ID="BT20" LABEL="StampZone" DESCRIPTION="block type StampZone"/><OtherTag ID="BT21" LABEL="TableZone" DESCRIPTION="block type TableZone"/><OtherTag ID="BT22" LABEL="TitlePageZone" DESCRIPTION="block type TitlePageZone"/><OtherTag ID="BT123" LABEL="MarginTextZone:handwrittenAddition" DESCRIPTION="block type MarginTextZone:handwrittenAddition"/>
    <OtherTag ID="LT7" LABEL="CustomLine" DESCRIPTION="line type CustomLine"/><OtherTag ID="LT8" LABEL="DefaultLine" DESCRIPTION="line type DefaultLine"/><OtherTag ID="LT9" LABEL="DropCapitalLine" DESCRIPTION="line type DropCapitalLine"/><OtherTag ID="LT10" LABEL="HeadingLine" DESCRIPTION="line type HeadingLine"/>
  </Tags>
  <Layout>
    <Page WIDTH="1092"
          HEIGHT="1595"
          PHYSICAL_IMG_NR="33"
          ID="eSc_dummypage_">
      <PrintSpace HPOS="0"
                  VPOS="0"
                  WIDTH="1092"
                  HEIGHT="1595">
        <TextBlock HPOS="344"
                   VPOS="96"
                   WIDTH="679"
                   HEIGHT="1149"
                   ID="eSc_textblock_1c1f1a76"
                   TAGREFS="BT12">
          <Shape><Polygon POINTS="344 96 379 1245 1023 1204 1023 96"/></Shape>
          <TextLine ID="eSc_line_9b299a47"
                    TAGREFS="LT8"
                    BASELINE="361 143 1002 132" 
                    HPOS="361"
                    VPOS="92"
                    WIDTH="641"
                    HEIGHT="65">
            <Shape><Polygon POINTS="998 98 990 97 981 96 972 95 963 93 954 93 951 92 933 96 905 92 901 93 898 93 887 100 886 100 867 94 866 94 865 94 865 94 852 101 850 101 833 101 832 101 821 93 821 94 813 94 786 101 784 101 780 101 720 96 715 97 706 97 698 97 681 103 680 103 679 103 661 100 660 100 659 100 658 100 654 104 653 104 652 104 639 101 638 101 637 101 599 105 593 105 591 105 570 101 564 101 555 101 546 101 538 101 537 101 506 107 501 108 442 108 441 108 431 104 422 104 413 104 411 104 401 108 367 108 362 123 361 143 361 150 408 157 409 157 459 149 460 149 461 149 506 155 507 155 507 155 508 155 508 155 514 150 519 155 520 155 521 155 522 155 558 155 558 155 597 154 598 154 611 147 612 147 614 147 632 151 633 151 634 151 653 147 750 151 751 151 752 151 764 145 765 144 772 144 818 149 819 149 819 149 820 149 820 148 826 143 827 143 840 143 934 147 935 147 936 147 952 141 954 141 1002 141 1002 132 1000 98 998 98"/></Shape>
	    <String CONTENT="mais ne fist miracle sur le corps de"
                    HPOS="361"
                    VPOS="92"
                    WIDTH="641"
                    HEIGHT="65"
                    WC="0.993081220322185"></String>
          </TextLine>
          <TextLine ID="eSc_line_06632659"
                    TAGREFS="LT8"
                    BASELINE="361 190 1004 178" 
                    HPOS="360"
                    VPOS="142"
                    WIDTH="644"
                    HEIGHT="60">
            <Shape><Polygon POINTS="360 166 361 190 361 202 1004 189 1004 178 1002 148 924 143 923 143 894 149 885 142 884 142 883 142 865 142 865 142 864 142 834 150 820 143 819 143 819 143 772 144 745 145 744 145 725 154 664 154 637 147 636 147 635 147 575 155 546 148 545 148 544 148 543 148 514 157 458 157 438 151 437 151 436 151 436 151 421 159 362 160 360 166"/></Shape>
	    <String CONTENT="quelcun/ sans le manifester. Les oeu"
                    HPOS="360"
                    VPOS="142"
                    WIDTH="644"
                    HEIGHT="60"
                    WC="0.9770563311047025"></String>
          </TextLine>
          <TextLine ID="eSc_line_6374560e"
                    TAGREFS="LT8"
                    BASELINE="363 235 1003 224" 
                    HPOS="362"
                    VPOS="188"
                    WIDTH="641"
                    HEIGHT="59">
            <Shape><Polygon POINTS="363 235 363 243 468 247 468 247 469 247 470 247 476 242 509 247 510 247 1003 233 1003 224 1001 194 953 188 952 188 893 195 886 196 882 196 857 190 856 190 855 190 854 190 847 196 845 197 841 196 806 191 805 191 804 191 803 191 796 197 795 198 792 197 772 193 771 193 770 193 757 198 754 200 718 200 717 198 709 193 708 193 707 193 706 193 656 194 655 194 655 194 649 200 647 201 616 200 510 196 509 196 508 196 491 202 491 202 490 202 462 198 461 198 460 198 450 202 445 204 362 204 363 235"/></Shape>
	    <String CONTENT="ures de Dieu ne sõt point couuertes"
                    HPOS="362"
                    VPOS="188"
                    WIDTH="641"
                    HEIGHT="59"
                    WC="0.9979268908500671"></String>
          </TextLine>
          <TextLine ID="eSc_line_bc6a86a3"
                    TAGREFS="LT8"
                    BASELINE="367 283 1005 270" 
                    HPOS="366"
                    VPOS="232"
                    WIDTH="639"
                    HEIGHT="63">
            <Shape><Polygon POINTS="367 283 367 295 410 292 542 293 576 293 577 293 577 293 579 292 591 286 640 286 658 290 662 291 663 291 663 291 664 291 667 290 678 284 715 284 726 288 728 289 729 289 730 289 731 289 733 288 749 283 1005 283 1005 270 1003 234 969 232 968 232 967 232 959 235 946 241 918 241 912 236 909 233 908 233 907 233 876 233 875 233 874 233 866 237 858 241 823 238 791 235 790 235 789 235 777 240 770 241 763 240 749 236 748 236 748 236 747 236 735 241 725 245 639 246 633 242 629 241 628 241 627 241 626 241 616 243 601 247 534 245 521 245 520 245 507 246 450 250 432 248 408 243 407 243 366 248 367 283"/></Shape>
	    <String CONTENT="(signantement quand elles cõcernẽt"
                    HPOS="366"
                    VPOS="232"
                    WIDTH="639"
                    HEIGHT="63"
                    WC="0.969413560297754"></String>
          </TextLine>
          <TextLine ID="eSc_line_42acf7c5"
                    TAGREFS="LT8"
                    BASELINE="366 329 1002 316" 
                    HPOS="365"
                    VPOS="281"
                    WIDTH="637"
                    HEIGHT="63">
            <Shape><Polygon POINTS="366 329 366 339 402 344 403 344 404 344 414 339 415 338 419 339 444 343 445 343 483 337 493 336 502 337 533 342 534 342 567 336 578 334 586 336 605 340 606 340 651 335 666 334 674 334 695 338 696 338 697 338 706 334 711 331 841 330 852 332 868 334 869 334 892 331 920 327 935 331 944 333 945 333 946 333 953 330 961 327 967 330 970 332 971 332 972 332 1002 329 1002 316 1000 287 943 281 943 281 912 288 909 288 900 288 848 286 847 286 802 290 800 290 798 290 756 285 756 285 726 292 725 292 724 292 697 287 696 287 617 287 616 287 616 287 605 295 602 295 576 290 575 290 574 290 573 290 568 295 567 295 559 295 501 293 500 293 499 293 487 297 485 297 483 297 448 291 447 291 417 298 408 292 407 292 406 292 405 292 365 299 366 329"/></Shape>
	    <String CONTENT="choses corporelles) mais comme iay"
                    HPOS="365"
                    VPOS="281"
                    WIDTH="637"
                    HEIGHT="63"
                    WC="0.9945784824735978"></String>
          </TextLine>
          <TextLine ID="eSc_line_6a8b72ab"
                    TAGREFS="LT8"
                    BASELINE="366 374 1006 363" 
                    HPOS="366"
                    VPOS="327"
                    WIDTH="640"
                    HEIGHT="62">
            <Shape><Polygon POINTS="366 374 366 383 382 389 383 389 384 389 385 389 397 383 399 382 405 382 432 386 433 386 553 380 574 379 575 379 581 384 581 385 582 385 583 385 584 386 612 386 612 385 613 385 631 379 689 382 690 382 726 376 728 376 733 376 858 381 858 381 859 381 881 374 906 380 907 380 908 380 924 374 991 375 992 375 993 375 1006 370 1006 363 1004 327 963 332 920 329 893 328 892 328 891 328 890 328 888 330 881 335 855 332 836 329 835 329 834 329 834 329 830 332 826 335 819 333 813 331 812 331 811 331 811 331 810 331 808 333 802 338 758 338 748 334 741 333 741 333 740 333 726 335 709 339 693 336 663 332 662 332 624 338 610 342 513 342 510 342 491 335 490 335 466 335 465 335 464 335 446 343 433 337 432 337 431 337 394 342 377 337 376 337 375 337 374 337 374 337 366 343 366 374"/></Shape>
	    <String CONTENT="dict/ claires ⁊ patẽtes: non seullemẽt"
                    HPOS="366"
                    VPOS="327"
                    WIDTH="640"
                    HEIGHT="62"
                    WC="0.989094752073288"></String>
          </TextLine>
          <TextLine ID="eSc_line_6e55ba3d"
                    TAGREFS="LT8"
                    BASELINE="367 420 1008 410" 
                    HPOS="366"
                    VPOS="375"
                    WIDTH="642"
                    HEIGHT="60">
            <Shape><Polygon POINTS="367 420 367 430 380 435 381 435 382 435 418 434 419 434 420 434 420 433 424 429 426 427 439 429 479 434 480 435 527 435 527 434 528 434 541 428 579 433 580 433 581 433 604 427 670 431 671 431 729 423 741 422 756 423 835 428 836 428 837 428 838 428 848 421 850 420 862 421 945 427 946 427 1008 418 1008 410 1006 378 908 375 907 375 878 379 850 382 836 380 825 377 824 377 823 377 817 380 807 384 741 385 689 381 669 380 668 380 655 381 616 387 577 382 567 381 566 381 565 381 562 382 552 388 499 383 497 383 496 383 495 383 473 390 421 390 366 385 367 420"/></Shape>
	    <String CONTENT="des corps humains/ mais aussi de"
                    HPOS="366"
                    VPOS="375"
                    WIDTH="642"
                    HEIGHT="60"
                    WC="0.9993215650320053"></String>
          </TextLine>
          <TextLine ID="eSc_line_4792c8b1"
                    TAGREFS="LT8"
                    BASELINE="367 468 1009 457" 
                    HPOS="366"
                    VPOS="422"
                    WIDTH="643"
                    HEIGHT="57">
            <Shape><Polygon POINTS="367 468 367 476 560 479 561 479 653 472 664 471 667 471 686 476 686 476 687 476 811 474 811 474 812 474 821 468 822 468 823 468 834 473 835 473 836 473 880 467 883 467 884 467 893 472 894 472 895 472 928 466 930 466 932 466 959 472 959 472 1008 465 1009 457 1006 422 366 434 367 468"/></Shape>
	    <String CONTENT="tous autres. Cõme il appert de li aue"
                    HPOS="366"
                    VPOS="422"
                    WIDTH="643"
                    HEIGHT="57"
                    WC="0.9884415363010607"></String>
          </TextLine>
          <TextLine ID="eSc_line_dd443a1e"
                    TAGREFS="LT8"
                    BASELINE="371 515 1010 503" 
                    HPOS="369"
                    VPOS="465"
                    WIDTH="641"
                    HEIGHT="64">
            <Shape><Polygon POINTS="371 515 371 525 411 529 412 529 413 529 413 529 413 529 418 525 420 522 469 521 481 524 495 528 496 528 497 528 498 528 507 524 516 521 539 523 548 524 549 524 550 524 551 524 551 523 552 523 553 521 559 523 564 526 565 526 566 527 599 527 599 526 600 526 614 522 618 521 620 522 626 525 627 525 628 525 629 525 630 525 633 522 639 519 660 521 678 524 678 524 691 521 709 516 783 515 802 520 808 521 809 521 810 521 827 520 861 516 893 519 905 520 906 520 907 520 908 520 909 519 920 513 1009 517 1010 503 1007 472 944 473 943 472 934 465 933 465 932 465 917 465 916 465 915 465 914 465 903 472 903 473 902 472 895 466 894 466 893 466 872 466 871 466 870 466 845 473 843 473 842 473 827 470 826 470 805 473 779 476 772 473 772 473 771 473 770 473 759 473 700 477 693 474 691 473 690 473 689 473 688 473 686 474 678 478 670 474 663 470 663 470 662 470 620 471 619 471 613 474 608 476 603 474 599 473 598 473 597 473 596 473 591 474 571 480 369 476 371 515"/></Shape>
	    <String CONTENT="qͥ fut muee en uin: mais quãd leaue"
                    HPOS="369"
                    VPOS="465"
                    WIDTH="641"
                    HEIGHT="64"
                    WC="0.9956405758857727"></String>
          </TextLine>
          <TextLine ID="eSc_line_fa51394f"
                    TAGREFS="LT8"
                    BASELINE="372 560 1011 551" 
                    HPOS="371"
                    VPOS="512"
                    WIDTH="640"
                    HEIGHT="63">
            <Shape><Polygon POINTS="372 560 372 573 429 575 430 575 431 575 439 572 452 567 476 571 495 574 496 574 497 574 508 570 515 568 517 570 520 573 521 573 522 573 522 574 562 574 562 573 596 568 627 565 663 567 696 569 697 569 698 569 699 569 702 567 706 564 719 566 746 570 747 570 748 570 757 565 762 563 772 565 797 569 798 569 799 569 813 564 819 562 846 563 920 567 921 567 1010 560 1011 551 1009 518 979 512 978 512 977 512 954 519 947 521 943 519 929 513 928 513 882 513 881 513 881 513 856 521 851 522 815 523 809 521 789 515 788 515 787 515 787 515 786 515 777 522 774 524 745 524 735 523 691 515 690 515 689 515 672 524 671 524 652 516 651 516 650 516 649 516 648 516 638 523 617 521 616 521 616 521 615 521 609 525 608 527 560 527 558 526 547 518 546 518 546 518 522 518 521 518 520 518 497 528 496 529 467 529 467 528 455 520 454 520 453 520 435 519 434 519 371 529 372 560"/></Shape>
	    <String CONTENT="cessa/ on uoyoit le uin. Pareillemẽt"
                    HPOS="371"
                    VPOS="512"
                    WIDTH="640"
                    HEIGHT="63"
                    WC="0.975763014844946"></String>
          </TextLine>
          <TextLine ID="eSc_line_b4e86c58"
                    TAGREFS="LT8"
                    BASELINE="366 606 1006 597" 
                    HPOS="366"
                    VPOS="562"
                    WIDTH="640"
                    HEIGHT="57">
            <Shape><Polygon POINTS="366 606 366 614 375 619 376 619 377 619 404 614 442 619 443 619 444 619 455 614 480 618 481 618 482 618 493 613 494 613 505 618 506 618 507 619 540 619 540 618 594 613 612 611 624 613 648 616 649 616 682 612 687 612 713 612 811 614 811 614 822 612 840 607 853 611 856 612 857 612 858 612 863 611 889 606 900 611 903 612 904 612 904 612 913 611 949 606 1006 610 1006 597 1004 567 883 568 879 567 869 562 868 562 840 562 839 562 838 562 828 567 825 569 822 567 818 563 817 563 816 563 771 563 770 563 769 563 768 563 763 567 758 570 743 567 725 564 724 564 723 564 709 567 696 571 692 567 689 566 689 565 688 565 687 565 654 565 653 565 639 567 619 572 586 567 580 567 579 567 578 567 577 567 577 568 571 573 544 569 543 569 542 569 541 569 534 574 488 568 478 567 477 567 476 567 472 568 449 575 429 568 429 568 428 568 427 568 426 568 425 568 415 575 366 569 366 606"/></Shape>
	    <String CONTENT="de la uerge de Moyse qͥ fut muee en"
                    HPOS="366"
                    VPOS="562"
                    WIDTH="640"
                    HEIGHT="57"
                    WC="0.9965764982359749"></String>
          </TextLine>
          <TextLine ID="eSc_line_ff36d081"
                    TAGREFS="LT8"
                    BASELINE="371 652 1012 641" 
                    HPOS="368"
                    VPOS="600"
                    WIDTH="642"
                    HEIGHT="65">
            <Shape><Polygon POINTS="369 651 369 665 1010 653 1010 640 1008 610 929 600 928 600 927 600 908 607 861 602 860 602 859 602 841 611 840 612 756 612 734 604 732 604 731 604 730 604 699 612 615 606 614 606 565 612 549 607 547 607 546 607 545 607 526 616 522 616 452 610 450 610 407 618 376 610 375 610 373 610 372 610 371 610 371 611 369 611 368 611 369 651"/></Shape>
	    <String CONTENT="serpẽt/ ⁊ ainsi des autres. Dõc de"
                    HPOS="368"
                    VPOS="600"
                    WIDTH="642"
                    HEIGHT="65"
                    WC="0.9999448342455758"></String>
          </TextLine>
          <TextLine ID="eSc_line_2790b151"
                    TAGREFS="LT8"
                    BASELINE="366 698 1013 688" 
                    HPOS="366"
                    VPOS="649"
                    WIDTH="647"
                    HEIGHT="60">
            <Shape><Polygon POINTS="366 698 366 709 1013 699 1013 688 1011 655 962 649 961 649 885 656 875 657 871 656 844 651 843 651 842 651 822 657 813 660 805 657 787 652 786 652 785 652 784 652 783 652 783 653 777 658 773 661 763 658 750 655 749 655 748 655 748 655 743 658 739 661 731 658 726 657 725 657 725 657 715 659 698 661 694 659 686 653 686 653 685 653 661 653 660 653 659 653 658 653 650 660 645 663 570 663 560 661 543 655 542 655 541 655 514 656 513 656 512 656 507 661 503 664 497 661 484 656 483 656 483 656 482 656 481 656 474 661 468 665 366 663 366 698"/></Shape>
	    <String CONTENT="dire et affermer ung tel miracle du"
                    HPOS="366"
                    VPOS="649"
                    WIDTH="647"
                    HEIGHT="60"
                    WC="0.9994598456791469"></String>
          </TextLine>
          <TextLine ID="eSc_line_301b222b"
                    TAGREFS="LT8"
                    BASELINE="371 746 1013 734" 
                    HPOS="369"
                    VPOS="697"
                    WIDTH="644"
                    HEIGHT="60">
            <Shape><Polygon POINTS="371 746 371 757 1013 744 1013 734 1010 697 959 703 900 700 871 698 870 698 869 698 868 698 865 700 856 705 740 704 619 702 618 702 617 702 616 702 608 707 608 708 602 708 568 703 567 703 530 709 516 711 509 709 489 705 488 705 487 705 486 705 486 706 480 710 479 712 369 713 371 746"/></Shape>
	    <String CONTENT="corps de Iesuchrist/ sans euidence et"
                    HPOS="369"
                    VPOS="697"
                    WIDTH="644"
                    HEIGHT="60"
                    WC="0.99520757874927"></String>
          </TextLine>
          <TextLine ID="eSc_line_064df96e"
                    TAGREFS="LT8"
                    BASELINE="372 793 1013 781" 
                    HPOS="371"
                    VPOS="744"
                    WIDTH="642"
                    HEIGHT="62">
            <Shape><Polygon POINTS="372 793 372 801 469 806 470 806 471 806 484 800 486 799 492 799 536 804 537 804 577 798 585 797 587 798 601 803 602 803 603 803 629 797 634 795 685 795 687 796 694 801 694 801 695 801 696 801 733 795 743 794 752 795 788 800 789 800 790 800 802 794 804 793 815 794 863 799 864 799 865 799 883 793 884 793 912 798 913 798 1013 791 1013 781 1011 751 991 751 983 744 982 744 982 744 981 744 980 744 951 751 892 746 891 746 890 746 862 753 782 747 781 747 780 747 764 754 667 749 666 749 614 757 529 752 528 752 527 752 526 752 517 760 454 760 433 754 432 754 431 754 430 754 416 760 387 754 386 754 385 754 371 761 372 793"/></Shape>
	    <String CONTENT="tresgrande certitude/ cest trop parle."
                    HPOS="371"
                    VPOS="744"
                    WIDTH="642"
                    HEIGHT="62"
                    WC="0.9897496684601432"></String>
          </TextLine>
          <TextLine ID="eSc_line_81be39a8"
                    TAGREFS="LT8"
                    BASELINE="373 838 1013 827" 
                    HPOS="372"
                    VPOS="789"
                    WIDTH="641"
                    HEIGHT="61">
            <Shape><Polygon POINTS="373 838 373 850 530 850 530 849 530 849 538 846 542 844 564 846 606 848 607 848 635 844 647 842 655 843 681 848 682 848 683 848 702 842 703 842 708 847 709 847 709 847 710 847 796 846 797 846 811 840 812 840 817 840 846 843 847 843 848 843 849 843 849 842 852 840 859 844 860 844 861 844 862 845 899 845 899 844 900 844 912 838 916 838 998 840 998 840 999 840 1013 835 1013 827 1011 793 971 789 970 789 933 794 904 798 894 795 880 791 879 791 878 791 877 791 859 796 846 800 816 797 775 793 774 793 773 793 772 793 766 798 762 801 691 802 686 801 672 794 671 794 647 794 647 794 646 794 645 794 635 801 632 803 624 802 585 795 585 795 538 804 530 805 525 804 478 797 477 797 476 797 452 806 397 799 396 799 395 799 372 808 373 838"/></Shape>
	    <String CONTENT="Et cõtraindre le peuple a cela croi¬"
                    HPOS="372"
                    VPOS="789"
                    WIDTH="641"
                    HEIGHT="61"
                    WC="0.999936585490768"></String>
          </TextLine>
          <TextLine ID="eSc_line_f45e1d7c"
                    TAGREFS="LT8"
                    BASELINE="372 884 1013 872" 
                    HPOS="371"
                    VPOS="838"
                    WIDTH="642"
                    HEIGHT="62">
            <Shape><Polygon POINTS="372 884 372 893 413 900 413 900 476 893 518 898 519 898 520 898 521 898 529 891 551 896 552 896 553 896 553 896 569 890 662 894 663 894 663 894 664 894 673 888 687 893 688 893 689 893 690 893 699 888 765 894 766 894 809 886 842 892 842 892 843 892 871 885 906 891 907 891 908 891 909 891 909 890 916 884 937 890 938 890 939 890 1002 889 1003 889 1004 889 1013 882 1013 872 1010 838 912 844 906 840 905 839 904 839 904 839 903 839 833 840 832 840 831 840 828 842 825 844 811 842 796 840 795 840 795 840 794 840 791 843 787 846 774 843 767 842 766 842 765 842 764 842 764 843 758 847 741 844 731 843 730 843 729 843 724 845 713 848 694 845 670 842 669 842 668 842 660 846 655 849 616 849 605 848 587 844 586 844 585 844 572 848 565 850 558 848 540 845 539 845 466 851 460 851 456 851 393 848 392 848 391 848 371 853 372 884"/></Shape>
	    <String CONTENT="re/ par feu/ par eaue/ par sang/ par"
                    HPOS="371"
                    VPOS="838"
                    WIDTH="642"
                    HEIGHT="62"
                    WC="0.9845587611198425"></String>
          </TextLine>
          <TextLine ID="eSc_line_4ed1d9e5"
                    TAGREFS="LT8"
                    BASELINE="372 930 1014 920" 
                    HPOS="371"
                    VPOS="884"
                    WIDTH="643"
                    HEIGHT="61">
            <Shape><Polygon POINTS="372 930 372 940 438 938 448 940 477 945 478 945 526 944 527 944 543 938 546 936 549 938 558 943 559 943 560 943 561 944 587 944 587 943 631 936 631 936 647 942 647 942 648 942 712 934 722 933 764 933 778 941 779 941 780 941 780 941 803 934 872 936 873 936 904 931 905 931 954 938 955 938 988 937 989 937 1014 928 1014 920 1013 890 991 884 990 884 990 884 989 884 974 889 956 885 955 885 954 885 953 885 952 885 945 890 924 886 923 886 881 891 858 886 857 886 786 886 785 886 784 886 764 893 763 894 735 894 732 894 723 886 722 886 721 886 720 886 685 894 684 894 679 894 553 889 552 889 551 889 550 889 550 890 544 895 543 897 469 897 464 896 442 892 441 892 440 892 429 897 427 898 419 897 396 894 395 894 371 897 372 930"/></Shape>
	    <String CONTENT="mort/ ꝑ prisõs/ cordes/ ⁊ bourreaux:"
                    HPOS="371"
                    VPOS="884"
                    WIDTH="643"
                    HEIGHT="61"
                    WC="0.9927386093784023"></String>
          </TextLine>
          <TextLine ID="eSc_line_30add62c"
                    TAGREFS="LT8"
                    BASELINE="374 977 849 968" 
                    HPOS="373"
                    VPOS="931"
                    WIDTH="476"
                    HEIGHT="60">
            <Shape><Polygon POINTS="374 977 374 985 420 991 421 991 457 985 500 988 501 988 502 988 514 984 517 983 522 984 552 988 553 988 553 988 567 983 569 982 576 983 604 988 605 988 606 988 607 988 613 982 616 981 639 982 702 986 703 986 704 986 717 981 724 980 732 981 744 984 745 984 746 984 752 981 756 979 764 981 774 984 775 984 776 984 849 980 849 968 847 940 819 940 809 931 808 931 807 931 806 931 805 931 783 938 765 933 764 933 764 933 763 933 748 941 726 936 725 936 688 941 652 934 651 934 573 943 566 938 565 938 564 938 528 936 527 936 526 936 500 946 462 946 421 938 420 938 373 948 374 977"/></Shape>
	    <String CONTENT="cest cruellement tyrannize."
                    HPOS="373"
                    VPOS="931"
                    WIDTH="476"
                    HEIGHT="60"
                    WC="0.9789806184945283"></String>
          </TextLine>
          <TextLine ID="eSc_line_328cc068"
                    TAGREFS="LT8"
                    BASELINE="425 1022 1017 1011" 
                    HPOS="424"
                    VPOS="974"
                    WIDTH="593"
                    HEIGHT="63">
            <Shape><Polygon POINTS="425 1022 425 1032 450 1037 451 1037 452 1037 472 1031 475 1031 478 1031 514 1036 515 1036 516 1036 531 1030 532 1030 540 1030 618 1033 619 1033 668 1027 672 1027 694 1027 724 1027 731 1032 732 1032 733 1032 733 1033 770 1033 770 1032 771 1032 787 1026 800 1031 801 1031 802 1031 834 1027 916 1029 917 1029 918 1029 942 1023 966 1028 967 1028 1017 1020 1017 1011 1015 978 826 974 825 974 824 974 806 982 803 983 802 982 787 976 787 976 786 976 785 976 767 983 764 984 762 983 741 976 740 976 739 976 695 985 693 985 684 985 598 982 597 982 574 988 572 988 553 988 540 988 530 980 529 980 528 980 527 980 484 986 444 981 444 981 443 981 424 989 425 1022"/></Shape>
	    <String CONTENT="Oultre/ nous auõs infallible cer"
                    HPOS="424"
                    VPOS="974"
                    WIDTH="593"
                    HEIGHT="63"
                    WC="0.994521849083178"></String>
          </TextLine>
          <TextLine ID="eSc_line_2963aa8d"
                    TAGREFS="LT8"
                    BASELINE="375 1068 1014 1059" 
                    HPOS="374"
                    VPOS="1020"
                    WIDTH="640"
                    HEIGHT="63">
            <Shape><Polygon POINTS="375 1068 375 1076 420 1083 421 1083 491 1076 502 1075 513 1076 565 1081 566 1081 621 1075 642 1073 653 1075 673 1080 674 1080 675 1080 686 1075 694 1073 714 1073 717 1075 721 1078 721 1079 722 1079 723 1079 724 1079 748 1075 769 1072 804 1072 811 1074 818 1078 819 1078 819 1078 847 1074 865 1073 873 1074 883 1077 884 1077 885 1077 886 1077 895 1074 910 1070 1013 1073 1014 1059 1010 1020 990 1028 925 1028 909 1022 907 1022 906 1022 905 1022 900 1023 858 1029 834 1024 826 1023 826 1023 825 1023 824 1023 823 1025 815 1030 741 1027 710 1025 709 1025 709 1025 708 1025 705 1027 700 1030 688 1027 681 1026 680 1026 679 1026 678 1026 678 1026 676 1027 670 1032 649 1028 632 1026 631 1026 631 1026 630 1026 630 1027 627 1029 622 1034 575 1034 569 1030 568 1028 567 1028 566 1028 565 1028 564 1028 556 1030 543 1034 531 1031 518 1027 517 1027 516 1027 515 1027 514 1027 510 1031 509 1033 505 1032 496 1029 495 1029 494 1029 493 1029 485 1032 477 1035 454 1035 452 1033 448 1029 447 1029 446 1029 445 1029 408 1034 405 1034 405 1034 383 1029 382 1029 382 1029 374 1033 375 1068"/></Shape>
	    <String CONTENT="tification par la saincte escripture/ q̃"
                    HPOS="374"
                    VPOS="1020"
                    WIDTH="640"
                    HEIGHT="63"
                    WC="0.9978053763508796"></String>
          </TextLine>
          <TextLine ID="eSc_line_b9a0c7c2"
                    TAGREFS="LT8"
                    BASELINE="377 1115 1019 1105" 
                    HPOS="376"
                    VPOS="1067"
                    WIDTH="643"
                    HEIGHT="60">
            <Shape><Polygon POINTS="377 1115 377 1122 550 1127 551 1127 589 1121 603 1125 604 1125 605 1125 606 1125 616 1120 624 1125 624 1125 625 1125 626 1126 668 1126 668 1125 707 1124 708 1124 709 1124 716 1119 822 1122 823 1122 824 1122 842 1116 843 1116 845 1116 870 1121 871 1121 903 1115 906 1115 910 1115 951 1120 952 1120 953 1120 964 1114 965 1114 967 1114 993 1119 994 1119 1019 1113 1019 1105 1017 1074 960 1067 959 1067 959 1067 934 1074 844 1072 843 1072 819 1076 785 1070 784 1070 783 1070 768 1077 669 1072 668 1072 667 1072 648 1079 602 1074 601 1074 600 1074 600 1074 592 1080 569 1073 569 1073 568 1073 567 1073 550 1081 481 1075 480 1075 452 1080 436 1075 436 1075 435 1075 434 1075 413 1082 389 1076 388 1076 387 1076 386 1076 385 1076 376 1081 377 1115"/></Shape>
	    <String CONTENT="laduenemẽt du filz de lhomme/ sera"
                    HPOS="376"
                    VPOS="1067"
                    WIDTH="643"
                    HEIGHT="60"
                    WC="0.9995225770132882"></String>
          </TextLine>
          <TextLine ID="eSc_line_4a899666"
                    TAGREFS="LT8"
                    BASELINE="387 1162 1018 1151" 
                    HPOS="386"
                    VPOS="1112"
                    WIDTH="632"
                    HEIGHT="64">
            <Shape><Polygon POINTS="387 1162 387 1172 438 1176 439 1176 560 1171 619 1168 632 1170 648 1173 649 1173 683 1170 718 1167 740 1169 753 1171 754 1171 755 1171 759 1169 768 1166 780 1169 784 1170 785 1170 786 1170 795 1169 817 1165 836 1168 837 1168 838 1168 842 1168 932 1163 942 1167 943 1167 943 1167 944 1167 972 1162 1017 1167 1018 1151 1015 1115 998 1119 982 1115 968 1112 967 1112 946 1116 910 1122 847 1121 841 1118 835 1115 834 1115 834 1115 833 1115 823 1119 805 1124 776 1120 756 1116 755 1116 754 1116 753 1116 753 1117 749 1120 743 1125 695 1120 663 1118 662 1118 661 1118 649 1121 631 1128 507 1128 500 1124 496 1120 495 1120 494 1120 493 1120 386 1126 387 1162"/></Shape>
	    <String CONTENT="uisible ⁊ manifeste. Car comme dict"
                    HPOS="386"
                    VPOS="1112"
                    WIDTH="632"
                    HEIGHT="64"
                    WC="0.9954497456550598"></String>
          </TextLine>
          <TextLine ID="eSc_line_f633e92d"
                    TAGREFS="LT8"
                    BASELINE="382 1215 483 1208 1016 1196" 
                    HPOS="381"
                    VPOS="1159"
                    WIDTH="635"
                    HEIGHT="77">
            <Shape><Polygon POINTS="382 1215 382 1227 405 1227 422 1236 423 1236 424 1236 425 1236 454 1229 560 1234 561 1234 561 1234 572 1229 591 1233 592 1233 592 1233 593 1233 614 1221 669 1221 702 1230 702 1230 703 1230 777 1222 785 1228 786 1228 787 1228 787 1228 845 1227 846 1227 888 1214 889 1213 926 1213 949 1213 957 1218 958 1218 959 1218 959 1218 1016 1211 1016 1196 1014 1161 994 1159 993 1159 992 1159 986 1161 978 1165 967 1162 959 1160 959 1160 958 1160 957 1160 952 1162 946 1166 940 1163 936 1161 936 1161 935 1161 934 1161 933 1161 931 1163 920 1170 878 1170 861 1165 844 1159 843 1159 842 1159 842 1159 817 1166 797 1171 781 1167 774 1165 773 1165 772 1165 772 1165 771 1165 768 1167 760 1172 749 1168 748 1168 748 1168 747 1168 727 1174 629 1177 588 1174 585 1171 577 1166 577 1166 576 1166 575 1166 541 1167 540 1167 520 1173 509 1176 499 1174 483 1168 483 1168 482 1168 451 1169 450 1169 449 1169 449 1170 444 1174 444 1175 442 1174 428 1169 427 1169 426 1169 390 1170 389 1170 388 1170 381 1174 382 1215"/></Shape>
	    <String CONTENT="S. Matthieu: Se aucun uous dict:"
                    HPOS="381"
                    VPOS="1159"
                    WIDTH="635"
                    HEIGHT="77"
                    WC="0.9800505973398685"></String>
          </TextLine>
        </TextBlock>
        <TextBlock HPOS="215"
                   VPOS="505"
                   WIDTH="144"
                   HEIGHT="75"
                   ID="eSc_textblock_7060752c"
                   TAGREFS="BT13">
          <Shape><Polygon POINTS="215 505 215 580 359 580 359 505"/></Shape>
          <TextLine ID="eSc_line_f3c19e12"
                    TAGREFS="LT8"
                    BASELINE="237 552 353 548" 
                    HPOS="235"
                    VPOS="510"
                    WIDTH="118"
                    HEIGHT="56">
            <Shape><Polygon POINTS="262 512 253 513 244 513 235 515 237 552 237 566 353 557 353 548 350 510 322 514 306 511 303 510 302 510 301 510 263 511 262 512"/></Shape>
	    <String CONTENT="Iehã.ii."
                    HPOS="235"
                    VPOS="510"
                    WIDTH="118"
                    HEIGHT="56"
                    WC="0.9999743302663168"></String>
          </TextLine>
        </TextBlock>
        <TextBlock HPOS="213"
                   VPOS="617"
                   WIDTH="142"
                   HEIGHT="107"
                   ID="eSc_textblock_a807767d"
                   TAGREFS="BT13">
          <Shape><Polygon POINTS="213 617 213 724 355 724 355 617"/></Shape>
          <TextLine ID="eSc_line_4557d0f9"
                    TAGREFS="LT8"
                    BASELINE="226 654 348 652" 
                    HPOS="223"
                    VPOS="610"
                    WIDTH="124"
                    HEIGHT="62">
            <Shape><Polygon POINTS="224 653 224 672 345 668 347 651 345 619 313 610 312 610 311 610 309 610 288 619 242 611 240 611 239 611 223 619 224 653"/></Shape>
	    <String CONTENT="Exode"
                    HPOS="223"
                    VPOS="610"
                    WIDTH="124"
                    HEIGHT="62"
                    WC="0.9996754407882691"></String>
          </TextLine>
          <TextLine ID="eSc_line_2b65baca"
                    TAGREFS="LT8"
                    BASELINE="229 694 300 695" 
                    HPOS="228"
                    VPOS="661"
                    WIDTH="72"
                    HEIGHT="54">
            <Shape><Polygon POINTS="229 694 228 708 298 715 300 695 299 674 282 674 278 669 269 661 269 661 268 661 267 661 229 661 229 694"/></Shape>
	    <String CONTENT="iiii."
                    HPOS="228"
                    VPOS="661"
                    WIDTH="72"
                    HEIGHT="54"
                    WC="0.9999991893768311"></String>
          </TextLine>
        </TextBlock>
        <TextBlock HPOS="225"
                   VPOS="1146"
                   WIDTH="152"
                   HEIGHT="117"
                   ID="eSc_textblock_d879dbf8"
                   TAGREFS="BT13">
          <Shape><Polygon POINTS="225 1146 225 1263 377 1263 377 1146 271 1146"/></Shape>
          <TextLine ID="eSc_line_0f0f78e9"
                    TAGREFS="LT8"
                    BASELINE="239 1183 366 1182" 
                    HPOS="238"
                    VPOS="1143"
                    WIDTH="128"
                    HEIGHT="56">
            <Shape><Polygon POINTS="238 1151 239 1183 239 1199 312 1195 364 1198 366 1182 363 1145 293 1148 288 1148 253 1143 252 1143 251 1143 242 1146 238 1151"/></Shape>
	    <String CONTENT="Matth."
                    HPOS="238"
                    VPOS="1143"
                    WIDTH="128"
                    HEIGHT="56"
                    WC="0.9954295059045156"></String>
          </TextLine>
          <TextLine ID="eSc_line_7763e018"
                    TAGREFS="LT8"
                    BASELINE="242 1229 353 1222" 
                    HPOS="240"
                    VPOS="1189"
                    WIDTH="114"
                    HEIGHT="60">
            <Shape><Polygon POINTS="242 1229 243 1246 354 1249 353 1222 350 1189 240 1198 242 1229"/></Shape>
	    <String CONTENT="xxiiii."
                    HPOS="240"
                    VPOS="1189"
                    WIDTH="114"
                    HEIGHT="60"
                    WC="0.9080012696129935"></String>
          </TextLine>
        </TextBlock>
        <TextBlock HPOS="869"
                   VPOS="1206"
                   WIDTH="176"
                   HEIGHT="84"
                   ID="eSc_textblock_baadfca9"
                   TAGREFS="BT17">
          <Shape><Polygon POINTS="869 1213 869 1290 1045 1290 1043 1206"/></Shape>
          <TextLine ID="eSc_line_7495fa87"
                    TAGREFS="LT8"
                    BASELINE="879 1256 1031 1252" 
                    HPOS="875"
                    VPOS="1198"
                    WIDTH="155"
                    HEIGHT="83">
            <Shape><Polygon POINTS="877 1254 877 1276 977 1281 978 1281 1030 1268 1030 1250 1028 1204 990 1198 989 1198 988 1198 986 1198 986 1200 980 1206 977 1210 925 1210 924 1210 896 1201 895 1201 893 1201 892 1201 891 1201 875 1209 877 1254"/></Shape>
	    <String CONTENT="Icy est"
                    HPOS="875"
                    VPOS="1198"
                    WIDTH="155"
                    HEIGHT="83"
                    WC="0.9993151511464801"></String>
          </TextLine>
        </TextBlock>
      </PrintSpace>
    </Page>
  </Layout>
</alto>
