1092 1595
86 106 642 57 Icy est Christ ou la/ ne le croyez poĩt.

82 155 651 52 Car ainsi que lesclair sort Doriẽt/ et

82 202 645 54 apparoit iusque en Occident: ainsi

85 247 639 55 sera laduenemẽt du filz de lhomme.

81 293 644 54 Et de cela ont donne grand tesmoi¬

84 340 637 54 gnage les sainctz Anges de Dieu/

82 387 644 56 quand ilz dirent aux apostres: Hom

80 432 639 55 mes de Galilee/ pourquoy uous ar¬

78 478 641 52 restez uous regardãs au ciel? Cestuy

84 523 639 55 Iesus qͥ est receu dauec uoꝰ au ciel/

80 568 647 56 uiendra ainsi cõme uous lauez ueu

78 618 647 52 monter au ciel: cestadire/ apertemẽt/

79 662 648 57 uisiblement/ clairemẽt/ ⁊ manifeste¬

78 713 649 51 mẽt: non poĩt occultemẽt/ couuert/ en

79 755 644 57 ueloppe/ ou uestu ð pain ou de paste.

126 803 599 56 Et si a tout cecy on respond q̃ cela

81 848 642 54 sentend/ tant seulement de laduene¬

79 898 646 52 ment au iour du iugemẽt: ⁊ non pas

83 941 642 57 au sacremẽt/ la ou (ainsi quilz disẽt)

81 989 645 52 il demeure auec nous en corps ⁊ ame

84 1032 641 58 perpetuellemẽt: iasoit que il se cache/

90 1081 635 54 ⁊ q̃ il ne se mõstre poĩt. Cela est ung

83 1128 641 55 dict a plaisir/ dont on nous a abusez

83 1174 645 63 le temps passe: ⁊ cõme trop faciles et

731 456 131 57 Actes.i.

399 1214 328 83 C .ii. legiers
