1092 1595
223 277 134 69 Matth.

226 336 99 53 xxui.

358 102 638 63 legiers a croire/ par cy deuant nous

358 156 237 55 lauons creu.

410 190 593 67 Item cela dire/ est blasphemer et

363 238 640 66 faire Iesuchrist menteur/ qui a dict

364 284 638 66 expressemẽt que nous aurons tous¬

352 334 652 61 iours des paoures auec nous: mais

361 381 644 61 luy nous ne laurons pas tousiours.

366 423 640 67 Lesquelles parolles fault necessaire

366 471 633 64 ment entendre de son corps/ et de son

365 516 642 66 humanite. Car quãd a sõ sainct espe

366 564 643 63 rit/ il est par tout/ ⁊ tousiours auec

366 610 641 64 les siens: comme il est dict en sainct

372 653 636 64 Matthieu: Uoicy/ ie suis auec uous

372 699 638 71 tous les iours/ iusque a la cõsomma

373 756 282 58 tion du monde.

434 794 579 64 Or est ce trop abesty et enchaine

370 839 644 68 lesperit ⁊ intelligẽce du peuple/ de le

371 887 643 64 lier ⁊ ainsi faire arrester a une chose

374 933 641 66 uisible et corruptible/ pour illec cer¬

374 980 642 66 cher celuy qui est de souueraine ma¬

373 1025 643 67 ieste. Car maintenant il est hors du

374 1071 641 71 temps de son infirmite/ ⁊ toutesfois

374 1120 647 62 en le mettãt ⁊ tenant sans nul ordre

379 1164 642 77 ⁊ positiõ/ ainsi en ung mõceau/ cache

226 652 142 64 Matth.

238 707 119 62 xxuiii.

913 1213 100 63 soubz
