<?xml version="1.0" encoding="UTF-8"?>
<alto xmlns:xsi="http://www.w3.org/2001/XMLSchema-instance"
      xmlns="http://www.loc.gov/standards/alto/ns-v4#"
      xsi:schemaLocation="http://www.loc.gov/standards/alto/ns-v4# http://www.loc.gov/standards/alto/v4/alto-4-2.xsd">
  <Description>
    <MeasurementUnit>pixel</MeasurementUnit>
    <sourceImageInformation>
      <fileName>36_616b7_default.jpg</fileName>
      <fileIdentifier>https://www.e-rara.ch/i3f/v20/11399683/full/full/0/default.jpg</fileIdentifier>
    </sourceImageInformation>
  </Description>
  <Tags>
    <OtherTag ID="BT8" LABEL="DamageZone" DESCRIPTION="block type DamageZone"/><OtherTag ID="BT10" LABEL="DropCapitalZone" DESCRIPTION="block type DropCapitalZone"/><OtherTag ID="BT11" LABEL="GraphicZone" DESCRIPTION="block type GraphicZone"/><OtherTag ID="BT12" LABEL="MainZone" DESCRIPTION="block type MainZone"/><OtherTag ID="BT13" LABEL="MarginTextZone" DESCRIPTION="block type MarginTextZone"/><OtherTag ID="BT17" LABEL="QuireMarksZone" DESCRIPTION="block type QuireMarksZone"/><OtherTag ID="BT18" LABEL="RunningTitleZone" DESCRIPTION="block type RunningTitleZone"/><OtherTag ID="BT20" LABEL="StampZone" DESCRIPTION="block type StampZone"/><OtherTag ID="BT21" LABEL="TableZone" DESCRIPTION="block type TableZone"/><OtherTag ID="BT22" LABEL="TitlePageZone" DESCRIPTION="block type TitlePageZone"/><OtherTag ID="BT123" LABEL="MarginTextZone:handwrittenAddition" DESCRIPTION="block type MarginTextZone:handwrittenAddition"/>
    <OtherTag ID="LT7" LABEL="CustomLine" DESCRIPTION="line type CustomLine"/><OtherTag ID="LT8" LABEL="DefaultLine" DESCRIPTION="line type DefaultLine"/><OtherTag ID="LT9" LABEL="DropCapitalLine" DESCRIPTION="line type DropCapitalLine"/><OtherTag ID="LT10" LABEL="HeadingLine" DESCRIPTION="line type HeadingLine"/>
  </Tags>
  <Layout>
    <Page WIDTH="1092"
          HEIGHT="1595"
          PHYSICAL_IMG_NR="36"
          ID="eSc_dummypage_">
      <PrintSpace HPOS="0"
                  VPOS="0"
                  WIDTH="1092"
                  HEIGHT="1595">
        <TextBlock HPOS="57"
                   VPOS="86"
                   WIDTH="672"
                   HEIGHT="1149"
                   ID="eSc_textblock_204dbb15"
                   TAGREFS="BT12">
          <Shape><Polygon POINTS="75 92 57 1235 725 1231 729 86"/></Shape>
          <TextLine ID="eSc_line_f71585ff"
                    TAGREFS="LT8"
                    BASELINE="85 145 725 149" 
                    HPOS="85"
                    VPOS="102"
                    WIDTH="640"
                    HEIGHT="64">
            <Shape><Polygon POINTS="723 120 714 117 708 116 686 116 684 115 663 108 661 108 652 108 643 108 636 108 608 113 597 115 577 115 575 113 569 108 563 108 554 108 551 108 544 109 526 107 519 107 510 107 509 107 504 111 500 115 480 115 474 111 463 106 457 106 448 106 439 106 430 106 421 106 413 106 404 106 399 106 391 109 384 113 374 109 362 105 359 105 352 105 329 108 306 113 273 113 266 108 263 104 262 104 253 104 244 104 235 103 228 107 218 112 179 111 170 106 164 103 159 102 152 106 139 112 123 112 113 105 109 102 109 102 108 102 107 102 87 104 85 106 85 145 85 161 122 155 172 161 184 162 185 162 190 161 211 155 226 161 231 163 232 163 233 163 242 161 260 156 276 161 287 163 288 163 300 160 319 156 324 160 327 163 327 163 328 163 329 163 330 163 339 160 349 157 358 160 370 163 371 163 372 163 402 160 422 157 426 160 430 163 431 163 432 163 433 164 455 164 455 163 456 163 464 160 469 157 494 159 547 164 548 164 589 159 596 158 597 159 603 164 603 165 604 165 605 165 606 166 703 166 703 165 704 165 725 158 725 149 725 120 723 120"/></Shape>
	    <String CONTENT="soubz ceste paste: il seroit trop plus"
                    HPOS="85"
                    VPOS="102"
                    WIDTH="640"
                    HEIGHT="64"
                    WC="0.994922233255286"></String>
          </TextLine>
          <TextLine ID="eSc_line_e8c97ff2"
                    TAGREFS="LT8"
                    BASELINE="81 187 723 197" 
                    HPOS="80"
                    VPOS="154"
                    WIDTH="643"
                    HEIGHT="62">
            <Shape><Polygon POINTS="81 187 80 200 156 208 157 208 244 204 256 210 257 210 257 210 258 210 273 204 312 204 319 209 320 209 321 209 322 209 356 205 371 211 372 211 373 211 399 206 443 212 444 212 482 208 490 213 491 213 491 213 492 213 546 209 551 213 551 214 552 214 553 214 553 214 601 209 610 215 611 215 612 215 613 215 614 215 624 210 664 216 665 216 722 210 723 197 721 161 701 167 667 161 666 161 643 166 637 161 636 161 635 161 631 160 606 159 605 159 594 160 553 165 546 160 546 159 545 159 544 159 543 159 475 159 335 161 327 159 315 155 314 155 313 155 312 155 301 159 294 161 286 159 274 155 273 155 273 155 272 155 271 155 266 158 261 161 228 161 224 158 215 154 214 154 213 154 212 154 201 158 198 159 81 158 81 187"/></Shape>
	    <String CONTENT="aneanty que iamais ne fut en la pre¬"
                    HPOS="80"
                    VPOS="154"
                    WIDTH="643"
                    HEIGHT="62"
                    WC="0.982239756319258"></String>
          </TextLine>
          <TextLine ID="eSc_line_23a99f61"
                    TAGREFS="LT8"
                    BASELINE="85 239 363 237" 
                    HPOS="84"
                    VPOS="197"
                    WIDTH="279"
                    HEIGHT="59">
            <Shape><Polygon POINTS="85 239 85 256 131 256 131 256 132 256 158 247 198 247 238 255 239 255 240 255 241 255 252 246 285 246 301 255 302 255 303 255 304 255 363 254 363 237 361 206 339 206 338 205 332 200 331 200 330 200 329 200 309 204 303 205 301 204 293 197 292 197 291 197 290 197 263 202 258 203 256 202 242 197 241 197 241 197 222 202 203 206 196 201 191 197 190 197 189 197 188 197 171 200 137 206 118 199 114 197 113 197 112 197 84 197 85 239"/></Shape>
	    <String CONTENT="sence de Pilate."
                    HPOS="84"
                    VPOS="197"
                    WIDTH="279"
                    HEIGHT="59"
                    WC="0.9998531378805637"></String>
          </TextLine>
          <TextLine ID="eSc_line_8bde3f54"
                    TAGREFS="LT8"
                    BASELINE="133 284 726 287" 
                    HPOS="132"
                    VPOS="245"
                    WIDTH="594"
                    HEIGHT="58">
            <Shape><Polygon POINTS="133 284 132 295 181 300 182 300 183 300 195 296 203 294 213 296 223 300 224 300 225 300 226 300 226 300 231 297 237 294 261 294 273 297 280 300 281 300 282 300 296 297 312 295 337 298 358 301 358 301 359 301 360 301 360 300 363 298 367 295 390 295 397 299 402 301 403 301 404 301 405 301 411 299 424 295 432 299 437 302 438 302 439 302 499 300 550 298 564 301 578 303 579 303 589 301 604 297 628 301 639 303 639 303 652 302 691 296 725 302 726 287 726 256 649 256 648 255 639 248 638 248 637 248 636 248 590 254 577 247 576 247 503 247 502 247 501 247 500 247 491 254 490 255 430 255 429 254 410 246 409 246 379 246 378 246 377 246 357 253 356 254 310 254 309 253 297 247 296 247 296 247 295 247 284 250 276 245 275 245 274 245 273 245 198 252 195 252 185 245 184 245 183 245 153 245 152 245 151 245 133 251 133 284"/></Shape>
	    <String CONTENT="Mais ie demãde quelle utilite ou"
                    HPOS="132"
                    VPOS="245"
                    WIDTH="594"
                    HEIGHT="58"
                    WC="0.9895855712168145"></String>
          </TextLine>
          <TextLine ID="eSc_line_da45533b"
                    TAGREFS="LT8"
                    BASELINE="74 328 725 334" 
                    HPOS="73"
                    VPOS="291"
                    WIDTH="652"
                    HEIGHT="59">
            <Shape><Polygon POINTS="74 328 73 339 86 346 87 346 88 346 117 342 126 346 127 346 187 347 188 347 189 347 202 342 257 347 257 347 284 342 291 341 325 341 327 342 335 348 336 348 337 348 338 348 442 344 454 344 456 344 461 349 462 349 463 349 464 349 517 346 530 345 532 346 540 350 541 350 542 350 543 350 544 350 548 346 552 343 563 346 569 348 570 348 571 348 581 347 603 343 613 347 616 349 617 349 618 349 619 349 623 348 632 344 723 349 725 334 723 296 703 302 653 296 642 295 641 295 640 295 638 296 623 302 608 296 604 295 603 295 602 295 588 296 565 300 546 296 543 296 542 296 538 296 512 301 507 296 507 296 507 295 506 295 505 295 483 295 483 295 482 295 474 296 460 301 399 301 379 297 351 293 351 293 350 293 333 297 324 299 315 297 290 292 289 292 226 296 215 292 214 292 213 292 187 297 183 298 179 297 155 291 154 291 153 291 152 291 151 291 143 297 106 297 98 293 97 293 96 293 95 293 74 297 74 328"/></Shape>
	    <String CONTENT="quel proffit/ nous pourroit il adue¬"
                    HPOS="73"
                    VPOS="291"
                    WIDTH="652"
                    HEIGHT="59"
                    WC="0.9995623048808839"></String>
          </TextLine>
          <TextLine ID="eSc_line_e468bc9c"
                    TAGREFS="LT8"
                    BASELINE="77 375 724 381" 
                    HPOS="77"
                    VPOS="337"
                    WIDTH="647"
                    HEIGHT="60">
            <Shape><Polygon POINTS="77 375 77 389 145 388 175 390 208 393 209 393 231 390 252 388 257 390 264 394 265 394 265 395 317 395 317 394 318 394 331 390 340 389 347 390 359 395 360 395 361 396 423 396 423 395 424 395 435 391 439 389 451 391 486 396 487 396 524 391 533 390 561 390 562 391 569 396 569 396 570 396 571 397 617 397 617 396 618 396 631 391 631 391 636 391 692 397 693 397 723 391 724 381 722 342 690 349 669 342 666 342 665 342 664 342 658 342 632 346 616 342 609 341 608 341 608 341 572 342 571 342 569 342 560 348 512 342 494 341 493 341 483 342 461 347 390 347 382 342 377 340 376 340 375 340 356 342 344 344 342 342 336 338 335 338 335 338 233 337 232 337 231 337 218 342 213 344 175 344 173 342 165 338 164 338 163 338 163 338 162 338 151 342 149 343 145 342 117 338 117 338 116 338 105 342 103 343 77 343 77 375"/></Shape>
	    <String CONTENT="nir/ que il fust auec nous dedãs ung"
                    HPOS="77"
                    VPOS="337"
                    WIDTH="647"
                    HEIGHT="60"
                    WC="0.9998379607458372"></String>
          </TextLine>
          <TextLine ID="eSc_line_c24cc4ac"
                    TAGREFS="LT8"
                    BASELINE="77 420 724 427" 
                    HPOS="76"
                    VPOS="387"
                    WIDTH="648"
                    HEIGHT="56">
            <Shape><Polygon POINTS="77 420 76 429 98 430 110 438 111 438 112 438 113 438 157 435 204 439 205 439 206 439 207 439 218 432 225 438 226 438 226 438 227 438 277 433 301 440 302 440 303 440 304 440 329 434 365 441 366 441 366 441 367 441 375 434 388 438 389 438 390 438 429 434 446 442 447 442 448 442 493 435 502 442 503 442 504 442 538 443 539 443 565 443 565 443 566 443 581 435 607 443 608 443 608 443 636 436 686 436 694 441 695 441 696 441 697 441 723 435 724 427 722 391 647 396 634 391 633 391 632 391 577 396 548 391 538 389 538 389 529 391 511 394 504 391 500 389 499 389 499 389 498 389 494 391 485 395 461 391 446 389 445 389 420 391 384 394 350 391 332 389 331 389 301 391 273 392 270 391 264 387 263 387 262 387 261 387 226 391 213 392 202 391 179 388 179 388 77 390 77 420"/></Shape>
	    <String CONTENT="morceau de pain ainsi cache? quand"
                    HPOS="76"
                    VPOS="387"
                    WIDTH="648"
                    HEIGHT="56"
                    WC="0.999888910966761"></String>
          </TextLine>
          <TextLine ID="eSc_line_a5d17a16"
                    TAGREFS="LT8"
                    BASELINE="76 466 723 474" 
                    HPOS="75"
                    VPOS="429"
                    WIDTH="648"
                    HEIGHT="61">
            <Shape><Polygon POINTS="76 466 75 476 115 483 116 483 153 478 170 484 171 484 220 485 221 485 222 485 241 479 266 484 267 484 304 480 312 486 312 486 313 486 314 486 360 480 362 480 363 480 385 487 386 487 387 488 414 488 414 487 415 487 427 481 457 488 458 488 459 488 471 482 558 489 559 489 630 483 694 490 694 490 722 483 723 474 722 442 631 436 631 436 630 436 620 440 612 443 603 440 598 438 597 438 596 438 595 438 592 440 585 443 574 439 569 438 569 438 568 438 551 439 507 442 483 438 456 434 455 434 454 434 444 437 436 441 430 437 424 433 423 433 422 433 400 433 399 433 398 433 390 436 382 440 368 436 360 435 359 435 358 435 351 436 338 439 333 436 327 432 327 432 326 432 325 432 324 432 313 435 304 439 294 435 283 431 282 431 281 431 280 431 270 435 262 439 236 439 228 435 220 430 219 430 218 430 218 430 202 434 190 437 176 434 169 432 168 432 167 432 166 432 162 434 151 437 130 433 109 429 109 429 76 432 76 466"/></Shape>
	    <String CONTENT="luy mesme disoit/ se il ne montoit a"
                    HPOS="75"
                    VPOS="429"
                    WIDTH="648"
                    HEIGHT="61"
                    WC="0.9929162147972319"></String>
          </TextLine>
          <TextLine ID="eSc_line_54ee0300"
                    TAGREFS="LT8"
                    BASELINE="79 515 720 520" 
                    HPOS="77"
                    VPOS="474"
                    WIDTH="642"
                    HEIGHT="57">
            <Shape><Polygon POINTS="78 514 77 531 718 531 719 519 718 485 400 485 389 478 384 477 383 477 381 477 343 478 240 482 175 475 172 475 171 475 168 475 110 481 78 474 78 514"/></Shape>
	    <String CONTENT="son pere que le sainct esperit ne uien¬"
                    HPOS="77"
                    VPOS="474"
                    WIDTH="642"
                    HEIGHT="57"
                    WC="0.9991997648508121"></String>
          </TextLine>
          <TextLine ID="eSc_line_4aa5dc72"
                    TAGREFS="LT8"
                    BASELINE="76 561 720 567" 
                    HPOS="75"
                    VPOS="525"
                    WIDTH="645"
                    HEIGHT="57">
            <Shape><Polygon POINTS="76 561 75 570 85 575 85 575 86 575 165 572 182 578 183 578 184 578 221 573 251 577 252 577 280 573 303 579 304 579 304 579 305 579 319 574 333 579 334 579 398 580 399 581 467 581 467 580 468 580 480 575 485 580 486 580 487 580 488 580 525 575 533 581 534 581 535 581 619 582 620 582 719 575 720 567 720 536 679 536 678 536 658 529 657 529 656 529 655 529 655 529 647 536 647 536 620 536 616 535 588 529 587 529 586 529 568 535 565 536 531 536 528 534 507 528 506 528 393 528 392 528 366 532 358 534 292 534 287 531 273 526 272 526 271 526 270 526 259 531 257 532 250 531 226 526 225 526 224 526 209 530 202 532 194 530 170 525 169 525 76 529 76 561"/></Shape>
	    <String CONTENT="droit point: ⁊ quand il seroit monte"
                    HPOS="75"
                    VPOS="525"
                    WIDTH="645"
                    HEIGHT="57"
                    WC="0.9993092550171746"></String>
          </TextLine>
          <TextLine ID="eSc_line_23bc4d8a"
                    TAGREFS="LT8"
                    BASELINE="75 608 720 614" 
                    HPOS="74"
                    VPOS="571"
                    WIDTH="646"
                    HEIGHT="59">
            <Shape><Polygon POINTS="75 608 74 617 112 623 113 623 114 623 125 619 179 619 213 626 214 626 287 621 293 621 294 621 304 627 305 627 306 627 307 627 318 622 319 621 349 621 405 621 408 622 421 628 421 628 422 628 448 624 458 629 459 629 460 629 483 623 490 622 496 624 506 627 507 627 507 627 525 624 534 623 536 624 543 630 544 630 545 630 546 630 564 630 564 630 565 630 566 630 571 625 574 623 591 625 632 630 633 630 719 627 720 614 719 576 684 576 683 576 682 576 681 576 672 583 573 583 564 576 563 575 562 575 561 575 561 575 560 575 557 576 537 582 446 576 440 576 439 576 438 576 428 580 418 576 411 574 410 574 409 574 408 574 397 576 383 580 365 576 344 573 343 573 305 576 279 579 269 576 258 574 257 574 257 574 236 576 224 578 210 576 163 571 163 571 132 576 129 577 127 576 115 572 114 572 113 572 75 576 75 608"/></Shape>
	    <String CONTENT="au ciel/ que il le enuoyeroit: ce quil"
                    HPOS="74"
                    VPOS="571"
                    WIDTH="646"
                    HEIGHT="59"
                    WC="0.99338246489826"></String>
          </TextLine>
          <TextLine ID="eSc_line_0475034f"
                    TAGREFS="LT8"
                    BASELINE="87 654 579 659 715 663" 
                    HPOS="85"
                    VPOS="614"
                    WIDTH="629"
                    HEIGHT="62">
            <Shape><Polygon POINTS="86 653 85 671 158 665 171 673 254 667 301 675 381 668 449 676 508 669 711 675 714 661 712 626 674 619 658 628 582 628 571 620 516 626 482 618 472 626 401 626 384 616 348 624 307 616 297 624 219 624 212 616 188 623 160 614 86 614 86 653"/></Shape>
	    <String CONTENT="fist le iour cinquantiesme/ et tous¬"
                    HPOS="85"
                    VPOS="614"
                    WIDTH="629"
                    HEIGHT="62"
                    WC="0.9818635996845033"></String>
          </TextLine>
          <TextLine ID="eSc_line_55cb9bcb"
                    TAGREFS="LT8"
                    BASELINE="75 702 644 707" 
                    HPOS="74"
                    VPOS="664"
                    WIDTH="570"
                    HEIGHT="59">
            <Shape><Polygon POINTS="75 702 74 710 92 719 93 719 93 719 94 719 110 712 130 718 131 718 132 718 132 718 144 712 145 712 171 712 174 713 187 720 188 720 189 720 234 714 236 714 241 714 277 720 278 720 279 720 288 715 293 713 313 714 315 715 319 720 319 721 320 721 321 721 322 721 323 721 324 721 329 717 334 721 335 721 335 721 336 722 394 722 394 721 395 721 401 717 409 714 431 718 433 718 434 718 436 718 476 715 482 719 484 721 484 722 485 722 486 722 539 723 540 723 541 723 542 723 542 722 544 721 548 715 573 715 591 722 593 723 594 723 595 723 600 722 621 718 642 723 644 707 644 674 628 667 627 667 554 667 553 667 553 667 536 673 482 673 475 667 475 666 474 666 473 666 472 666 471 666 456 672 447 666 446 666 445 666 424 666 423 666 422 666 421 666 416 670 411 667 410 667 409 667 408 667 374 672 364 665 363 665 362 665 361 665 360 665 336 672 335 672 334 672 315 667 314 667 313 667 312 667 312 667 304 672 304 672 271 672 271 671 263 665 263 664 262 664 261 664 260 664 259 664 258 664 250 671 232 666 231 666 230 666 229 666 215 671 209 665 209 664 208 664 207 664 206 664 163 670 163 670 129 666 128 666 127 666 126 666 119 670 118 670 75 670 75 702"/></Shape>
	    <String CONTENT="iours faict/ ainsi quil luy plaist."
                    HPOS="74"
                    VPOS="664"
                    WIDTH="570"
                    HEIGHT="59"
                    WC="0.9915766767093114"></String>
          </TextLine>
          <TextLine ID="eSc_line_e068e556"
                    TAGREFS="LT8"
                    BASELINE="119 750 718 754" 
                    HPOS="118"
                    VPOS="710"
                    WIDTH="600"
                    HEIGHT="59">
            <Shape><Polygon POINTS="119 750 118 760 144 765 145 765 146 765 156 761 159 760 202 760 210 762 227 765 228 765 243 762 253 760 264 762 280 766 281 766 299 762 311 761 356 763 388 765 389 765 390 765 393 764 400 761 413 764 422 767 423 767 424 767 475 765 556 762 606 767 619 768 620 768 629 767 668 762 679 768 680 768 681 768 682 769 717 769 718 754 717 718 686 713 686 713 685 713 684 713 677 717 670 722 637 722 627 717 618 714 617 714 616 714 616 714 608 717 599 722 532 722 521 716 510 712 509 712 508 712 507 712 499 716 490 722 446 722 434 715 431 715 430 715 429 715 429 715 428 715 427 715 419 721 403 716 402 716 401 716 367 720 358 715 357 715 356 715 355 715 350 715 315 720 309 715 305 712 305 711 304 711 304 711 303 711 280 712 279 712 278 712 275 715 270 718 260 715 249 710 249 710 248 710 212 714 182 717 175 714 168 710 167 710 166 710 119 713 119 750"/></Shape>
	    <String CONTENT="Brief ceste doctrine humaine/ est"
                    HPOS="118"
                    VPOS="710"
                    WIDTH="600"
                    HEIGHT="59"
                    WC="0.9998976768869342"></String>
          </TextLine>
          <TextLine ID="eSc_line_3cc4aea7"
                    TAGREFS="LT8"
                    BASELINE="74 794 719 800" 
                    HPOS="74"
                    VPOS="756"
                    WIDTH="645"
                    HEIGHT="54">
            <Shape><Polygon POINTS="74 794 74 803 121 803 124 804 138 809 139 809 140 809 169 805 181 803 269 803 273 806 280 809 281 809 282 809 316 806 319 806 320 806 325 810 326 810 327 810 327 810 718 809 719 800 719 766 644 761 643 761 642 761 628 764 612 769 592 764 579 762 578 762 577 762 569 763 554 768 550 763 546 760 545 760 544 760 522 760 521 760 520 760 513 763 505 768 460 768 444 762 433 759 432 759 431 759 418 762 397 767 385 762 377 758 376 758 349 758 348 758 310 759 309 759 304 761 289 766 272 760 263 757 262 757 261 757 260 757 259 757 257 760 249 766 227 766 207 759 199 757 198 757 197 757 196 757 193 759 182 765 171 759 167 756 166 756 165 756 164 756 144 759 103 763 74 758 74 794"/></Shape>
	    <String CONTENT="cause de la destruction uniuerselle"
                    HPOS="74"
                    VPOS="756"
                    WIDTH="645"
                    HEIGHT="54"
                    WC="0.9985136696270533"></String>
          </TextLine>
          <TextLine ID="eSc_line_1ea5ad7e"
                    TAGREFS="LT8"
                    BASELINE="74 841 718 848" 
                    HPOS="73"
                    VPOS="802"
                    WIDTH="645"
                    HEIGHT="61">
            <Shape><Polygon POINTS="74 841 73 856 128 854 154 857 159 858 160 858 164 857 187 853 204 857 210 859 210 859 211 859 223 857 249 854 266 857 278 860 279 860 280 860 286 857 292 855 326 857 374 861 374 861 375 861 383 857 390 855 402 857 412 860 413 860 413 860 426 857 441 855 454 857 470 862 471 862 472 862 473 862 474 862 479 857 483 855 523 855 531 857 546 862 547 862 548 862 549 862 559 857 561 856 564 857 576 863 577 863 627 863 628 863 657 858 700 863 701 863 702 863 717 857 718 848 717 811 686 808 686 808 685 808 673 810 656 816 643 810 635 808 634 808 633 808 632 808 624 810 610 816 569 816 560 810 553 807 552 807 513 806 512 806 511 806 510 806 505 810 500 815 443 815 432 810 416 805 415 805 414 805 413 805 413 805 405 810 404 810 399 810 341 807 340 807 339 807 330 810 326 812 321 810 310 805 309 805 308 805 307 805 296 810 290 813 263 813 257 810 240 803 239 803 238 803 202 808 166 802 165 802 74 809 74 841"/></Shape>
	    <String CONTENT="quasi de toute la terre. Et ne fault"
                    HPOS="73"
                    VPOS="802"
                    WIDTH="645"
                    HEIGHT="61"
                    WC="0.9859531886047788"></String>
          </TextLine>
          <TextLine ID="eSc_line_73698b14"
                    TAGREFS="LT8"
                    BASELINE="77 887 717 893" 
                    HPOS="77"
                    VPOS="853"
                    WIDTH="640"
                    HEIGHT="56">
            <Shape><Polygon POINTS="77 887 77 903 275 899 338 903 397 907 398 907 436 902 455 901 463 902 479 907 480 907 481 907 482 907 493 902 499 901 524 902 589 908 590 908 591 908 592 908 600 902 601 902 608 902 661 909 662 909 663 909 663 909 672 902 697 907 698 907 699 907 717 902 717 893 717 863 691 857 660 857 659 857 658 857 657 857 650 863 638 858 637 858 636 858 635 858 624 863 623 863 612 863 547 858 546 858 513 862 507 862 506 862 495 855 494 855 452 855 452 855 451 855 450 855 444 860 416 855 415 855 414 855 413 855 407 861 406 861 343 861 343 860 329 855 328 855 327 855 304 860 302 860 299 860 280 854 279 854 220 854 219 854 218 854 202 859 200 859 195 859 146 853 145 853 144 853 127 858 126 858 77 858 77 887"/></Shape>
	    <String CONTENT="pas pour donner quelque apparence"
                    HPOS="77"
                    VPOS="853"
                    WIDTH="640"
                    HEIGHT="56"
                    WC="0.9998780326409773"></String>
          </TextLine>
          <TextLine ID="eSc_line_97761283"
                    TAGREFS="LT8"
                    BASELINE="74 933 717 939" 
                    HPOS="74"
                    VPOS="897"
                    WIDTH="643"
                    HEIGHT="58">
            <Shape><Polygon POINTS="74 933 74 946 149 945 159 947 183 951 184 951 280 947 297 947 298 948 308 952 309 952 310 952 375 948 391 947 396 948 414 953 415 953 416 954 463 954 463 953 464 953 465 953 473 948 480 953 481 953 482 953 483 953 514 949 522 954 523 954 524 954 525 954 597 949 601 949 614 955 615 955 616 955 716 949 717 939 717 902 685 902 684 902 683 902 682 902 675 907 619 902 609 901 608 901 604 902 581 906 530 902 519 901 518 901 517 901 515 902 503 906 491 902 487 900 486 900 485 900 474 902 452 905 397 902 366 900 366 900 351 902 335 904 331 902 327 899 327 899 326 899 325 899 324 899 313 902 304 904 296 902 289 900 288 900 288 900 257 902 231 903 227 902 220 898 219 898 218 898 200 902 191 903 140 903 138 902 131 897 130 897 129 897 128 897 127 897 126 897 118 902 117 902 74 902 74 933"/></Shape>
	    <String CONTENT="ou couleur a leur cas/ q̃ ilz alleguẽt"
                    HPOS="74"
                    VPOS="897"
                    WIDTH="643"
                    HEIGHT="58"
                    WC="0.9928588026609176"></String>
          </TextLine>
          <TextLine ID="eSc_line_d080da92"
                    TAGREFS="LT8"
                    BASELINE="74 980 578 986 714 991" 
                    HPOS="71"
                    VPOS="942"
                    WIDTH="641"
                    HEIGHT="62">
            <Shape><Polygon POINTS="73 979 71 996 603 996 607 996 629 1004 630 1004 631 1004 711 996 712 990 710 947 662 955 614 947 605 946 603 946 602 946 598 947 573 955 516 955 504 947 501 945 500 945 498 945 497 945 480 947 448 953 426 947 416 945 414 945 413 945 379 947 333 951 323 947 315 945 313 945 312 945 275 947 243 950 238 947 227 942 226 942 224 942 223 942 210 947 204 950 73 949 73 979"/></Shape>
	    <String CONTENT="ou ameinent ces parolles: Cecy est"
                    HPOS="71"
                    VPOS="942"
                    WIDTH="641"
                    HEIGHT="62"
                    WC="0.9966292556594399"></String>
          </TextLine>
          <TextLine ID="eSc_line_403723ab"
                    TAGREFS="LT8"
                    BASELINE="73 1026 629 1032 716 1035" 
                    HPOS="70"
                    VPOS="987"
                    WIDTH="645"
                    HEIGHT="56">
            <Shape><Polygon POINTS="71 1024 70 1043 714 1043 715 1034 715 1000 393 988 392 988 391 988 373 995 355 988 353 988 352 988 288 994 277 987 276 987 275 987 273 987 71 991 71 1024"/></Shape>
	    <String CONTENT="mon corps/ qui est dõne pour uous."
                    HPOS="70"
                    VPOS="987"
                    WIDTH="645"
                    HEIGHT="56"
                    WC="0.9997895325933184"></String>
          </TextLine>
          <TextLine ID="eSc_line_f35f0814"
                    TAGREFS="LT8"
                    BASELINE="73 1076 717 1079" 
                    HPOS="73"
                    VPOS="1038"
                    WIDTH="644"
                    HEIGHT="57">
            <Shape><Polygon POINTS="73 1076 74 1091 89 1086 149 1086 164 1091 165 1091 166 1091 167 1091 168 1091 179 1086 192 1090 193 1090 194 1090 229 1086 246 1091 249 1092 250 1092 251 1092 252 1092 256 1091 271 1086 286 1091 293 1093 294 1093 295 1093 314 1091 342 1088 349 1090 353 1093 354 1093 355 1093 451 1092 452 1092 458 1090 473 1087 488 1090 503 1094 504 1094 505 1094 506 1094 511 1090 514 1089 519 1090 528 1094 529 1094 530 1094 549 1090 563 1088 572 1090 583 1094 584 1094 585 1095 636 1095 636 1094 637 1094 648 1090 655 1088 663 1090 674 1094 675 1094 676 1094 717 1089 717 1079 717 1047 625 1040 624 1040 624 1040 623 1040 613 1046 612 1047 569 1047 566 1046 548 1040 547 1040 546 1040 546 1040 545 1040 537 1046 535 1048 521 1048 518 1046 503 1039 502 1039 501 1039 500 1039 485 1046 484 1047 444 1047 442 1046 431 1039 430 1039 429 1039 410 1039 409 1039 408 1039 407 1039 397 1046 397 1047 328 1047 327 1046 319 1039 319 1039 318 1039 317 1039 234 1045 232 1045 231 1045 194 1038 193 1038 192 1038 164 1045 163 1045 162 1045 131 1038 89 1038 88 1038 87 1038 73 1044 73 1076"/></Shape>
	    <String CONTENT="Car par icelles/ autre chose nest de¬"
                    HPOS="73"
                    VPOS="1038"
                    WIDTH="644"
                    HEIGHT="57"
                    WC="0.9977398901372343"></String>
          </TextLine>
          <TextLine ID="eSc_line_d7863631"
                    TAGREFS="LT8"
                    BASELINE="73 1120 719 1125" 
                    HPOS="72"
                    VPOS="1084"
                    WIDTH="647"
                    HEIGHT="57">
            <Shape><Polygon POINTS="73 1120 72 1133 245 1133 247 1133 264 1138 265 1138 265 1138 300 1134 305 1133 309 1134 330 1139 331 1139 332 1139 333 1139 353 1134 354 1134 355 1134 392 1139 393 1139 465 1135 476 1140 477 1140 478 1140 542 1135 549 1140 550 1140 551 1140 552 1140 598 1136 628 1141 629 1141 718 1135 719 1125 719 1095 611 1088 610 1088 609 1088 594 1094 593 1094 586 1088 586 1087 585 1087 585 1087 584 1087 522 1093 518 1094 483 1094 482 1093 474 1087 473 1087 472 1087 471 1087 444 1092 444 1092 443 1092 379 1088 378 1088 339 1092 333 1092 328 1091 292 1085 291 1085 257 1091 255 1091 252 1091 202 1084 201 1084 73 1089 73 1120"/></Shape>
	    <String CONTENT="monstree/ que pain/ nõ pas uulgaire"
                    HPOS="72"
                    VPOS="1084"
                    WIDTH="647"
                    HEIGHT="57"
                    WC="0.9994851301113764"></String>
          </TextLine>
          <TextLine ID="eSc_line_86502a68"
                    TAGREFS="LT8"
                    BASELINE="74 1167 714 1174" 
                    HPOS="73"
                    VPOS="1129"
                    WIDTH="641"
                    HEIGHT="60">
            <Shape><Polygon POINTS="74 1167 73 1179 114 1184 115 1184 190 1181 218 1180 224 1182 237 1185 238 1185 239 1185 290 1182 316 1181 327 1182 343 1185 344 1185 355 1182 361 1182 364 1183 370 1187 371 1187 372 1187 373 1187 417 1183 436 1182 438 1184 444 1188 445 1188 446 1188 447 1188 511 1185 530 1184 537 1185 558 1189 559 1189 560 1189 561 1189 565 1185 569 1183 590 1183 593 1186 597 1189 598 1189 599 1189 600 1189 614 1186 624 1184 712 1187 714 1174 713 1135 678 1135 678 1135 677 1135 658 1142 627 1135 623 1134 622 1134 610 1135 561 1139 536 1135 524 1133 523 1133 511 1135 482 1140 475 1135 475 1135 474 1135 473 1135 468 1135 429 1139 422 1135 420 1133 419 1133 418 1133 417 1133 416 1133 408 1135 402 1136 396 1135 383 1132 382 1132 382 1132 381 1132 380 1132 375 1135 368 1140 350 1140 331 1135 327 1135 326 1135 298 1135 241 1137 236 1135 225 1130 224 1130 223 1130 222 1130 201 1135 196 1136 188 1135 140 1129 139 1129 74 1135 74 1167"/></Shape>
	    <String CONTENT="ou cõmun: mais sainct ⁊ significatif"
                    HPOS="73"
                    VPOS="1129"
                    WIDTH="641"
                    HEIGHT="60"
                    WC="0.9990134641930863"></String>
          </TextLine>
          <TextLine ID="eSc_line_ee841a7d"
                    TAGREFS="LT8"
                    BASELINE="76 1215 723 1220" 
                    HPOS="75"
                    VPOS="1178"
                    WIDTH="648"
                    HEIGHT="62">
            <Shape><Polygon POINTS="76 1215 75 1236 113 1233 179 1237 207 1237 208 1237 209 1237 212 1236 224 1230 276 1230 291 1236 299 1238 300 1238 421 1239 422 1239 446 1235 463 1231 511 1231 515 1234 523 1237 524 1237 525 1237 572 1234 592 1232 600 1233 635 1240 636 1240 722 1232 723 1220 721 1183 667 1188 647 1183 641 1182 640 1182 639 1182 631 1183 605 1188 590 1183 583 1181 582 1181 581 1181 569 1183 548 1188 479 1188 458 1183 440 1180 439 1180 438 1180 430 1183 421 1187 382 1187 376 1183 373 1180 372 1180 371 1180 370 1180 343 1183 325 1185 320 1183 312 1179 312 1179 311 1179 257 1183 246 1183 244 1183 233 1179 232 1179 231 1179 230 1179 215 1183 206 1185 202 1183 195 1178 194 1178 193 1178 124 1178 123 1178 122 1178 112 1183 109 1184 76 1183 76 1215"/></Shape>
	    <String CONTENT="qui est ⁊ doibt estre pris en grande re"
                    HPOS="75"
                    VPOS="1178"
                    WIDTH="648"
                    HEIGHT="62"
                    WC="0.9936153965118604"></String>
          </TextLine>
        </TextBlock>
        <TextBlock HPOS="721"
                   VPOS="481"
                   WIDTH="148"
                   HEIGHT="53"
                   ID="eSc_textblock_4a1b9caa"
                   TAGREFS="BT13">
          <Shape><Polygon POINTS="721 481 721 534 869 534 869 481"/></Shape>
          <TextLine ID="eSc_line_bd89bed0"
                    TAGREFS="LT8"
                    BASELINE="725 520 856 521" 
                    HPOS="724"
                    VPOS="481"
                    WIDTH="131"
                    HEIGHT="55">
            <Shape><Polygon POINTS="724 519 724 536 855 532 855 519 855 481 724 481 724 519"/></Shape>
	    <String CONTENT="Iehã.10."
                    HPOS="724"
                    VPOS="481"
                    WIDTH="131"
                    HEIGHT="55"
                    WC="0.9960335559315152"></String>
          </TextLine>
        </TextBlock>
        <TextBlock HPOS="721"
                   VPOS="625"
                   WIDTH="136"
                   HEIGHT="55"
                   ID="eSc_textblock_e1383c27"
                   TAGREFS="BT13">
          <Shape><Polygon POINTS="721 625 721 680 857 680 857 625"/></Shape>
          <TextLine ID="eSc_line_606ad84c"
                    TAGREFS="LT8"
                    BASELINE="723 663 848 666" 
                    HPOS="720"
                    VPOS="622"
                    WIDTH="127"
                    HEIGHT="62">
            <Shape><Polygon POINTS="722 661 720 684 845 683 847 665 847 636 722 622 722 661"/></Shape>
	    <String CONTENT="Actes.1."
                    HPOS="720"
                    VPOS="622"
                    WIDTH="127"
                    HEIGHT="62"
                    WC="0.9992381483316422"></String>
          </TextLine>
        </TextBlock>
        <TextBlock HPOS="723"
                   VPOS="949"
                   WIDTH="142"
                   HEIGHT="110"
                   ID="eSc_textblock_675a68e2"
                   TAGREFS="BT13">
          <Shape><Polygon POINTS="725 949 723 1059 865 1059 865 949"/></Shape>
          <TextLine ID="eSc_line_08b446cd"
                    TAGREFS="LT8"
                    BASELINE="723 991 855 996" 
                    HPOS="720"
                    VPOS="951"
                    WIDTH="133"
                    HEIGHT="67">
            <Shape><Polygon POINTS="722 990 720 1003 752 1015 754 1015 755 1015 756 1015 758 1015 771 1007 774 1007 820 1018 821 1018 852 1012 853 995 853 951 722 953 722 990"/></Shape>
	    <String CONTENT="Matth."
                    HPOS="720"
                    VPOS="951"
                    WIDTH="133"
                    HEIGHT="67"
                    WC="0.9999966224034628"></String>
          </TextLine>
          <TextLine ID="eSc_line_1dd628ed"
                    TAGREFS="LT8"
                    BASELINE="722 1035 816 1038" 
                    HPOS="719"
                    VPOS="1004"
                    WIDTH="96"
                    HEIGHT="56">
            <Shape><Polygon POINTS="720 1034 719 1060 814 1058 815 1036 815 1007 720 1004 720 1034"/></Shape>
	    <String CONTENT="xxui."
                    HPOS="719"
                    VPOS="1004"
                    WIDTH="96"
                    HEIGHT="56"
                    WC="0.9999991893768311"></String>
          </TextLine>
        </TextBlock>
        <TextBlock HPOS="417"
                   VPOS="1233"
                   WIDTH="316"
                   HEIGHT="55"
                   ID="eSc_textblock_a0f89c9a"
                   TAGREFS="BT17">
          <Shape><Polygon POINTS="417 1233 417 1288 733 1288 733 1233"/></Shape>
          <TextLine ID="eSc_line_e62d17ad"
                    TAGREFS="LT8"
                    BASELINE="429 1268 723 1268" 
                    HPOS="429"
                    VPOS="1228"
                    WIDTH="294"
                    HEIGHT="60">
            <Shape><Polygon POINTS="429 1268 429 1283 441 1287 442 1287 443 1287 444 1287 451 1283 460 1279 494 1279 513 1284 525 1288 526 1288 527 1288 551 1285 599 1279 608 1284 608 1284 609 1284 610 1284 644 1281 722 1288 723 1268 723 1236 698 1229 697 1229 696 1229 667 1236 662 1237 653 1236 614 1230 613 1230 612 1230 598 1235 585 1240 546 1240 540 1235 535 1229 534 1229 533 1229 515 1228 502 1228 501 1228 500 1228 499 1228 492 1234 486 1239 478 1234 468 1228 467 1228 466 1228 465 1228 429 1233 429 1268"/></Shape>
	    <String CONTENT="C .iii.uerence"
                    HPOS="429"
                    VPOS="1228"
                    WIDTH="294"
                    HEIGHT="60"
                    WC="0.9962023454053062"></String>
          </TextLine>
        </TextBlock>
      </PrintSpace>
    </Page>
  </Layout>
</alto>
