1092 1595
354 109 645 66 uerẽce/ en memoire de la mort ⁊ pas¬

362 155 640 67 sion de Iesuchrist/ representant lar¬

358 201 646 63 dent amour/ ⁊ grande charite dont

360 249 644 64 il nous a aymez/ ⁊ son sainct esperit

364 297 643 62 dont il nous a uiuifiez. Signifiant

363 339 646 68 aussi lamour dont en uraye charite

363 389 648 63 nous deuõs aymer les ungs les au¬

365 435 648 63 tres/ comme membres dung mesme

367 480 642 68 corps/ duquel Iesuchrist est le chief.

377 529 636 62 Qui soit ainsi/ les mesmes parolles

369 573 644 62 le donnent a congnoistre. Car il est

370 620 643 64 certain que cela quon uoit: cest adire/

371 665 645 67 le pain/ ou (ainsi qͥlz disent) la blan¬

373 715 645 65 cheur du pain/ nest pas le corps de

391 767 193 60 Iesuchrist.

426 801 591 70 Parquoy si on me dit/ il est bien

379 851 642 67 uray que cela que on uoit nest pas le

379 899 643 60 corps: mais soubz cela/ ou dedans

379 946 644 63 cela que on uoit/ est enclos ⁊ cõtenu

378 991 645 65 le corps/ Cest biẽ glose/ ⁊ trop chãge

381 1040 643 64 de propos/ ⁊ ne prent on pas les pa¬

382 1086 641 64 rolles de Iesuchrist en leur purete ⁊

383 1131 638 66 simplicite/ comme il les a proferees/

380 1174 646 76 sans glose ou additiõ. Car il na poĩt

840 1222 178 66 dict soubz
