1092 1595
88 100 643 58 dit soubz cela/ ou dedans cela est con

86 152 647 50 tenu mon corps: mais simplement il

86 195 644 58 a dict: Cecy est mon corps. Ainsi que

86 240 642 59 on disoit de laigneau paschal: Cecy

88 287 642 56 est le Passage du seigñr Dieu. Et

87 336 646 55 toutesfoys il est bien euident que lai¬

88 382 644 53 gneau nestoit poĩt le Passage: mais

89 427 642 54 que tant seullement il signifioit le

95 472 637 58 Passage. En ceste maniere aussi le

89 522 641 53 pain nest poĩt le corps: mais il signi¬

90 568 640 54 fie le corps/ cõme en autre lieu il est

87 614 645 56 dict q̃ Iesuchrist est la pierre: ⁊ neant

86 661 646 56 moins il est certain quil nestoit point

84 708 649 53 la pierre/ mais que par la pierre il

85 754 646 55 estoit signifie ⁊ represente. A ce pro¬

88 800 636 57 pos dict S. Augustin/ sur S. Iehan

82 851 645 48 en ceste maniere. Res significantes acci

83 895 641 54 piunt nomina rerum significatarum. Nõ

85 939 640 54 enim dicitur/ Petra significabat Christũ:

87 982 636 53 sed absolute dicitur/ Petra erat Christus.

85 1027 644 53 En semblable maniere de parler il

84 1071 632 60 disoit: Ie suis la uraye uigne/ cesta¬

84 1117 633 62 dire: Ie suis signifie par la uigne,

83 1168 644 61 Et que sur tout on doibt souueraine

736 186 109 66 Exode

734 239 60 64 xii.

776 381 92 61 P

730 846 101 61 Iehan

731 901 71 58 xiii.

462 1215 262 65 C .iiii. ment

736 1093 95 55 Iehan

734 1141 59 52 xu.
