1092 1595
370 101 640 57 ment noter. Il est escrit que Abrahã

368 146 641 59 a creu a la parolle du Seigñr Dieu/

371 193 640 58 ⁊ il luy a este repute a iustice: ⁊ a este

370 240 638 60 faict accord entre luy ⁊ son seigneur.

371 283 642 61 De laquelle iustification/ ⁊ duquel

366 331 646 61 accord/ luy fut baille le signe de la cir

366 380 643 60 cõcision: ⁊ en ordonnãt iceluy signe/

367 420 644 66 le Seigneur Dieu luy disoit: Hoc est

363 471 649 62 pactum meum. Uoicy mõ accord. Tou

368 517 644 61 tesfoys il est tres euidẽt que celle inci

370 563 641 61 siõ/ ou circõcision nestoit point et ne

369 610 643 60 fut iamais iceluy accord: mais estoit

369 654 641 63 seullemẽt le signe de laccord. Par¬

369 700 643 65 quoy si a ung personnage scauant ie

369 749 642 60 demandoye lintelligence parfaicte ⁊

372 793 638 62 facile de ces parolles: Hoc est fedus

371 843 636 60 meum. Il me diroit: Hoc est signum

371 886 643 65 federis mei. Donc tout ainsi que il

371 937 635 59 me dira de cecy: Hoc est fedus meum/

370 982 642 60 Hoc est signum federis mei. Ainsi ie luy

371 1032 643 56 diray de cestuy: Hoc est corpus meũ/ hoc

372 1077 642 58 est signum corporis mei. Car cest une

371 1123 643 59 mesme maniere de parler si grande¬

371 1170 643 71 ment ⁊ parfaictement en toutes cho

227 443 130 55 Genese

228 490 88 54 xuii.

959 1217 50 59 ses
