1092 1595
350 95 637 59 autrement il ny auroit iamais rien

353 140 637 64 qui feust seur ⁊ certain: car tantost

353 187 640 62 lung diroit dune sorte/ puis lautre

355 234 640 61 dune autre. Ainsi que par longue et

354 278 640 64 uiue experiẽce/ on cõgnoist au grãd

354 329 643 61 mal ⁊ dommage du paoure peuple

355 369 642 68 par cy deuãt auoir este faict. Duq̃l

357 420 641 62 mal fault par layde et conduicte du

359 465 638 66 Seigneur de paix et de uerite/ reti¬

358 513 643 60 rer toutes creatures/ autant que il

360 560 640 62 donnera de grace ⁊ pouuoir. A la¬

361 602 640 68 q̃lle chose certes ung chascũ est tenu

365 649 637 66 ⁊ oblige par le uouloir ⁊ commãde¬

363 697 640 65 ment de Dieu trauailler ⁊ labourer.

365 748 634 63 De laquelle obligation ny a aucun

365 792 639 64 exempt: mais plus tost sur peine de

365 833 636 70 griefuemẽt offenser Dieu/ ung chaf

365 885 641 60 cun doibt retirer derreur ⁊ mẽsonge

370 928 636 67 son prochain/ autãt quil peult sans

366 976 640 68 riẽs espargner. Ainsi quil est escript

368 1022 638 63 en Ezechiel: Si tu ne annonce a

367 1067 637 68 linique qui se cõuertisse de son mal/

369 1120 610 62 ie requerray son sang de ta main.

373 1161 633 73 Et pourtant le sainct homme Iob

223 1020 134 83 Ezec.iii.

868 1210 140 54 cõduict
