1092 1595
79 99 639 59 ses semblable/ qui nest hõe qui sceust

78 149 641 45 raisonnablement dire du contraire.

77 194 645 57 Assez dautres passages il ya aux saĩ

77 241 645 53 ctes escriptures/ ou telle maniere de

77 287 645 57 ꝑler est usitee. Parquoy nestoit pas

75 335 649 52 necessite de ainsi prendre durement a

74 381 646 54 la lettre ce Passage/ Hoe est corpꝰ meũ:

76 425 639 56 sans plus doulce intelligẽce misticq̃

78 472 639 57 ⁊ spirituelle: mais il a fallu aĩsi fai¬

75 521 644 52 re pour rauir le monde en admira¬

75 564 645 58 tion. Aussi affin que lydole de abomi

73 613 641 54 nation fust esleuee au lieu sainct: ⁊ q̃

74 658 643 57 par cela lhõme dorgueil et de peche/

74 706 643 55 celuy duquel laduenement est selon

73 749 645 53 loperation de Satan en toute puissã

73 797 641 54 ce/ signes/ ⁊ miracles de mensonges/

80 845 559 54 fust cõme Dieu exalte ⁊ adore.

74 889 647 59 Notãmẽt le S. Apostre a dit signes

77 939 644 54 ⁊ miracles de mẽsonges. Car en ceste

74 986 645 52 matiere grans miracles par mẽson¬

74 1030 645 59 ges il a imagine. Nest ce pas biẽ son¬

73 1078 648 55 ge ⁊ resue/ dauoir dict q̃ tous les acci

74 1124 647 55 dens du pain ⁊ du uin/ cõme blan¬

75 1169 644 67 cheur/ rotundite/ pesãteur/ goust/ sa¬

723 737 126 75 ii.Thes

723 797 117 57 salo.ii.

611 1219 106 49 ueur/
