1092 1595
368 99 642 56 ueur/ moyteur ⁊c. soient ⁊ demeurent

368 143 642 60 la sans subiect/ cestadire sans fonde¬

372 192 639 58 mẽt ⁊ substãce? Nest ce pas bien har

371 240 637 56 dimẽt parle de dire que on tient/ q̃ on

374 287 635 57 porte: ⁊ q̃ on enferme le corps de Ie¬

374 331 639 58 suchrist/ tout grãd/ tout entier/ tout

374 378 641 58 uiuant/ en chair ⁊ en os/ ainsi ⁊ la ou

373 425 248 55 on uouldra?

416 469 598 58 De rechef ie demande que entend

374 518 642 54 ⁊ ueult dire le sacrificateur/ quand il

377 564 639 56 prononce les parolles sur le pain? di¬

376 609 642 56 sant: Cecy est mon corps/ laissant le

375 659 641 49 demourant du texte euangelicque/ ⁊

374 703 642 54 adioustant temerairement ce mot:

374 751 642 52 enim/ disant: Hoc est enim corpus meũ.

377 793 641 58 Lequel mot nul des euangelistes na

375 839 643 59 adiouste. En quoy il entreprend sus

376 884 638 59 la parolle de dieu. Se il ueult dire q̃

376 932 644 61 ce soit son propre corps de luy mesme

382 979 636 58 sacrificateur/ qui est cache soubz ceste

378 1026 638 58 blãcheur ⁊ espece de pain/ cest certes

380 1070 636 60 une orde ⁊ puãte chose. Se il respõd

379 1119 641 57 que cest le corps de Iesuchrist/ que ne

378 1165 633 67 dit il donc/ Hoc est corpus Christi: affin

886 1216 121 63 que on
