1092 1595
76 102 641 58 que on entendist ce que il ueult dire.

74 149 647 54 Et se il dit/ que tant seulement il reci

73 194 645 60 te les parolles que Iesuchrist profe¬

72 245 647 49 ra/ les prenant materiellemẽt: a cela

71 289 649 56 ie respondz que parolles prinses ma

72 336 646 55 teriellemẽt (mesme selon leur doctri

72 382 646 54 ne scolastique) ne demonstrent et ne

80 427 637 60 signifient rien/ silz n en uouloiẽt fai¬

74 479 325 52 re quelque magie.

121 522 596 53 Dauantage/ ie leur demande ou

71 568 647 55 ilz ont promesse ⁊ asseurance de dieu

73 617 644 54 que toutesfoys ⁊ quantes quilz pro¬

70 661 647 56 nõcerõt telles parolles/ que le corps

71 708 647 55 de Iesuchrist tout soubdain descẽdra

70 754 647 54 entre leurs mains. Se ilz alleguẽt

71 803 645 51 ce passage: Hoc facite in meam comme¬

70 848 647 53 morationem. Ce nest pas respondu a

73 892 644 56 propos. Car il est tresmanifeste quil

71 940 644 55 ne parle point la/ q̃ il faille sacrifier:

71 986 644 54 mais parle de la comestiõ de ce pain

71 1033 644 56 qͥ doibt estre faicte en cõmemoration

70 1079 646 56 de la charite/ mort ⁊ passion de Iesu

70 1121 644 61 christ/ en annonceant icelle (cõme dit

74 1169 638 68 sainct Paul) iusque a ce quil uiẽne.

470 1215 241 68 Cest ascauoir

719 1121 134 60 i.Corin¬

719 1172 122 58 thes.xi.
