1092 1595
358 101 644 55 Cest ascauoir appertement ⁊ mani¬

363 143 643 62 festemẽt au grand ⁊ dernier iour du

360 190 644 57 iugemẽt. Et ne se fault tant arrester

361 234 646 62 a ce uerbe substãtif/ Sum/ es/ est/ uou

362 283 644 57 lant conclurre que la il soit corporel¬

360 329 646 58 lement/ puis quil a dit: Hoc est corpus

364 376 643 53 meum. Car ce uerbe substantif/ com¬

364 422 646 60 bien qͥl soit expres/ ne preuue point

366 467 643 62 presence corporelle: mais biẽ assistẽce

371 515 639 56 spirituelle/ ainsi que il disoit: La ou

367 561 641 59 deux ou troys sont assemblez en mõ

366 608 616 57 nom/ la ie suis au millieu de eulx.

373 653 633 60 Il dit exp̃ssemẽt: In medio eoꝝ sum.

371 700 642 60 Et toutesfoys il est bien certain quil

368 746 646 58 ne ueult dõner a entẽdre autre chose

372 791 642 63 sinon son assistẽce spirituelle/ nõ pas

374 840 642 60 ꝑsonnelle ou corporelle/ cõme aucũs

372 887 642 56 ont presche ⁊ dõne entendre/ que non

375 931 640 60 seullement Iesuchrist est en leucha¬

373 980 641 56 ristie present/ reallemẽt en corps ⁊ en

373 1024 645 59 ame. Mais aussi (qͥ plus est) les an¬

376 1073 644 58 ges/ sainctz/ et sainctes/ et toute la

376 1118 640 60 court celeste assiste. En quoy ilz mõ

381 1165 638 68 strent totallemẽt lefficace derreur ou

230 645 135 56 Matth.

234 696 93 67 xuiii.

879 1210 137 67 ilz sont
