1092 1595
79 97 643 59 ilz sont tombez/ ⁊ nont point tãt den

78 147 640 63 tendemẽt de cõgnoistre que eulx mes

79 194 637 59 mes se cõfondent. Car ainsi que par

77 241 638 56 leur dit/ ilz mettent ⁊ multiplient le

77 287 640 63 corps de Iesuchrist en plusieͬs lieux

77 334 645 60 tout en coup: ainsi fault il dõc q̃ tous

76 380 645 59 les anges/ tous les sainctz ⁊ sainctes

76 424 645 63 de Dieu/ soiẽt en plusieͬs lieux tout

78 471 640 62 pour ung temps. Et se ilz sont si

76 519 644 58 eshõtez de le cõceder/ ie leur demãde

73 565 644 62 le passage de la parolle de dieu ou ilz

73 614 646 58 ont trouue cecy. Et comme ainsi soit

74 660 647 61 qui nen ayent point/ ie les deteste cõe

77 708 590 54 songeurs ⁊ menteurs execrables.

119 754 598 56 Et si on ameine le .ui. chapitre de

75 797 640 57 S. Iehan ou il est dict ainsi: Ie suis

74 842 638 63 le pain uiuãt qui est descẽdu du ciel.

74 891 644 59 Si aucun mãge de ce pain/ il uiura

73 939 644 58 eternellemẽt. Et le pain q̃ ie dõneray

75 985 621 57 est ma chair pour la uie du monde.

78 1028 639 62 Puis apres il dict: Si uous ne mã

78 1077 639 60 gez la chair du filz de lhõe/ ⁊ si uous

71 1125 644 60 ne beuuez son sang/ uous ne aurez

77 1174 640 65 point uie en uous. Qui mange ma

728 98 137 60 Uno in¬

724 150 137 46 cõuemiẽ-

726 188 137 48 ti dato/

725 231 140 44 multa cõ

725 274 136 59 tingunt.

723 794 100 65 Iehan

723 842 40 69 ui.

597 1225 113 68 chair/
