1092 1595
370 103 641 67 chair/ ⁊ boyt mon sang/ il a uie eter¬

369 150 643 60 nelle: et ie le resusciteray au dernier

371 194 642 62 iour. Car ma chair est ueritablement

373 241 641 65 uiãde/ ⁊ mon sang est ueritablemẽt

370 287 640 70 breuage. A ceste allegatiõ ie respõs/

371 333 644 71 que en tout ce chapitre Iesuchrist se

374 380 643 68 manifeste ⁊ dõne a cõgnoistre tel qͥl

380 438 202 57 est ⁊ estoit.

427 467 590 73 Oultre/ uouloit oster la folle at¬

377 521 636 63 tente de aucuns paoures aueugles qͥ

376 566 642 64 le suyuoiẽt/ nõ pour autre chose sinõ

383 615 637 63 pẽsantz quil les nourriroit corporel¬

377 662 646 59 lement sans plus labourer ne tra¬

381 702 641 69 uailler: pourtãt quil les auoit nour¬

380 750 642 66 ris par la multiplicatiõ de cinq paĩs

388 792 634 73 une foys/ ⁊ de sept a lautre/ aux de¬

387 840 637 70 sers. Les autres (comme il appert

377 886 650 68 au mesme chap̃.) le estimoiẽt filz de

387 933 642 71 Ioseph: et par ainsi le contẽnoient/

387 980 643 68 sans estimer rien de luy/ sinon que il

390 1027 640 70 fust hõme/ ⁊ riẽ de diuinite en luy ne

387 1073 643 69 recõgnoissoient/ laquelle seulle deite

390 1121 639 69 peult rassasier ⁊ nourrir noz ames ⁊

389 1169 642 75 esperitz. Parquoy affin qͥlz ne pre¬

247 735 94 55 Iehan

245 781 53 45 ui.

239 808 138 58 Matth.

240 859 119 54 xiii. et

245 902 70 51 xu.

847 1212 182 67 tendissent
