1092 1595
71 103 644 57 tẽdissent aucune ignorãce/ ⁊ quilz ne

71 151 641 58 eussent excuse de peche/ il leur disoit:

75 197 640 58 Ie suis le pain uiuãt qui est descẽdu

70 244 639 59 du ciel: cest adire/ par la seule miseri¬

70 290 639 60 corde de mõ pere/ sans aucun merite

70 335 215 54 de creature.

120 381 587 58 Il disoit donc/ Ie suis le pain ui¬

67 429 642 57 uant qui est descendu du ciel/ cõme si

69 478 638 54 appertement il leur eust dict: Contẽ¬

65 522 642 56 nez moy au dehors tãt q̃ uous uoul¬

66 570 642 57 drez/ si suis ie autre que uous ne pen

73 616 632 54 sez. Uous uoyez le corps que uous

62 661 640 58 cõtẽnez: mais en iceluy habite la ple¬

62 707 641 53 nitude de diuinite. Pourtant il sen¬

69 754 639 56 suyt: Le pain que ie donneray est ma

63 801 645 56 chair pour la uie du mõde. Ce quil a

64 848 640 56 grandement accõply par sa mort/ en

62 892 642 58 laquelle/ poͬ nous uiuifier il sest uo

62 938 643 57 luntairemẽt donne en sacrifice par¬

69 984 634 57 faict/ se offrãt dung ardẽt coeur poͬ

61 1032 645 57 nostre redẽption a son pere. Et tres

62 1079 647 54 propremẽt il appelle sa chair pain du

62 1123 641 60 ciel ⁊ pain uiuãt/ pourtãt que luy ⁊

70 1168 630 72 son pere sont une mesme chose. En

711 656 116 64 Colos¬

711 705 128 64 siens.ii.

589 1219 113 58 laq̃lle

708 1160 131 85 Iehã.x.
