1092 1595
235 159 142 58 i.Corin¬

235 206 128 61 tes.xu.

375 99 644 64 laquelle signification le S. Apostre

381 150 639 60 appelle Iesuchrist hõme celeste. Car

381 191 639 64 autremẽt il ne seroit point nr̃e uie ⁊

377 241 640 62 nourriture. Et tout ainsi q̃ le pain

377 287 647 66 nest point faict poͬ soy mesme/ mais

384 335 641 61 pour la nourriture dautruy: aussi Ie

382 376 642 67 suchrist ueritable filz de Dieu/ est

384 425 643 65 faict hõme pour nostre redẽption/ sa

382 471 642 65 lut/ ⁊ uie. Uoire si par uiue foy/ as¬

383 521 642 62 seuree ⁊ certaine cõfidence nous som

383 570 446 59 mes uniz ⁊ ioinctz a luy.

430 608 598 64 Lintelligẽce donc ueritable ⁊ sen¬

385 657 639 62 tence tres certaine de ce chapitre est/

384 704 646 63 non point de la comestion corporelle

388 751 640 62 ⁊ charnelle: mais de la comestion spi

385 798 640 61 rituelle qui se faict par uiue/ entiere/

394 842 636 65 ⁊ ferme foy. Comme dict bien sainct

393 883 635 71 Augustin: Ut quid paras dentem ⁊ uen

393 931 635 67 trem? Crede ⁊ mãducasti: Cestadire/ poͬ¬

388 980 644 68 quoy dispose tu les dentz ⁊ le uẽtre?

389 1026 637 69 Croy/ ⁊ tu las mange. Laquelle foy

388 1074 645 58 nous unist/ incorpore/ et conioinct a

395 1117 638 71 Iesuchrist/ qui nous faict gouster sa

390 1167 643 74 saincte parolle: cõme luy mesme de¬

247 897 142 57 De ꝯse.

247 949 142 58 distin.ii.

926 1212 108 72 claire
