1092 1595
88 102 646 63 claire en iceluy passage ou il dit: Les

90 148 643 63 parolles q̃ ie parle sont esperit ⁊ uie.

86 194 644 63 La chair ne proffite de riẽ: cestadire/

86 242 647 61 la chair mãgee ⁊ aualee en son uẽtre

85 288 651 61 ou estomach: mais bien elle proffite a

83 334 652 64 la croix attachee/ ⁊ au Seigñr Dieu

82 376 648 71 offerte ⁊ sacrifiee. Car certes la chair

81 430 649 61 mangee ne nourrist point lame/ ⁊ ne

81 474 643 62 paruient point a lesperit. Et de dire

83 521 647 62 quelle fust la nourriture du corps/ se

85 567 642 63 seroit trop ridiculeusemẽt parle. Et

87 614 641 63 fault necessairemẽt entendre ce chapi

81 661 647 64 tre/ ainsi que cy dessus est dict: Uoyre

83 708 643 62 sil ne plaist aux aduersaires resister

79 754 645 61 a toute uerite de saĩcte escripture poͬ

80 798 645 65 deffẽdre leur fãtasie. Ce q̃ par le mes¬

81 848 645 62 me chap̃. il est facile de efficacement

79 893 647 66 mõstrer/ si ung peu le uous plaist cõ

85 941 640 62 siderer. En ung passage il dict

78 986 649 61 ainsi: Qui croit en moy a la uie eter¬

78 1033 648 62 nelle/ ⁊ le resusciteray au dernier ioͬ.

78 1077 645 66 En lautre passage il dict: Qui man

81 1128 644 62 ge ma chair/ ⁊ boit mon sãg a la uie

82 1174 645 70 eternelle: ⁊ le resusciteray au dernier

739 386 130 68 Mẽs ue

739 441 129 50 sci corpo

731 483 136 69 renescit.

728 1068 132 89 Iehã.ui.

454 1226 272 64 D iour.
