1092 1595
365 92 646 66 iour. En quoy on uoit manifestemẽt

372 138 641 69 que par ses deux passages est simple

372 183 635 69 mẽt dict une mesme chose de la foy/

373 231 642 66 ⁊ de ce mãger: ⁊ q̃ croire en Iesuchrist

376 278 639 67 uenir a Iesuchrist/ le mãger ⁊ boire:

373 325 646 64 cest tout ung. Autremẽt la premiere

378 373 642 65 ꝓposition (cestascauoir q̃ quiconque

377 418 644 61 croit en Iesuchrist a la uie eternelle)

381 463 639 68 seroit faulcee/ ꝑ ceste tierce qͥ ensuyt:

381 512 641 63 En uerite/ en uerite ie uous dis/ si

383 559 642 62 uous ne mangez la chair du filz de

382 602 635 67 lhõme/ ⁊ si uous ne beuuez son sãg/

387 648 641 67 uous ne aurez poĩt uie en uous. Et

386 695 642 65 toutesfoys par auãt il afferme/ que

389 743 640 63 qͥcõque croit en luy a la uie eternelle.

430 789 600 64 Parquoy il sensuyt infalliblemẽt

388 837 643 64 que mãger la chair ⁊ boire le sang de

391 881 638 65 Iesuchrist/ uenir a luy/ et croire len

388 925 642 68 luy: cest totallemẽt une mesme chose.

397 971 637 68 Et nest hõme uiuãt/ tant soit subtil

413 1021 618 62 si du tout nest hors du sens) qͥ sceust

400 1065 632 67 dire du cõtraire. Et qui soit uray/ cõ

397 1113 635 66 bien de milles denfans/ ieunes/ ado¬

399 1157 631 81 lescens ⁊ autres ꝑsonnages ont este/

255 968 138 66 Sola si

258 1025 126 50 de (non

255 1065 137 52 corpora¬

255 1108 136 44 li come¬

259 1143 118 54 stione)

258 1196 119 50 serna¬

259 1234 90 51 mur.

912 1206 117 67 sont/ ⁊
