1092 1595
97 92 639 58 cõduict de lesperit de Dieu/ en toute

97 138 641 60 diligence instruisoit ⁊ enseignoit les

99 184 640 60 paoures ignorãs ⁊ aueugles/ cõme

95 232 643 58 luy mesme tesmoigne/ disant: Ie ay

95 275 641 59 este loeil a laueugle. A ceste cause

96 323 642 56 moy paoure creature considerant les

98 369 641 59 grãdes tenebres qui sont/ ⁊ ia de lõg

98 417 643 53 temps ont regne/ quasi sur toute la

98 461 639 63 terre/ Iay este esmeu par bõne affe¬

98 509 642 58 ction de cõposer ⁊ rediger en escript

98 554 641 60 aucũs articles ueritables sur les im¬

100 600 634 63 portables abuz de la Messe. Lesq̃lz

101 648 638 59 articles ie desire estre publiez ⁊ atta

100 694 641 61 chez par toꝰ les lieux publicq̃s de la

101 739 640 61 terre: affin que icelle faulsete/ laq̃lle

101 786 639 62 par si long temps a este occulte ⁊ ca¬

102 835 639 58 chee/ soit dũg chascun entẽdue ⁊ am¬

103 879 639 61 plemẽt cõgneue: ⁊ que par la miseri¬

104 925 641 61 corde de Dieu on y puisse aduiser ⁊

103 974 645 54 entierement remedier. Par cela desi¬

103 1018 641 61 rãt faire en escript/ ce q̃ de bouche ⁊ en

109 1067 639 58 presence ie ne puis faire: car par tous

107 1112 646 58 bons moyẽs fault a loeuure de dieu

113 1158 640 65 pour la maintenãce ⁊ publicatiõ de

771 240 67 50 Iob

742 284 95 58 xxix.

437 1204 331 66 A .iii. uerite
