1092 1595
82 92 649 60 sont/ ⁊ serõt/ en uie eternelle/ qui ia¬

78 144 658 55 mais corporellemẽt ne mãgerẽt de ce

79 187 643 60 pain uisible/ ny ne beurẽt de ce calice.

78 234 651 61 Et toutesfois la ꝓpositiõ est gñalle

78 280 646 56 quãd il dit: En uerite ie uous dis/ si

78 328 649 59 uoꝰ ne mãgez la chair du filz de lhõe

79 375 644 57 ⁊ si uous ne beuuez son sang/ uous

75 423 645 59 naurez point uie en uoꝰ. Parquoy

74 468 650 58 il est necessaire de prẽdre ⁊ entẽdre ce

75 516 645 52 passage/ nõ point de la comestiõ uisi

69 566 647 53 ble ⁊ exterieure: mais de la comestiõ

71 607 640 60 inuisible ⁊ interieure qui se faict par

71 656 580 57 la seulle foy ouurãte par charite.

117 702 598 57 S. August. a biẽ entẽdu cecy quãd

73 746 636 63 en parlant de Iesuchrist ⁊ des Iuifz

70 797 652 58 il a ainsi escript: Illi putabant eroga¬

73 842 640 52 turum corpus suũ. Ille dixit se ascẽsurum

71 881 644 58 in celum/ utiqz integrum. Cum uideritis

73 923 641 56 filium hominis ascendentẽ ubi erat prius

73 968 641 56 certe uel tunc intelligetis: quia nõ eo mo¬

71 1004 643 60 do quo putatis erogat corpus suum/ uel

70 1048 646 56 tunc intelligetis quia gratia eius non con

77 1092 639 51 sumitur morsibus. Item/ donec finiatur

73 1134 643 52 seculum sur sum dñs est/ sed tamen hic no¬

72 1175 641 63 biscũ est ueritas dñi. Corpus entm in quo

723 535 134 72 Non sic

722 600 141 45 mandu

720 638 142 54 cãt imq̃.

722 877 135 72 De ꝯsec.

722 930 134 57 distĩ.ii. c.

722 972 135 56 prima qͥ¬

723 1015 132 60 dem he¬

720 1056 88 72 resis.

380 1214 331 69 D .ii. resurrexit
