1092 1595
368 99 647 58 resurrexit in uno loco esse oportet/ ueritas

371 137 643 60 autem eius ubiqꝫ diffusa est. Cestadire/

372 183 646 66 Les Iuifz pẽsoient q̃ Iesuchrist leur

373 230 646 63 bailleroit son corps a mãger. Il leur

373 277 647 63 a respõdu q̃ entier ⁊ parfaict il mõte¬

374 323 646 65 roit au ciel/ affin quilz cõgneussent ⁊

375 371 648 61 entẽdissent q̃ non pas en la maniere

377 417 647 65 quilz pensoiẽt ilz le receuroiẽt. Car sa

378 466 647 61 grace ne se cõsomme point par mor¬

379 510 642 62 ceaulx. Dauãtage/ iusque a la fin

380 557 647 58 du monde le Seigñr est la sus: mais

377 603 647 60 la uerite du Seigñr demoure icy en

379 649 648 60 bas auec noꝰ. Car il fault q̃ le corps

382 694 647 66 en quoy il est resuscite/ soit en ung

382 742 648 63 lieu: mais la uerite du Seigneur se

384 792 309 57 espand par tout.

432 826 597 73 Itẽ/ Fulgẽce parlãt de Iesuchrist

389 879 640 64 escrit ainsi: Absens erat celo scðm hu¬

389 925 642 60 manam substãtiam quum esset in terra/ ⁊

391 966 637 59 derelinquẽs terrã quũ ascẽdisset in celum.

383 1007 651 58 Scðm uero diuinã ⁊ immẽsam substantiã

389 1048 645 60 nec celum dimittẽs quum de celo descẽdit/

390 1090 641 54 nec terrã deserens quum ad celum ascẽdit.

392 1134 645 62 Cest adire/ Christ selon son humaine

395 1175 642 86 substãce estoit absent du ciel quãd il

245 855 149 53 Fulgen¬

247 898 133 49 tius ad

247 940 124 50 Thra¬

249 981 128 50 sim, li¬

248 1024 110 51 bro.ii.

943 1224 95 61 estoit
