1092 1595
85 109 649 62 estoit en la terre/ ⁊ estoit delaissãt la

85 156 648 58 terre quand il mõtoit au ciel. Mais

88 201 645 62 selon la diuine ⁊ infinie substãce/ ne

83 250 650 59 laissoit point le ciel quand il descẽdit

83 294 644 63 du ciel/ ne laissoit aussi la terre quãd

84 342 306 54 il monta au ciel.

132 389 595 59 Iay biẽ uoulu alleguer ces deux

79 435 648 59 anciẽs docteurs/ nõ pas pour dõner

78 484 648 56 auctorite/ ou par iceulx approuuer

78 528 647 55 la uerite euãgelique (car la uertu ⁊

77 574 650 59 la puissance de la parolle de Dieu ne

78 623 650 59 despend point de creature qui soit ne

77 669 649 57 au ciel ne en la terre: ⁊ quand tout le

74 715 651 57 mõde seroit au cõtraire si demourera

75 761 646 58 elle eternellement ueritable) Mais

74 808 647 60 tant seullement ie les ay bien uoulu

73 857 646 55 amener pour monstrer ce qui est de¬

74 901 647 59 uãt dict/ nestre point pour chose nou

72 949 648 56 uelle/ ainsi q̃ dõnẽt a entẽdre au peu¬

77 995 641 58 ple ces paoures sacrificateurs qui ne

70 1042 647 58 alleguẽt q̃ leurs mẽsonges ⁊ follies/

70 1088 640 56 mettãt a neãt autãt quil leur est pos

74 1134 646 59 sible par leurs gloses ⁊ traditiõs/ la

72 1182 648 62 saincte parolle de dieu/ selon laquelle

514 1235 201 60 tout esfois
