1092 1595
376 117 643 62 toutesfois (uueille ou non toute lor¬

377 163 642 65 dre papalle) deuãt dieu serõt iugez.

395 211 625 62 Parquoy du tout a icelle ie me tiẽs

383 256 633 65 ⁊ arreste/ reiectãt tout ce qui est dit ꝑ

378 305 643 60 les hões en ce qui concerne les choses

379 351 642 59 diuines/ sans euidẽte ⁊ certaine au¬

381 397 641 58 ctorite descripture/ selon laq̃lle tout

384 441 637 64 chrestiẽ doibt estre appareille de res¬

377 490 646 66 põdre/ rẽdre raison ⁊ satisfaire a tout

384 538 641 63 homme qui demande parolle de celle

390 587 412 67 esperance qui est en luy.

429 626 598 63 Donc puis quil est certain q̃ Iesu

384 672 645 64 christ selon le corps est au ciel/ on ne

383 720 647 63 le doibt cercher corꝑellemẽt en autre

384 767 646 62 lieu iusq̃ a ce q̃ luy mesme uisiblemẽt

388 813 643 64 se mauifeste: qui ne ueult renoncer a

387 861 646 59 toute uerite descripture/ mais au ciel

390 905 644 61 on doibt leuer son coeur/ son entende

390 950 641 65 mẽt ⁊ pẽsee: attendãt en hũble desir/

390 998 640 63 lheure qͥ luy plaira en son repos noꝰ

393 1042 642 62 trãsferer. Ne le adorãt point icy bas

397 1090 640 65 en chose qui soit uisible: car lescriptu

395 1137 640 61 re autremẽt nous enseigne. Aussi

397 1182 640 73 Iesuchrist en ordõnãt sa saĩcte Cene

263 473 100 54 Quid

250 509 138 51 hic dicẽt

248 558 137 45 sacrifici.

243 599 139 58 i.Pe.iii.

264 1127 115 61 Ieh.iiii.

854 1229 185 65 ⁊ baillant
