1092 1595
90 95 643 60 ⁊ baillãt le pain a ses disciples/ disoit

87 144 645 54 simplemẽt: Accipite ⁊ mãducate. Et ne

85 190 648 58 ne disoit point: Respicite adorate/ Ne

84 237 650 53 iamais aucun des Apostres ne incita

85 282 645 53 le peuple a telle adoratiõ/ cõe depuis

85 329 646 59 aucun tẽps on a faict: mais cest chose

86 376 643 56 de long tẽps acoustumee q̃ lhõneur ⁊

85 422 646 57 adoratiõ q̃ on doibt au seul dieu/ leq̃l

86 469 637 56 doibt estre seruy en esperit ⁊ uerite/

86 513 641 61 soit donne ⁊ baille aux choses uisi¬

85 564 644 54 bles cõme en toutes natiõs/ en tous

87 607 641 57 peuples ⁊ monarchies il a tousiours

86 653 639 59 este ueu. De cecy les histoires tant

85 704 641 52 diuines que humaines sont plaines/

85 748 645 56 ainsi qͥl appert en Exode des Egy¬

85 794 644 55 ptiens/ en Daniel des Babyloniẽs/

84 840 647 61 en lepistre S. Paul des Romains/ et

87 887 310 55 ainsi des autres.

136 929 596 59 Et qui plus est le gẽre humain est

91 980 642 55 tãt prõpt ⁊ enclin a idolatrie/ q̃ mes¬

93 1027 644 55 me le peuple qͥ estoit nõme peuple de

94 1073 644 55 Dieu/ qͥ auoit receu la saĩcte parolle

94 1120 644 56 diceluy/ par laq̃lle tres fortemẽt tou

94 1166 647 64 te idolatrie est deffẽdue ⁊ ꝓhibee/ est

742 143 124 54 Matth.

733 189 105 58 xxuii.

739 470 126 48 Deute¬

733 513 103 55 ro.iiii.

735 606 97 49 Iehan

734 644 57 56 iiii.

735 848 134 53 Roma.i.

598 1215 145 58 tant de
