1092 1595
354 99 648 58 tant de foys tumbe en idolatrie/ q̃ il

355 146 643 63 est ĩpossible le pẽser: cõe il appert au

353 192 645 62 liure des Iuges/ au liure des Roys/

354 239 646 62 de Paralipomenõ/ de Ieremie/ ⁊ au¬

355 284 645 63 tres Prophetes. Uoire ⁊ nõ pas les

362 332 638 61 plꝰ petis ⁊ moins scauãs: mais aussi

358 377 645 63 les principaulx ⁊ souuerains du peu

360 423 643 63 ple: cõme on uoit de Salomõ/ de Ie

360 470 644 61 roboam/ ⁊ plusieurs autres. Le plus

366 520 640 59 souuẽt soubz couleur ⁊ apparence de

362 566 644 58 bien/ ⁊ q̃lque deuotion: par telle sorte

365 608 642 65 q̃ a grãde difficulte on eust sceu reiet

361 655 649 61 ter une telle adoratiõ/ neust este une

363 700 646 66 maxime/ que tout fidele doibt auoir

364 747 640 67 plãtee ⁊ totallemẽt enracinee en son

364 794 644 64 coeur: de laq̃lle se il se laisse destour¬

360 840 650 66 ner pour q̃lconque raison q̃ ce soit/ in¬

361 891 650 60 cõtinẽt il tumbera en grãdz inconue

363 935 648 63 niẽs/ ⁊ infiniz erreurs. La maxime ⁊

373 986 637 56 reigle tres certaine est/ q̃ nous ne deb

367 1029 640 62 uõs point faire ce qͥl nous sẽble bon:

368 1073 639 63 mais ce q̃ la parolle de Dieu dit. A

367 1125 645 58 laq̃lle il ne fault iamais rien adiou¬

369 1169 636 70 ster/ rien diminuer ou chãger: cõbien

228 990 135 49 Deute¬

230 1031 115 57 ro.xii.

888 1218 120 58 q̃ tout
