1092 1595
80 102 640 65 qͥ tout le mõde sentist lopposite. Car

71 150 649 63 il est escrit: Ne uueillez cheminer es

70 195 650 67 cõmãdemẽs de uoz peres/ ne gardez

75 248 644 59 point leͬs iugemẽs: ains cheminez en

69 292 648 59 mes cõmãdemẽs/ ⁊ gardez mes iuge

68 337 649 61 mẽs dit le Seigͬ. Autremẽt tout ua

67 386 648 59 a ꝑditiõ/ tout tumbe en erreur/ mẽsõ

70 433 645 58 ge/ ⁊ deception/ ⁊ a bon droict. Car si

66 479 649 60 on laisse la uie il fault cheoir en la

65 525 648 59 mort: si on delaisse uerite/ il fault ne

65 572 646 62 cessairemẽt tumber en faulsete. De

65 619 647 60 cecy noꝰ auõs ung merueilleux exẽ

66 664 645 65 ple/ du serpent daerain q̃ Moyse par

61 710 641 62 lordõnãce de Dieu leua aux desers:

62 757 646 65 affin q̃ en le regardant/ le peuple qui

62 807 647 57 estoit picque de la morsure des serpẽs

59 850 650 62 bruslãs/ fust preserue de la mort: leq̃l

62 899 647 59 serpent leue en hault estoit la figure

61 945 645 60 de Iesuchrist/ qͥ pour noꝰ a este atta¬

60 990 649 63 che ⁊ leue au boys: cõme luy mesme a

59 1037 475 57 dict et expose a Nicodeme.

107 1084 598 60 Or pẽsez cõbien iceluy serpẽt dae¬

56 1133 649 57 rain deuoit estre estime a tout ce peu¬

64 1181 639 63 ple. Premieremẽt il ne auoit point

720 200 121 54 Ezechi.

723 244 61 53 xx.

715 702 124 58 Nõbres

714 749 66 59 xxi.

702 1030 141 68 Iehã.iii.

624 1231 70 66 este
