1092 1595
355 99 638 59 este faict par inuẽtion dhõme: mais

353 141 643 64 par lordõnãce de Dieu. Secõdemẽt

355 189 641 62 au seul regard diceluy/ ilz estoiẽt pre

357 238 637 63 seruez de grandz perilz ⁊ dangereux

356 282 643 61 maulx/ q̃ uouldriez uoꝰ plꝰ? Et de ce

357 331 642 59 la par successiõ de tẽps/ poͬ telles rai

361 374 637 65 sõs qͥ sẽblent ⁊ sõt fort belles/ fort ap

362 422 638 63 parẽtes ⁊ plaisãtes a la chair: il ad¬

361 469 640 61 uint q̃ on le uint a encẽser/ ⁊ publicq̃¬

360 519 642 56 ment hõnorer: ainsi q̃ maintenãt on

362 561 644 61 faict parmy les tẽples ⁊ mõstiers les

366 608 641 61 statues ⁊ images. Et pensoient tres

363 654 646 55 biẽ faire leur debuoir/ attẽdu les cho

367 699 646 63 ses predictes. Laq̃lle chose dura ⁊ fut

368 749 643 58 continuee longuemẽt iusque au tẽps

375 798 635 56 du bon Roy Ezechie. Leq̃l mene par

376 841 637 61 lesperit de Dieu le feist rõpre et de¬

373 887 642 60 struire: non pas certes sans murmu¬

366 934 651 60 re de plusieͬs: mais le bon Roy regar

374 980 645 59 doit cela q̃ Dieu auoit ꝑle ⁊ ordõne:

374 1025 647 61 nõ pas ce q̃ la multitude uouloit ⁊ de

379 1076 642 58 siroit: dequoy il est loue ⁊ approuue.

382 1161 644 75 point dict q̃ on le adorast/ ⁊ que on le

228 790 141 56 iiii. Ro¬

235 841 136 66 xs.xuiii.

842 1212 182 71 encensast:
