1092 1595
93 116 643 58 encensast: mais seullemẽt q̃ on le re¬

94 163 641 55 gardast. Et pourtãt q̃ ilz auoiẽt ad¬

91 210 643 55 iouste a ceste simple parolle de le re¬

93 257 640 55 garder/ que aussi il fust encẽse a bon

92 303 645 56 droict le sage Roy/ le feit destruire et

91 350 645 54 cõminuer. Qui auroit mainte¬

89 396 648 55 nant ung image tel qͥl estoit/ cestadi

90 444 644 52 re au regard duquel tant de uertus

97 490 637 54 fussent faictes. Urayement il seroit

90 536 644 55 biẽ encẽse/ bien uestu/ biẽ pare/ on luy

92 583 645 56 uiẽdroit de biẽ loing apporter offrã¬

91 628 645 57 des ⁊ chãdelles/ ueu que on en faict

92 676 643 55 tãt poͬ paoures images que iamais

91 720 639 55 Dieu ne ordõna: mais au cõtraire q̃

89 767 522 56 il a grandement deffendues.

132 813 606 58 Toutesfoys poͬ euiter trop grãde

89 860 648 56 digression: ie uoꝰ prie/ dont est uenu

90 906 647 57 ceste entreprinse/ dõt a ꝓcede ceste au

91 955 647 53 dace/ de leuer en hault ⁊ monstrer au

92 999 647 57 peuple ung peu de pain pour le faire

92 1046 648 55 adorer? Attẽdu q̃ Iesuchrist iamais

92 1093 645 54 nẽ parla. Et aussi les apostres quãd

93 1136 645 57 de sa propre main il leur bailla/ ne le

92 1185 646 62 adorerẽt poĩt: mais seulemẽt le prin¬

735 751 115 58 Exode

735 796 73 57 xx.

616 1233 120 63 drent/
