1092 1595
345 98 646 56 drent/ ⁊ mangerẽt: ainsi qͥ leur disoit

349 140 640 63 simplemẽt: Prenez mãgez. Et ne leͬ

348 189 645 59 disoit poĩt/ Regardez/ adorez. Certai

347 234 649 61 nemẽt ceste adoration est inuẽtiõ hu

349 284 643 58 maine/ qͥ ꝓphane les choses de dieu.

353 330 641 57 Las quand sera ce q̃ Dieu nous su¬

353 374 642 61 scitera ung Roy/ semblable a Eze¬

351 420 647 61 chie: leq̃l en la uertu de Dieu destrui

351 468 647 60 ra/ ⁊ entieremẽt dissipera toute idola

354 516 644 59 trie. Le Seigneur en sa misericorde

355 561 638 59 uueille regarder son paoure peuple/

359 610 637 56 ⁊ en sa puissante main de toute ido¬

355 657 598 56 latrie le deliurer et purger. Amen.

401 700 597 59 De parler pour cest heure de leur

356 750 642 55 transsubstantiation/ ie men deporte:

355 793 645 60 car cest une chose folle/ inuẽtee ⁊ son

355 844 647 56 gee par qẽs ocieux/ qui iamais nont

356 890 644 52 tenu compte de sainctes escriptures.

355 933 647 59 Aussi les sainctz apostres/ ⁊ seruiteͬs

357 981 646 55 de Dieu. Les peres de la p̃miere egli

358 1027 643 60 se nont point ainsi parle: mais ceulx

356 1074 646 58 icy auec leurs chaperõs sõt plus sca¬

358 1118 641 60 uãs q̃ saĩct Iehã/ S. Luc/ S. Marc/

361 1167 640 72 S. Matthieu/ S. Paul/ ⁊ les autres

873 1216 124 62 pleins
