1092 1595
353 92 641 62 uerite iusque a la mort se exposer ⁊

352 138 644 64 employer. Lesquelz articles iay en¬

353 186 639 60 tendu auoir este mis et attachez en

353 230 644 66 plusieurs lieux/ pour ung salutaire

354 276 645 65 aduertissement a tout le monde/ de

355 324 643 59 auoir aduis a cela/ ⁊ tresfort le consi

356 370 642 65 derer. Mais (ainsi que de lõg temps

358 420 624 59 il a este tousiours experimente)

359 463 637 66 plusieurs lesquelz a cause de leur of¬

359 513 640 62 fice deuroiẽt inciter le paoure peuple

357 558 641 59 a tout bien ⁊ cõgnoissance de uerite/

360 602 639 65 sont ceulx qui du tout len retirent ⁊

358 650 641 62 empeschent/ procurans ⁊ esmouuãs

359 695 640 65 selon leur ordinaire coustume perse¬

358 746 641 60 cutions/ noises/ et turbations/ pour

358 789 642 59 empescher ⁊ suffoquer tout cela qui

358 834 640 63 leur desplaist: Car tout ainsi q̃ Ian¬

356 879 648 64 nes ⁊ Iambres resisterent a Moyse.

358 928 640 65 Ainsi iceulx resistent a uerite/ hom¬

358 977 641 61 mes corrompuz dentendement/ re¬

358 1021 640 66 prouuez enuers la foy. Lesquelz tou

359 1071 640 61 tesfois ne proffiteront plus: car com

359 1115 640 59 me dit le sainct Apostre/ leur insipiẽ¬

356 1161 645 67 ce sera congneue a tous. Notãment

219 830 128 79 iiThi¬

222 899 115 52 mo.iii.

880 1206 123 67 il dict
