1092 1595
85 109 645 65 pleins de foy ⁊ cõgnoissãce de Dieu.

84 155 649 64 Neantmoins (et ne leur desplaise) il

85 202 644 62 uault mieulx estre estime fol auec

86 248 646 65 S. Paul/ que ainsi grand clerc/ aucc

84 295 320 57 tant de sophistes.

130 341 599 61 Quãt a la Messe/ on scait biẽ dõt

81 388 647 61 elle est procedee: ⁊ ne fault pas grãd

81 435 646 62 esperit poͬ cõgnoistre q̃ ce nest point

79 481 651 58 ordonnãce de Dieu: mais seulement

79 528 651 61 inuẽtion humaine/ pleine de ceremo

78 575 651 63 nies/ qͥ peu a peu ꝑ successiõ de tẽps

79 622 646 62 a plusieurs foys ⁊ de plusieurs per¬

81 668 637 63 sõnages/ a este ainsi cõposee/ ⁊ amas

82 715 645 63 see: au lieu de la saincte Cene de Iesu

77 762 648 60 christ/ par la curiosite des hõmes/ et

77 809 646 62 aussi par linsipiẽce des ignorãs: car

76 855 647 62 ignorãce a este ⁊ est tousioͬs mere de

76 898 597 63 idolatrie/ supersticion/ et impiete.

115 947 608 58 Quil soit ainsi/ Platina le mõstre

78 991 646 64 assez en son liure/ de la uie des Põti

78 1038 644 58 fes/ quand il parle de Sixte premier

75 1088 641 61 de ce nom/ la ou il dit/ q̃ Celestin or¬

74 1130 639 67 dõna Lintroite: Gregoire/ Ryrieley

80 1180 631 73 son: Telesphorus/ Gloria ĩ excelsis:

728 1018 137 79 Limuien¬

726 1084 135 51 tiõ de la

729 1125 125 57 Messe/

725 1174 140 48 a plusi¬

723 1210 138 58 eurs fois

522 1233 188 65 Gelasius/
