1092 1595
349 89 641 74 Gelasius/ les Collectes: Ierosme

351 137 641 72 Lepistre ⁊ Leuãgile. Alleluya a este

352 184 641 70 prins ð leglise de Ierusalẽ. Le Sym

350 231 645 68 bole (que noꝰ disõs le Credo) du Cõ

351 280 644 61 cile de Nicene: il sentend pour la pre¬

352 326 646 64 miere partie cõtre Arrian: car la der¬

352 370 648 68 niere partie/ depuis ce lieu la/ Et ĩ spi

356 421 644 57 ritum sanctum dominum/ est prins du

357 462 643 65 Cõcile de Constãtinople cõtre Mace

357 513 643 62 donius. Pelagius se aduisa le pre¬

343 560 655 61 mier de la cõmemoration des mortz:

355 603 645 68 ⁊ est celuy qui plus a rẽply ⁊ engresse

358 650 645 65 ceste Messe de richesses/ ainsi q̃ main¬

360 695 643 64 tenãt on cõgnoist. Leon .iiit . a ad¬

360 743 646 64 iouste Lencens. Sixte premier de ce

360 790 646 60 nom/ le Sanctus. Innocẽt premier

362 833 646 64 de ce nom/ ĩuẽta baiser la Paix. Ser

364 881 645 63 giꝰ ordõna le Agnꝰ dei. Et ainsi du

364 926 646 63 demeurant: cõme des uestemẽs/ ablu

371 976 638 58 tiõs/ luminaires/ sõneries de cloches

372 1020 639 66 instrumẽs de musique/ ⁊ choses sem¬

372 1066 638 66 blables. Lesquelles choses seroient

369 1117 637 59 trop longues a reciter: mais iay bien

371 1159 630 83 uoulu briefuemẽt toucher cecy/ affin

242 971 119 56 Uoyla

226 1019 133 40 Cõme elle

228 1058 123 53 a este ap

235 1097 104 84 piessee.

897 1213 104 64 que on
