1092 1595
84 106 657 62 que on entẽde q̃ Iesuchrist ⁊ les Apo

83 149 643 63 stres nont point ainsi dict/ aĩsi faict

81 195 645 65 ou enseigne: ⁊ q̃ tout cecy est inuẽtiõ

80 241 640 63 humaine/ pour plus a son aise passer

79 290 642 61 tẽps/ sans peine ne labeur/ sãs estu¬

78 334 641 62 de ou erudition. Et pour tout dire/

78 381 643 63 affin q̃ les sacrificateurs en iouant ⁊

78 427 642 65 chãtant/ puissent uiure sans soucy.

121 475 597 62 Uoicy le mal qͥ tãt les estõne se ilz

75 519 645 62 leur fault estudier/ ou trauailler/ ou

73 567 645 63 rabaisser leur estat. Et pourtant ilz

73 614 646 64 maintiẽnẽt ceste Messe/ autant quilz

75 661 645 63 peuuẽt/ allegans le tẽps passe/ leurs

75 710 642 60 peres/ ⁊ la coustume. Mais en ung

72 754 636 62 mot ie respõdz/ q̃ on doibt suyuir ue¬

75 803 631 58 rite: non point coustume/ cõbien lon¬

78 847 628 63 gue quelle soit/ si elle nest entieremẽt

78 893 304 57 fondee en uerite.

117 939 593 63 Et pourtant en la uertu du nom

71 985 643 64 de Dieu/ ie supplie et humblemẽt re¬

70 1032 646 62 quiers a tout le mõde/ Signãtemẽt

69 1081 647 62 aux seigneurs/ princes ⁊ Roys qͥ por

70 1125 645 65 tẽt le nom de Dieu/ duq̃l tiennent le

75 1174 637 70 glaiue ⁊ la puissãce: auoir icy regard

721 788 136 48 Ueritas

717 832 141 50 nõ cõsue

723 875 135 50 tudo se¬

717 917 139 58 quenda.

613 1234 96 56 pour
