1092 1595
351 95 639 68 pour dignement exercer leur office/

352 145 644 63 qui est sus tout dauoir lhonneur de

351 190 645 64 Dieu a coeur/ deffendãs les innocẽs

352 236 643 69 ⁊ punissans les malfaicteurs: ainsi

352 287 582 55 que la parolle de Dieu ordonne.

353 329 645 67 Car loffice dũg bõ Prĩce/ est de auoir

353 377 646 65 la loy de Dieu en sõ coeur escrite/ sãs

355 426 646 64 q̃lle parte iamais de luy: poͬ ꝑ icelle

356 473 645 62 iustemẽt regir ⁊ gouuerner le peuple

360 520 642 63 qͥ luy est baille en charge. Et sur tout

357 564 645 64 en grãde uigilance auoir regard sus

358 610 647 65 les officiers de sõ royaume/ singulie

358 657 646 59 remẽt sus ceulx de sa maison: car di¬

358 703 642 63 ceulx principallemẽt depend le bien

360 752 646 59 ou le mal de tout le peuple: ⁊ nõ seu¬

359 796 649 62 lemẽt cela/ qui est grand chose: mais

360 840 649 66 aussi lhõneur ou la cõfusiõ du Prĩce

363 890 647 60 ⁊ de tous les siẽs. Que sil aduient

362 937 648 62 aucun estre constitue en puissance ou

363 985 648 58 auctorite/ qui soit ambitieux ou aua

364 1029 644 63 ricieux/ desirãt son ꝓpre biẽ ⁊ gloire/

360 1077 652 60 tout ce qui fera/ tout son cõseil/ tout

366 1123 647 62 ce qui pensera ⁊ dira/ sera totallemẽt

371 1169 641 70 pour puenir a ses fins. Uoire mais

941 1221 72 63 par
