1092 1595
85 88 645 59 par telz moyẽs q̃ bien difficile est sen

84 139 649 55 apꝑceuoir. Et bien souuẽt le dernier

84 182 648 59 qui le cõgnoit cest le Prĩce: car telles

85 231 645 56 gẽs ꝑ fictiõs/ palliatiõs/ ⁊ couleurs

85 278 645 52 feinctes/ entretiẽnent ⁊ endormẽt le

84 319 640 65 Prince tellemẽt quil est cõme captif

80 370 650 59 entre leurs mains: et ce pendant ilz

84 415 625 58 scauent bien faire leurs besongnes.

83 462 647 61 Telz ꝑsõnages soiẽt grãs Maistres

79 509 647 58 ou petis/ sõt traistres a Dieu/ au prĩ

79 556 648 59 ce/ ⁊ a tout le mõde. Et ꝑ iceulx uiẽt

79 604 648 57 toute desolatiõ: car soubz lombre de

80 651 646 57 quelque cent ou cinquante mille/ ou

78 696 648 60 autres plus gros p̃sens quilz scauẽt

77 742 645 59 biẽ secretemẽt empõgner/ ilz coppẽt/

77 786 648 63 ilz taillent ilz font/ ilz desfont/ ilz rõ

79 835 649 59 pẽt/ ilz cassent/ ilz traictẽt appoincte¬

76 882 650 58 mens/ cõiunctions/ ⁊ alliãces telles

78 926 647 63 q̃lles/ ainsi q̃ bon leur semble. Ie dis

77 975 649 60 bon/ pour eulx: car a cela tend toute

77 1019 646 63 leͬ estude/ ⁊ nõt iamais autre soucy.

124 1071 600 56 O a la mienne uolunte que tous

82 1115 642 59 Princes ⁊ Roys/ eussẽt tousioͬs de¬

77 1161 648 69 uãt les yeulx/ le cõseil qui fut donne

418 1210 306 66 E au bon
