1092 1595
216 99 123 65 Exode

222 151 111 57 xuiii.

356 93 640 67 au bõ seruiteur de Dieu Moyse/ par

359 146 642 64 Iethro: lequel dist en ceste maniere:

355 194 646 62 Escoute mon cõseil/ ⁊ choysis de tout

355 240 645 63 le peuple hões uertueux ⁊ craĩgnãs

360 288 642 60 Dieu: ausq̃lz soit uerite/ ⁊ qͥlz hayẽt

360 334 640 58 auarice. Et diceulx ꝯstitue officiers/

363 381 640 59 capitaines ⁊ cẽteniers/ cinquãteniers

364 427 640 58 ⁊ dixeniers/ qͥ rẽdẽt droict au peuple

363 471 642 62 en tout tẽps ⁊ a toute heure. Et sil est

366 519 641 63 q̃stion de q̃lque grãde chose/ tu en au

365 567 643 58 ras la cõgnoissance/ iceulx iugeront

366 611 587 63 tant seulement les petites choses.

415 659 594 57 Uoicy certes ung cõseil de Dieu:

366 703 642 63 lequel sil estoit biẽ obserue des Prin¬

367 752 639 61 ces et seigneurs/ ilz seroient en felici¬

369 802 379 52 te diuine et humaine.

415 842 600 63 La sõme du cõseil pend principale

369 891 639 59 mẽt en deux choses. La p̃miere est/ q̃

368 937 642 60 persõnages amateͬs de uerite (les¬

371 986 639 57 quelz ne sõt aucunemẽt auaricieux)

372 1029 638 61 soiẽt cõstituez en maistrise/ en office/

371 1076 643 63 ⁊ auctorite. Car silz sõt appetãs gloi

368 1122 646 60 cre/ uĩdicatifz/ ou auaricieux/ Dieu

374 1169 638 68 scait cõe le mõde sera gouuerne: car

909 1216 98 64 il est
