1092 1595
89 97 645 66 il est escrit: que les dons aueuglẽt les

91 150 639 61 yeulx/ mesme des sages. Et Salo¬

90 199 635 57 mon dit q̃ lhõme auaricieux destrui¬

90 245 645 58 ra la cite: cestadire/ le peuple qͥ habite

91 291 623 59 en la cite. Et pour dire en ung bre

88 337 633 56 mot/ rien nest plus cruel ⁊ dãgereux

92 385 634 58 que ung auaricieux constitue en au¬

83 426 645 65 torite. Lequel certes on peult

83 473 645 65 bien cõgnoistre/ quãd on le uoit na¬

85 524 645 59 uoir iamais contẽtemẽt/ ⁊ q̃lque bien

87 567 640 62 q̃ le Prĩce luy face iamais nest plein

88 616 643 59 ⁊ rassasie/ tousioͬs aspire a plꝰ grãdz

85 662 648 61 choses/ tousioͬs desire estre plꝰ hault

84 710 648 61 mõte/ ⁊ sãs cesser preuiẽt ⁊ empesche

83 757 649 59 tous autres/ autãt quil peult: uoire

85 803 572 59 qui trop mieulx ualent que luy.

129 849 602 57 La secõde chose principalemẽt tou

84 894 635 63 chee en ce diuin cõseil de Iethro/ est q̃

80 941 653 61 le Prince se rẽde facile poͬ entẽdre et

80 989 644 60 escouter les causes ⁊ affaires de son

85 1036 643 58 paoure peuple: duquel il doibt estre

80 1085 647 56 uray pere. Et que on ayt acces a luy

82 1128 642 59 pour luy dõner entẽdre les affaires/

78 1178 647 64 autrement que pourront deuenir les

740 94 124 69 Deute¬

739 147 116 57 ro.xui.

740 191 133 55 Prouer¬

741 237 128 53 be.xxix.

736 324 109 43 Auar o

735 359 137 54 nil scele

730 406 95 46 stius.

734 441 137 64 Ecclesia

735 487 83 59 sti.x.

379 1224 349 71 E .ii. paoures
