1092 1595
347 106 646 65 paoures gẽs/ ainsi delaissez du Prin

351 152 644 64 ce/ en la main et puissance des offi¬

351 199 647 61 ciers? Et certes si iamais fut besoing

351 244 649 67 ⁊ grãde necessite de auoir acces facile

351 292 646 62 aux Prĩces ⁊ Roys: cest maintenãt/

354 337 642 65 tãt pour liniquite de plusieurs offi¬

354 384 643 64 ciers/ que pour la cause qui de soy est

354 432 644 62 tant ardue/ ⁊ tãt digne de estre exa¬

356 482 645 59 minee ⁊ congneue des Princes que

356 525 512 62 iamais nulle ne le fut plus.

405 566 599 67 Il nest point q̃stion seulemẽt des

358 619 645 58 biens ou de la uie des hõmes qui en

357 665 643 61 tant de lieux sont traictez piremẽt q̃

357 710 646 63 ne seroiẽt paoures brebis des loups

358 758 646 60 pleins de cruaulte. Cest horreur non

359 801 646 65 seulement le ueoir: mais aussi le dire

364 858 161 57 ⁊ penser.

404 890 598 68 Mais il est q̃stiõ de la cause/ affin

361 941 646 67 que Dieu ne soit point ainsi blasphe

359 989 649 62 me/ ⁊ uerite tant malicieusemẽt sup¬

359 1033 651 67 primee. Si quelcun parle ung seul

361 1081 640 64 mot de uerite/ il est crye hereticque.

365 1128 646 62 Uoila la deffense des iniques/ sa cait

365 1173 632 72 se sera uẽtilee a part ⁊ en secret/ affin

884 1230 120 54 que on
