1092 1595
83 106 620 61 que on nen puisse rien congnoistre.

89 152 638 58 Ie pose bien q̃ le Prince dira de bou¬

80 197 649 62 che q̃ on face iustice/ toutesfoys cela

84 246 639 57 pour sa descharge deuãt Dieu ne suf

86 290 642 60 fist point. Car soubz lombre dũg tel

79 338 646 59 mot/ les iniq̃s exercent leur maligne

78 383 641 64 uolunte/ les innocẽs sont opprimez/

81 427 276 59 ⁊ uerite cachee.

122 475 601 61 Salomon quand il sest gouuerne

78 523 643 61 par la sagesse de Dieu il a ꝓspere/ ⁊

77 570 638 62 faict les plus excellentz iugemẽtz/ q̃

73 618 643 59 on puisse trouuer auoir este faictz/

73 662 644 61 prestãt laureille a tout le mõde/ ung

70 711 647 57 chascũ auoir acces a luy/ sãs aucune

70 757 643 60 acception de ꝑsonnes/ ne croyãt rien

69 801 643 60 de legier/ faisãt droict ⁊ iustice a toꝰ.

69 848 647 61 Nestant point cõme aucuns (peut

68 895 644 62 estre) qui regnẽt en ce present temps/

66 942 650 61 ausquelz iamais on ne peult auoir

66 989 639 61 acces pour exposer ⁊ dire son cas/ les

65 1035 648 63 quelz deuroiẽt souuent penser q̃ ung

67 1081 647 62 tel Roy si noble/ tant riche/ tãt excel

65 1127 644 63 lent ⁊ magnificq̃/ a bien uoulu luy

63 1174 647 71 mesme ouyr la cause de deux putaĩs.

380 1221 330 72 E .iii. Car il

716 1177 133 53 iii.Rois

718 1222 38 51 iii.
