1092 1595
359 106 643 67 Car il cõgnoissoit bien q̃ cela ne uiẽt

360 151 645 67 point de la puissãce/ ne de la uolunte

360 199 646 65 des hõmes qͥ sont sur la terre/ q̃ ung

362 245 644 66 seul hõme soit tãt crainct/ hõnore/ ⁊

360 292 646 65 obey: mais q̃ cest la uertu ⁊ puissance

363 338 642 65 de Dieu qͥ cõmande ⁊ ueult que les

361 385 642 66 Roys soiẽt hõnorez ⁊ obeys. Et poͬ¬

364 433 639 57 tant il uouloit honnorer celuy par qͥ

362 478 644 64 il regnoit/ ⁊ estoit ainsi exalte. Car si

364 524 642 66 raison ueult q̃ ung chascun en ce mõ

366 572 641 62 de hõnore son superieur: cõbien plus

365 616 641 61 doibt on hõnorer le Dieu Eternel/

364 664 644 63 tout bon/ tout sage/ ⁊ seul tout puis¬

371 709 641 64 sant? Et si la cause de deux ri

367 757 645 62 bauldes luy a este tant precieuse que

369 805 643 61 luy mesme la ouye: cõbien plus de¬

369 849 638 60 uroiẽt maintenãt les Roys eulx mes

369 895 645 64 mes ouyr la cause de Leuãgile/ qͥ cer

371 941 640 62 tes est la cause de Dieu uiuant: non

372 988 644 62 pas la cõmettre ainsi a la uolunte ie

371 1034 644 63 ne scay de q̃lz enchaperõnez/ ⁊ autres

374 1081 644 63 persõnages qͥ sont a uerite trop mal

375 1128 609 65 affectez: lesq̃lz sont iuges ⁊ partie?

414 1171 602 77 Sachẽt ⁊ entendẽt tous Princes

876 1221 138 70 ⁊ Roys
