1092 1595
97 106 637 58 ⁊ Roys que le sang innocẽt ainsi ini¬

94 153 640 58 quemẽt respãdu sera requis de leurs

93 199 640 60 mains/ ⁊ ne leur suffit point ueoir

94 245 639 60 par les yeulx dautruy/ ne ouyr par

90 289 642 62 les oreilles dautruy: mais eulx mes¬

91 338 641 58 me doyuent ouyr ⁊ entẽdre la cause/

94 382 640 61 signãtement quãd elle est de si grãde

90 430 641 55 importance. Et cõment ne ont ilz

90 478 642 56 horreur de abãdõner ⁊ liurer/ les hũ¬

88 522 644 62 bles aux orgueilleux/ les paoures

90 571 643 60 aux puissans/ les sobres aux yuron

92 617 638 60 gnes/ les seruiteͬs de Iesuchrist aux

92 662 640 61 seruiteurs de Lantechrist/ pour estre

90 707 643 60 ainsi tuez/ meurtris ⁊ bruslez? Est ce

89 753 518 60 bien faict leur deuoir ⁊ office?

135 801 598 60 A tout le moins se ilz feissent au¬

89 844 645 66 tant pour Iesuchrist qui est leur sou

89 890 646 65 uerain Roy cõme feist le Roy Achab

93 943 647 57 pour son dieu Baal/ qui assembla

93 988 646 61 tout Israel ⁊ tous les sacrificateurs

90 1032 626 59 contre Helie/ ilz feroient leur office.

106 1076 628 67 Cest/ que ilz feissent assembler les

87 1125 643 64 euesques/ les docteurs ⁊ autres per¬

91 1174 641 67 secuteurs/ contre ceulx qui sont ainsi

739 849 133 62 iii.Roys

740 894 95 59 xuiii.

379 1222 354 72 E .iiii. persecutez/

740 1040 137 57 Les bre¬

739 1092 125 47 bis/ ia¬

735 1131 136 50 mais ne

740 1170 129 52 tuẽt les

738 1218 107 54 loups.
