1092 1595
367 102 624 67 ꝑsecutez/ ⁊ q̃ ung chascun fust ouy en

357 148 641 62 sa raison/ sans aucune faueur. Alors

359 194 640 64 facilemẽt on congnoistroit ceulx qui

358 241 642 65 usẽt de uerite/ ⁊ qui auroit droict ou

353 287 644 67 tort: ⁊ seroit le peuple en paix edifie/

359 336 640 61 ⁊ ny auroit plus de murmure ne de

357 380 642 66 scandale. Et seroit la suspicion ⁊ re¬

356 429 643 61 mors de leurs consciences ostee: car

356 473 648 69 quelque chose quilz facent/ il ne peult

354 523 645 64 estre qͥlz ne soient doubteux de q̃lque

355 567 647 68 chose en leur coeur: Uoire se ilz ne sõt

360 614 640 65 totallement alienez de Dieu/ et mis

356 661 632 61 en sẽs reprouue/ ce q̃ dieu ne ꝑmette.

394 706 607 64 Maintenãt droict diuin ⁊ humain

354 753 650 65 est uiole/ toutes choses quasi pour la

355 801 648 65 plus part sont faictes oblicquement

356 850 437 63 en la haine de leuangile.

408 892 594 64 Que ne faict on a tout le moins

359 943 644 64 ainsi que porte la loy? cest que en ma

359 989 645 61 tiere ⁊ chose de la foy fault auoir re¬

361 1034 643 63 solution de Cõcile. Et ou sont main

357 1080 648 65 tenãt les hõmes tãt impudẽs qui cõ

358 1128 646 63 tredisent a cecy/ ⁊ refusent le concile?

362 1174 640 70 cõme ainsi soit q̃ oncque ne fut tẽps

252 604 85 81 abei

871 1225 132 62 depuis
