1092 1595
98 106 646 64 depuis que le mõde est cree/ auquel il

99 154 642 61 ayt este tãt necessaire q̃ il est mainte¬

96 200 652 62 nãt/ pour mettre toutes choses en bõ

95 246 645 64 ne unite. On ne scait que deuenir/ on

93 292 645 65 ne scait q̃ faire/ on ne scait ou se trou¬

94 338 643 65 uer/ tant est le monde diuise. Il nest

93 385 645 66 pas maintenãt seur ⁊ loysible a ung

91 431 647 64 hõme de uertu ⁊ de scauoir/ de parler

90 475 642 64 ung mot de uerite/ poͬ la crainte de

91 524 591 68 ses espouentables bestes qui ne de

87 573 302 57 rent que le sang.

136 619 587 65 Illustres ⁊ nobles princes/ que ne

85 660 639 68 dõnez uous ordre a cecy? A uous il

82 708 645 70 appartient/ cest uostre droict office.

81 760 649 61 Contraĩgnez ceulx qͥ uous deuroiẽt

87 806 642 62 prier de tenir le Cõcile/ cest une chose

80 852 646 63 q̃ ineuitablemẽt est necessaire. Quoy

83 895 647 69 qͥl tarde il fault qͥl soit faict. Et ne

83 948 642 57 fault pas pẽser q̃ tous les sages hu¬

80 994 645 61 mains qͥ sõt soubz le ciel puissẽt em¬

84 1041 641 61 pescher ung tel acte/ par ꝑsecutions

78 1088 645 63 tãt griefues qͥlz puissent estre/ ou par

77 1133 640 65 impostures ⁊ mẽsonges: car la main

78 1181 640 72 de Dieu y est. Ce nest point en ung

743 471 133 65 Qui de¬

738 524 120 45 uorant

734 563 141 52 plebẽ do

735 605 138 46 mini si¬

736 647 128 50 cut escã

738 689 119 44 panis.

738 728 131 62 Ps̈.xiii.

620 1237 97 61 lieu/
