1092 1595
351 110 643 57 lieu/ en une uille/ pays/ ou royaume

354 148 641 66 seulemẽt/ cest par toute la terre. Et

357 199 639 60 poͬ la mort dung/ ou deux/ ou troys

356 242 638 66 en q̃lq̃ lieu/ uoire de mille ⁊ mille/ on

357 290 639 62 ne mettra pas fin a cecy/ il nest possi

358 338 642 60 ble/ ⁊ en cela ne faict on q̃ ꝓuocquer

359 385 577 60 la uengeance et fureur de Dieu.

409 427 595 64 Or si apres le Cõcile tenu (lequel

365 473 640 68 se tiẽdra quoy quil tarde) le droict se

365 521 641 61 treuue de la part de leuãgile: cest adi

367 569 643 62 re de la part de ceulx lesquelz poͬ le¬

367 614 637 65 uagile de Iesuchrist sont persecutez/

367 659 642 64 cõment se pourra reparer loffense? il

366 708 648 62 ne sera pas tẽps de sen repẽtir/ on ne

367 754 647 62 resuscitera pas les mortz pourtãt/ et

368 800 647 61 nen demourera pas aĩsi la chose. Car

377 848 636 57 le sang espãdu a tort/ sera tousiours

377 894 637 61 requis/ ⁊ ny aura point dexcuse: ueu

376 940 512 63 que on est assez admonneste.

421 984 598 63 Nest ce pas merueilles que les sa¬

376 1032 643 64 crificateurs eulx mesmes confessent

376 1079 645 64 biẽ ⁊ disent/ que il y a beaucop dabuz

379 1126 644 64 ⁊ toutesfois ilz nen ont encore point

375 1169 647 78 corrige ung seul iotta? mais qͥ plus

231 832 138 67 A sãgui

233 893 133 50 ne Abel

234 935 85 57 iusti.

864 1218 165 69 est uont
