1092 1595
88 103 642 62 est uont tousiours de mal en pis/ on

86 152 645 59 le cõgnoist/ ⁊ ny met on poĩt dordre.

91 200 642 56 Parquoy il est biẽ a craindre qui sur¬

85 244 641 63 uiẽne quelque gros esclandre/ se bien

85 291 344 50 tost on ny remedie.

133 337 596 59 Pouruoyez y Princes chrestiens

84 383 641 56 par tous moyẽs/ bõs ⁊ raisõnables:

82 429 646 60 ne permettez plus uerite estre aĩsi cõ

82 478 647 57 culquee/ ne ꝑmettez plꝰ les paoures

80 521 648 62 de Iesuchrist estre aĩsi affligez ⁊ tor¬

79 570 649 57 mẽtez: lesquelz certes sont si cruel¬

78 614 650 62 lemẽt traictez par ceulx a qͥ ilz sõt li¬

79 661 648 61 urez/ q̃ tout le mõde de grosse paour

78 708 647 57 deuroit trembler. Que ne assemble

78 752 648 61 on le Cõcile ueritable ⁊ legitime/ a la

76 799 647 61 declaratiõ duquel bien humblemẽt ⁊

76 848 647 55 de bõ coeur tous amateurs de uerite

78 890 641 63 se submettẽt? Et certes il est bien

74 941 644 58 euidẽt que ces ꝑsecuteurs ont le tort/

75 988 647 58 puis quilz craingnẽt/ quilz resistent

74 1033 648 57 ⁊ cõtredisẽt au Cõcile. Et pourtãt

74 1081 648 57 o princes de equite/ faictes cesser leur

76 1125 646 59 fureur/ a tout le moins iusque a la

72 1174 649 66 determination diceluy: ⁊ quil ne leur

566 1223 147 63 soit pas
