1092 1595
347 102 642 61 soit pas concede pour ung seul mot/

345 152 645 58 de ainsi exercer leur forsenerie/ sur

346 200 482 56 tous ceulx qui leur plaira.

389 241 605 62 Cest chose admirable quil ne soit

347 290 647 62 pas licite au peuple chrestiẽ/ de faire

345 337 648 57 autãt pour les paoures ames rache¬

347 384 647 59 tees du sang de Iesuchrist cõme il est

347 431 637 56 licite de faire pour les bestes brutes.

379 477 617 60 Si on uoyoit ung loup aux chãps

351 526 647 58 pres ung troppeau/ il seroit licite de

350 573 645 57 cryer ⁊ de faict/ chascun cryeroit ap̃s

353 618 639 58 sans aucune reprehension. Helas on

351 664 646 57 uoit tant de loups/ de seducteurs/ et

346 709 649 61 abuseurs qui seduysent et tiẽnent en

350 756 634 57 tenebres ⁊ dãnatiõ le paoure mõde.

350 802 648 58 Ne oseroit on dõc cryer apres/ ⁊ par¬

348 847 653 57 ler alencõtre/ urayement cest tout le

349 895 649 59 moins q̃ on scauroit faire. Et pour¬

350 942 646 59 tant de ma part (si Dieu me ayde)

350 990 649 58 ie cryeray/ ie escriray/ ⁊ feray tout ce

351 1036 648 59 que ie pourray/ iusque a la mort/ ⁊ ia

351 1084 647 57 mais ne cesseray tant que on y aura

356 1128 637 61 pourueu: ⁊ ainsi ferõt (ien suis seur)

354 1176 626 68 plus de cent mille autres auec moy.

852 1221 140 61 La cla¬
