1092 1595
122 106 598 63 La clameur principale o treschers

73 150 643 67 freres/ est de se prosterner en la p̃sẽce

69 197 640 66 de Dieu ⁊ profundemẽt humilier en

67 246 645 64 prieres ⁊ oraisons. Par lesq̃lles sans

66 290 651 67 cesser luy fault demander que en sa

67 340 644 59 grande misericorde ⁊ infinie bonte/

62 383 655 68 luy plaise uisiter son paoure peuple/

62 430 647 65 le retirãt de tout erreur/ de tencbres/

63 476 431 62 de faulsete ⁊ mensonge.

110 524 599 65 Prians aussi tous dung coeur et

61 570 650 65 humblement requerãs le Seigneur

60 620 649 58 de tous seigneurs/ le dominateur et

58 667 642 61 prince de tous les Roys de la terre/

58 707 641 69 qui tient ⁊ possede leurs coeurs/ que

57 757 650 64 il luy plaise totallemẽt incliner leͬs

59 804 645 64 uoluntez et esperitz a desirer/ pour¬

59 853 648 59 suyure/ ⁊ parfaictement aymer toute

58 895 648 66 uerite de Dieu: affin quil soit par

56 946 649 62 eulx honnore ⁊ exalte/ ⁊ que le peu¬

58 991 649 62 ple qui leur est commis/ soit conduict

58 1040 646 61 par la uoye ⁊ chemin de salut en tou

57 1085 645 62 te paix ⁊ charite/ ainsi que il appar¬

56 1132 646 62 tient/ Le tout a lhonneur ⁊ louenge

58 1180 644 67 du Seigneur: auquel et par lequel

719 677 124 72 Prouer.

710 727 69 53 xxi.

592 1239 108 46 nous
