1092 1595
194 256 139 68 i.Timo

196 311 117 57 thee.ii.

330 109 644 67 nous uiuons et toutes choses con¬

342 171 133 60 sistent.

377 199 601 69 A cecy nous admõneste ⁊ exhorte

339 244 639 77 le sainct Apostre/ disant ainsi: Donc

340 292 641 73 ie uous supplie que deuant toutes

341 341 643 72 choses on face supplications/ orai¬

338 389 644 70 sons/ petitions/ actions de graces

342 433 640 73 pour tous les hõmes/ pour les Roys

343 477 646 77 ⁊ tous ceulx qui sont constituez en di

343 525 644 74 gnite: affin que menions uie paisible

351 569 637 76 ⁊ trãquille/ en toute sainctete ⁊ chaste

346 616 642 74 te. Car ce est bon ⁊ aggreable deuant

351 664 640 73 Dieu nostre sauueur qui ueult que

347 711 642 72 tous hommes soyent sauuez/ ⁊ quilz

350 757 640 67 uiennent a la congnoissance de ue¬

351 803 639 71 rite. Dont Dieu pere de misericor¬

351 849 641 75 de nous doint a tous la grace. Amẽ.

399 944 527 68 Recte iudicate filii hominum.

579 998 174 59 Psal.57.

409 1082 535 72 Acheue de Imprimer le .xuie.

496 1138 356 62 iour de Nouembre.

582 1180 189 76 1534
