1092 1595
372 88 640 57 que tousiours ont este. Neantmoins

371 132 641 61 ilz desirent ⁊ ueullent estre ueuz les

373 181 641 60 plus grans ⁊ plus scauans. Comme

371 225 637 59 ainsi soit/ que tout leur cas ne soit q̃

372 274 642 56 ignorante barbarie: mesme en leurs

372 319 641 59 disputatiõs publicques/ ilz ont gẽs

372 365 642 62 appostez pour frapper ⁊ faire bruict

374 414 640 57 se il aduient que le arguant suyue ⁊

374 457 639 62 presse le respondant: qui est une grã

373 510 511 53 de irrision ⁊ pure mocquerie.

425 552 588 57 Item si quelque personnage sca¬

370 596 641 59 uãt/ insiste fort a la saĩcte escripture/

370 643 641 59 ainsi que ung chascun deuroit faire/

370 690 643 58 il est (peult estre) en dãger de sa per¬

374 738 641 57 sonne: a tout le moins a force de

371 781 643 56 bruict on le fera taire. Et cela font

371 826 643 60 ilz: affin que uerite ne soit clairemẽt

372 875 642 58 entendue des assistans: car autre rai

374 925 490 53 son ie nen scauroye donner.

429 967 586 59 Dauãtage ie leur demanderoye

371 1014 648 56 uoluntiers de toutes leurs cryeries

372 1060 642 58 ⁊ disputations publicq̃s par cy auãt

373 1106 639 60 faictes/ quantes bõnes ⁊ chrestiẽnes

367 1153 647 65 resolutions en a on ueu? Certes ia¬

891 1202 121 52 mais/
