1092 1595
74 88 639 59 mais/ toutesfoys ilz auoiẽt este pre¬

73 140 640 52 mierement ordonnez des Princes et

71 186 642 53 Roys/ pour simplement ⁊ purement

72 230 636 53 declairer la saincte parolle de Dieu/

70 277 643 51 au lieu de laq̃lle ilz ont couru apres

70 322 640 51 leͬs songes/ apres Aristote/ ⁊ autres

72 369 640 57 payens philosophes/ delaissans et

72 417 638 56 abandõnans Iesuchrist. Parquoy

71 466 638 50 deuroient estre totallement deiectez/

72 510 640 57 a cause que ilz nont point faict leur

75 554 268 51 deuoir ⁊ office.

122 601 589 56 Oultre quant a la reste du peu¬

71 648 643 57 ple: nest ce pas trop empesche/ ⁊ reti¬

70 700 644 49 re les paoures ames rachaptees du

71 741 640 54 sang de Iesuchrist/ de entrer en la cõ

71 786 643 58 gnoissance de la pure ⁊ saincte uerite

70 835 638 53 de Dieu/ quand par les superieurs/

70 879 642 56 il est prohibe ⁊ deffendu/ de ne auoir

71 926 639 55 aucũs liures en langaige uulgaire/

71 972 638 55 parlans de Dieu/ ⁊ de la foy. Assez

71 1019 642 55 est cõcede en auoir: mais quilz soyẽt

72 1065 642 54 pleins de follies/ de fables/ de men¬

76 1112 633 57 songes: et bien souuent dinfection et

73 1154 221 72 paillardise.

385 1160 319 66 O quel espouen¬

723 1133 128 58 Sapien

712 1177 93 55 ce.ui.

611 1207 101 76 table
