1092 1595
382 85 645 54 table et dur iugement sera faict sur

382 131 645 56 telles gens qui sõt cause de cecy. Car

382 175 641 62 si ung Roy mortel ueult estre obey/

382 224 645 57 que dira on du Roy Eternel? Et ie

380 271 648 58 demande/ si le Roy auoit ordõne ou

381 320 646 54 cõmande aucune chose pour estre pu

379 364 643 59 bliee a son peuple: ⁊ qui uint aucun

382 411 642 59 superbe/ ou presumptueux temerai¬

380 459 642 56 re/ le tout rẽuerser: et faire que iceluy

378 507 649 53 mandement ne fust receu et congneu

378 552 646 56 du peuple. Ascauoir si le prince en se¬

379 598 646 55 roit content? nen feroit il point de pu

377 641 646 59 nition? Ueritablemẽt si feroit/ et fi¬

377 692 648 53 nablement seroit amplement mani¬

387 732 638 66 feste. Ainsi certes en la fin/ ueullẽt

377 784 647 56 ou non les rebelles fauldra il que la

377 831 646 56 uerite de Dieu soit congneue/ on a

374 879 647 54 beau contredire/ on a beau tuer/ em¬

380 923 641 57 pescher/ meurtrir/ ⁊ brusler. Le con¬

378 968 643 62 seil de Dieu est immuable: lequel a

375 1014 642 60 esleu les choses basses et infirmes/

377 1062 640 61 pour confondre les choses haultes ⁊

377 1112 641 57 fortes: affin que toute gloire soit a

378 1156 641 67 luy seul/ ⁊ q̃ nulle chair ne se uienne

232 1058 137 57 i.Corin

235 1104 122 90 thiẽs.i.

853 1202 163 64 glorifier
