1092 1595
329 90 269 60 de Lautheur.

98 156 632 60 de coeurs endurcis ⁊ obstinez/ par

95 206 632 59 lesquelles parolles leur ignorance

94 252 632 57 tant clairemẽt se demõstre/ que il est

93 299 633 61 tout notoire que aux choses de dieu

91 346 633 55 rien ilz nentendẽt/ mais par infide-

89 396 635 55 lite cõme mys en sens reprouue/ sãs

90 439 633 59 crainte ne reuerẽce proferent horri-

89 486 633 60 bles blasphemes/ qui est ung signe

90 531 630 61 de lire ⁊ fureur de dieu/ demõstrant

89 582 633 54 de telles gẽs ineuitable ruine ⁊ espo

86 624 633 60 uentable dãnation. Itẽ toutes tel-

85 671 633 61 les parolles ⁊ allegatiõs/ sont inu-

85 719 631 53 tiles ⁊ uaines/ sans aucune effica-

85 765 626 60 ce/ car les turcz ⁊ sarrazins en di/

86 813 529 56 roient bien autant de leur loy.

133 857 582 57 Il nous fault donc humblement

83 906 631 53 prendre ⁊ receuoir le don ⁊ grace de

82 953 632 58 dieu/ au tẽps que son bon plaisir est

79 1003 633 56 le nous dõner/ sans disputer, pour-

81 1046 629 58 quoy il a attendu iusques a ce tẽps/

81 1089 627 59 sans alleguer multitude ou plura-

78 1137 633 53 lite de personnages/ ne ainsi parler

81 1184 625 61 de la uie ou fin de ceulx qui par cy

79 1230 624 80 deuant ont uescu. Car dieu est puis-
