1092 1595
224 206 108 66 Pob.li.

565 95 175 71 Preface

371 151 621 70 sãt de disposer de ses creatures a sa

376 206 609 58 uolunte: et nul ne luy poeut dire:

376 248 616 65 pourquoy fays tu aĩsi. Dauãtage il

375 296 617 61 uaut trop mieulx suyuir le seul Mi

373 348 623 56 chee ayãt lesperit de dieu/ q̃ toute la

377 389 617 70 cõpaignie des sacrificateurs ⁊ ꝓphe

375 438 621 60 tes de Baal/ ayãs lesperit derreur.

418 483 575 64 Toutesfoys ie croy fermement q̃

371 531 626 63 si au tẽps passe la uerite euãgelicq̃

369 574 633 60 eust este ainsi reuelee cõme elle est de

373 619 628 69 p̃sent/ q̃ plusieͬs de noz predecesseͬs

384 669 618 59 eussẽt bien mieulx faict leur debuoir

377 713 625 59 de hũblemẽt ⁊ fidelemẽt la receuoir

381 761 621 65 que maintenãt on ne faict/ tãt est le

380 808 622 58 monde peruerty ⁊ corrõpu par la do

377 855 624 58 ctrine des hões/ qui est ung leuain

385 899 620 69 de pharisiẽs que Iesus christ nous

380 950 469 60 admõneste euiter ⁊ fuyr.

429 992 576 64 Neãtmoins si ne fault il pas poͬ

381 1039 631 66 la durete ⁊ malice daucũs aduersai

381 1087 628 65 res ⁊ ẽnemys de uerite, laisser a de-

383 1133 631 57 clarer ⁊ manifester autãt que il sera

385 1180 629 64 possible/ la pure ⁊ ueritable parolle

385 1229 631 76 de dieu/ a laquelle sãs nulle doubte

223 369 134 51 3.reg.22.

235 917 125 62 mat.16.

224 974 131 49 marc.8.

246 1253 113 64 Act̃.13.
