1092 1595
208 95 272 64 de Lautheur.

11 164 626 67 croyront tous ceulx qui sont ordon

9 208 621 71 nez a uie eternelle/ et nulz aultres.

11 255 623 69 Le tout a lhõneur/ gloire/ ⁊ louẽge

10 304 625 62 de dieu/ a laquelle chose cõe uerita-

10 345 627 73 bles ⁊ obeissãs enfans diceluy deb-

10 400 628 63 uons tacher/ sans rien espargner ou

11 445 406 65 aucunemẽt dissimuler.

54 486 584 69 Cecy est pour ung aduertissemẽt

13 536 625 64 q̃ en ceste presente matiere/ il cõuiẽt

15 582 623 70 soy arrester du tout a la saincte pa-

11 627 626 65 rolle de dieu/ comme a celle par la-

11 676 630 70 quelle toute creature sera iugee/ tou

11 720 628 70 te chose doibt estre examinee ⁊ prou

13 769 581 60 uee/ ⁊ nul ne poeut au contraire.

66 813 572 65 Or donc pour toucher le ꝓpos

15 859 626 75 duq̃l a presẽt est q̃stiõ: Il est besoing

15 906 627 73 par sainctes escriptures monstrer et

15 953 627 65 appertemẽt declarer/ cõmẽt la mes-

19 1003 628 69 se ordõnee du pape/ des euesq̃s/ ⁊ au

17 1042 630 75 tres persõnages/ qͥ en gros orgueil

18 1095 627 70 cõtre droict ⁊ raison se sont nõmez

18 1136 628 74 deglise/ est droictemẽt cõtre uerite/ ⁊

19 1182 628 68 appertemẽt cõtre la saincte parolle

22 1232 627 87 de dieu. Parquoy est chose abomina
