1092 1595
629 101 174 65 Preface

437 164 633 55 ble/ qui ne doibt estre permise ou en-

440 212 630 63 durce: pourtãt q̃ par icelle le seigñr

440 259 628 61 Dieu est grandement offense/ ⁊ la

441 309 628 57 plus part du monde/ malheureuse-

438 354 634 54 ment seduict ⁊ trõpe. Laq̃lle messe

440 401 632 60 soubz umbre ⁊ couuerture de saĩcte-

440 449 632 58 te/ pour plus ayseemẽt abuser ⁊ de-

440 493 634 55 ceuoir la terre/ a este introduicte et

438 539 632 61 ainsi cauteleusement composee/ non

441 586 629 59 par saincte escripture. En laq̃lle on

441 632 629 56 ne scauroit seulemẽt trouuer le nom

441 683 628 54 de messe: mais par plusieurs papes/

442 727 634 55 euesques ⁊ autres semblables/ a este

442 772 634 54 controuuee ⁊ mise au lieu/ de la sain

441 818 633 56 cte cene de Iesus christ/ de la saincte

442 863 634 55 table du precieux ⁊ sainct pain de

444 910 632 58 action de graces. Leq̃l debuoit estre

444 958 630 53 prins de la cõgregation des fideles

445 1003 627 60 chrestiẽs/ en memoire ⁊ recordation

445 1050 625 61 de la mort ⁊ passion de Iesuschrist/

445 1096 629 61 en souuenãce aussi de la charite ⁊ di

445 1145 625 57 lection/ dont il nous a tant aymez q̃

446 1190 630 55 il a mys sa uie pour nous. Pareille

446 1240 627 71 ment en signification de la charite ⁊
