1092 1595
202 85 275 67 de Lautheur.

10 154 633 61 amour fraternelle/ dont noꝰ debuõs

11 203 632 54 aymer les ungz les aultres/ comme

13 255 628 53 membres du corps de Iesus Christ.

57 299 586 53 Au lieu de laquelle tant salutaire

15 342 630 58 ⁊ consolable instruction/ en põpeuse

13 390 630 53 ceremonie/ ilz ont pour leur plaisir

17 437 628 58 faict adorer ung peu de pain cõme

17 486 629 56 se il fust le uray dieu/ en quoy toute

17 529 628 55 ydolatrie/ toute iniquite/ et impiete

15 575 630 60 sest esleuee. Et ce ont ilz faict pour

15 624 630 56 mieulx authoriser leur regne ⁊ sei¬

17 671 629 54 gneurie/ pour mieulx exercer leur

17 723 628 47 tyrãnie/ pour plus ayseement mar¬

17 762 629 60 chander de noz ames/ et deuorer la

18 814 628 49 substance du peuple/ ⁊ finablement

18 862 608 49 pour eulx mesmes se faire adorer.

15 905 624 57 Car cõe gentz effrontez/ sans honte

17 949 629 51 ne uergõgne/ ayans front de pail¬

17 992 632 62 larde/ ilz ont ose dire ⁊ publier quilz

22 1042 625 58 sont plus dignes q̃ les anges/ mes¬

18 1089 632 51 me que la uierge Marie: pourtant

19 1132 628 62 q̃ si ung de eulx (iasoit quil soit in¬

21 1181 628 56 fect paillard rẽply de punaisye) te¬

18 1233 625 72 noit ung morceau de pain il est en

649 903 115 72 Hiere.3.
