1092 1595
649 95 176 61 Preface

448 155 629 72 sa puissãce (se il ueult) de incõtinẽt

449 200 627 71 ⁊ sãs dilatiõ a sa seule parolle/ faire

448 247 629 69 illec uenir ⁊ descendre le filz de dieu

449 292 625 74 en corps ⁊ en ame tout uiuãt/ aussi

449 340 628 76 grand ⁊ entier cõme il pendit en la

450 394 626 67 croix/ le porter ca et la/ le garder en

450 435 628 68 ung coffre ou armaire/ le manger ⁊

448 481 628 69 aualler quand il luy plaira: bref/ en

450 527 627 72 faire du tout ce qͥl uouldra/ qui est

453 572 623 73 chose horrible de penser. Et se on

453 622 628 66 leur demãde dont ilz ont ⁊ leur uiẽt

456 665 613 72 ceste merueilleuse puissance/ plus q̃

454 712 619 73 aux autres qͥ ne sõt point desguisez

456 758 618 71 oingtz/ rasez/ ou tonduz. Ilz respõ-

456 808 622 66 dent mieulx qui ne pensent. Car ilz

458 853 622 72 dient q̃ cest a cause du caractere: cest

457 898 621 68 a dire du signe ⁊ merque dõt ilz sont

460 943 624 79 signez. Mais silz auoient bien pense

460 994 624 68 a ce qͥlz diset/ certes de hõte ⁊ crainte

460 1038 624 77 ilz se tayroient. Car il est escript que

469 1084 611 75 nul ne pourra marchãder/ uendre/

462 1129 618 80 ny achepter/ se il na la merque de la

465 1196 109 58 beste.

514 1221 570 78 Toutesfoys affin que nostre cas

327 1089 127 79 Apoc.13.
