1092 1595
300 79 274 71 de Lautheur.

91 150 633 63 soit bien fonde, clairemẽt entendu ⁊

91 199 628 65 prouue, il est necessaire toucher, de-

91 251 627 52 clarer, ⁊ mõstrer en particulier au-

91 292 627 57 cuns poinctz dabominatiõ qui sont

94 341 625 53 trouuez en ceste Messe. Car de tout

93 393 629 53 monstrer il est quasi impossible et

94 434 624 60 croy qͥl n est hõme qui le sceust faire-

94 485 624 55 ou si a aucun estoit donne de le po-

94 527 625 56 uoir faire, si fauldroit il ung tres

97 580 621 55 grand liure, tant y a de malediction

95 622 625 54 enclose, et detestable perdition, non

95 668 627 55 obstant que a plusieurs elle semble

97 713 627 64 precieuse et belle; mais comme il est

90 758 634 63 escript en saĩct Luc. Ce qui est hault

97 806 630 56 aux hõmes, est abomination deuãt

99 853 631 57 dieu. Et sainct Paul ose bien dire q̃

98 899 625 61 lange de Satã se trãsfigure en an-

103 946 624 60 ge de l umiere; ce que en c est endroit

102 992 622 60 est fortement accõply, quand soubz

101 1038 627 53 sombre de sainctete, soubz apparẽce

103 1085 625 55 de uerite, tãt de mẽsonge ⁊ faulsete

103 1131 625 63 en hypocrisie est trouuee. Et qui pis

106 1177 620 60 est, ce mal est tant espãdu, ce chãcre

103 1225 624 73 est tant seme par tout le corps de la

732 743 117 74 Ruc .io.

728 851 160 74 ⁊ cori.ii.
