1092 1595
353 1003 127 48 sbei aade

529 79 259 72 Du sacrĩfice

355 151 629 60 chrestiente, ceste malheureuse herbe

352 202 630 53 a iecte racines si auãt, q̃ aux hõmes

351 245 631 59 il est impossible y remedier; mais ce

353 293 628 57 qui est impossible aux hõmes, est fa

353 344 628 50 tile au seigneur dieu. Pourtãt re-

352 386 628 57 tournõs a luy, ⁊ de cocur humilie le

353 437 627 58 supplions qu il luy plaise noꝰ regar

351 482 629 52 der en sa misericorde, nous dõner sa

351 527 625 55 benediction, nous ouurir les yeulx

351 574 625 61 tellement que puissions appertemẽt

353 620 527 55 congnoistre la uerite. Amen.

383 717 550 52 ¶ Premiere declaration du sacrifice

387 758 544 55 quotidien, que les sacrificateurs dõ.

384 801 545 57 nent entẽdre en leur messe estre faict-

387 845 372 45 pour le salut du peuple.

488 894 484 63 Es sacrificateurs donc cõ-

485 943 485 52 me non contens du uolun-

343 1038 622 57 lequel Iesus Christ qui est le uray

493 988 472 55 taire et sainct sacrifice, par

344 1083 621 58 aigneau tressainct, innocent, ⁊ sans

343 1127 625 65 macule, leq̃l seul oste les pechez du

343 1174 623 63 mõde, se est offert pour nous a dieu

345 1221 620 82 son pere, a dõne son ame, ⁊ espandu

228 1137 101 80 goãa
