1092 1595
345 74 241 62 de la messe.

93 138 629 66 son sang pour nostre redemption/

89 187 633 62 mettant fin ⁊ cõsummation a tout

91 232 631 65 sacrifice exterieur ⁊ uisible, cõme re

89 280 633 62 putans cela insuffisant se mettans

90 324 632 61 en la place de Iesuchrist/ ilz ont de

87 373 633 56 la messe/ ou en leur messe faict ⁊ in-

89 417 631 64 uente ung sacrifice uisible/ ainsi qͥlz

89 463 634 63 ont dit utile ⁊ ꝓuffitable pour la re-

89 511 633 59 demption tant des uiuans que des

89 559 633 64 trespassez, qui est appertemẽt contre

89 604 633 61 la saincte escripture/ ⁊ ung oultra-

91 652 631 63 geux contẽnement/ ⁊ droict renõce-

90 697 633 57 ment de la mort ⁊ passion de Iesus

90 743 632 66 Christ. Ce que en bref il est facile de

90 796 191 58 monstrer.

146 833 574 65 Au septiesme chapitre de lepistre

90 883 632 63 aux Hebrieux/ en parlant de Iesus

91 926 635 68 Christ/ entre autres choses il est aĩsi

93 975 631 60 escript: Il estoit conuenable q̃ nous

91 1018 632 63 eussiõs ung euesque sainct/ innocẽt/

94 1068 634 64 sans macule/ separe des pecheurs/ ⁊

94 1111 633 67 plus hault que les cieulx/ lequel na

94 1159 630 67 point necessite (cõment les p̃bstres)

97 1208 627 91 offrir tous les iours sacrifices: pre-

724 838 133 77 Hebre.7.

574 1253 55 69 B
