1092 1595
529 90 265 69 Du sacrifice

369 155 635 64 mieremẽt poͬ ses pechez/ puis apres

372 204 632 63 pour ceulx du peuple. Car il a faict

372 251 632 61 ce/ en se offrãt une foys. Notãmẽt

371 297 630 63 il dit/ en se offrant une foys: car ia¬

372 344 630 57 mais telle oblatiõ ne fut ny ne sera

369 393 632 58 reiteree: mais cõme plainemẽt suf¬

371 442 629 59 fisante ⁊ entiere/ elle a a iamais du

371 485 462 61 tout suffy pour une foys.

417 530 583 62 Au .ix. chapitre dicelle mesme epi

369 578 631 61 stre/ il est ainsi dict: Christ euesq̃ des

369 622 627 62 biens aduenir/ est uenu en presence/

371 667 630 64 par ung plus grãd ⁊ plus parfaict

367 721 629 52 tabernacle/ nõ poĩt faict de la main/

368 762 628 56 cestadire/ non point de ceste creatiõ/

367 809 631 62 ⁊ non point par sang de boucz ou de

369 853 627 66 ueaulx: mais par son propre sãg est

368 899 629 65 entre une foys es sanctuaires/ et a

368 947 511 56 trouue redemption eternelle.

417 994 579 62 Uoicy ou de rechief il dict/ q̃ par

367 1036 625 65 se estre presente une foys/ redẽption

365 1084 629 59 eternelle est faicte ⁊ accõplie. Par¬

367 1131 627 65 quoy il est bien euidẽt q̃ pour nostre

364 1176 630 60 redẽption/ ne auõs point besoingz de

367 1222 621 77 ces paoures sacrificateurs offrãs ⁊

220 535 139 68 Hebre.9.
