1092 1595
328 90 230 72 de la messe.

105 162 625 65 sacrifians pour nous iournellemẽt/

101 204 633 67 cõme silz estoient noz redẽpteurs: si

101 255 630 65 nous ne uoulons renoncer a lobla-

103 300 627 66 tion de Iesus christ/ ou reputer icel-

101 346 629 66 le non suffisante/ ce qui est cler ⁊ ma

102 390 629 72 nifeste ꝑ le texte diceluy mesme cha

105 438 623 69 pitre/ ou par apres il est ainsi dict:

110 490 613 65 Iesus nest point entre aux sãctuai-

102 532 625 66 res faictz des mains/ figures des

107 576 615 69 urays: mais au ciel mesme/ affin q̃

105 627 626 62 maintenãt il apparoisse pour nous

106 675 626 60 deuãt la face de son pere/ ⁊ non poĩt

107 719 625 66 affin q̃ il se offre souuẽtesfoys/ au-

106 762 628 66 trement (dit il par apres) il luy eust

106 808 629 71 fallu souffrir souuentesfoys depuis

107 853 628 69 le cõmẽcemẽt du mõde. Mais main

107 902 623 62 tenãt en la cõsummatiõ des siecles/

107 946 629 69 il est apparu une foys par son sacri

107 990 631 70 fice pour la destruction de peche. Et

107 1036 631 71 ainsi quil est ordõne aux hõmes de

109 1088 627 65 mourir une foys/ ⁊ apres ce/ le iuge

111 1128 627 70 ment/ ainsi aussi Christ a este offert

114 1176 622 73 une foys pour abolir les pechez de

114 1242 190 67 plusieurs.

746 506 119 62 Hebre.9.

542 1265 115 72 B .ii.
