1092 1595
508 90 262 70 Du sacrifice

417 159 576 56 Uoicy certes ung texte fort ex¬

377 208 616 59 pres/ ou il dict tres clairemẽt/ q̃ Ie¬

380 255 614 58 sus christ ne se offre point souuẽtes¬

376 303 617 51 foys/ aultrement mourir luy faul¬

377 348 624 64 droit souuẽtesfoys. Car Iesꝰ Christ

380 394 614 60 mourir/ ⁊ estre offert a son pere/ cest

379 443 614 54 tout ung. Or ne mourra il iamais.

373 490 623 58 Parquoy iamais ne sera sacrifie/ et

365 535 608 53 iamais en sacrifice ne se offrira.

368 583 629 57 Donc il sensuit bien q̃ les hõmes ne

364 628 630 59 le poeuuent point offrir ⁊ sacrifier.

364 669 629 66 Car se luy mesme ne se offre/ cõmẽt

364 716 371 61 le pourroit on offrir?

413 768 580 48 Et ne fault point dire que le sa¬

365 816 629 53 crifice que maintenant on faict/ soit

364 855 628 59 la memoire de ce premier sacrifice.

364 901 630 62 Car memoire de sacrifice nest point

365 949 627 54 sacrifice. Parquoy sensuyt dauãta¬

367 996 625 54 ge q̃ tous noz sacrificateurs qui fõt

365 1040 627 59 entendre au pcuple/ q̃ il presentent ⁊

367 1085 623 64 font sacrifice pour les uifz ⁊ poͬ les

365 1140 625 54 mors/ uoyre ⁊ encore poͬ estre plus

365 1180 625 60 galans/ seulement pour ceulx quil

364 1224 618 75 leͬ plaist/ choisir ⁊ nõmer, trop plꝰ q̃

234 322 127 67 Christũ

230 382 121 48 mori et

228 422 135 53 eundem

228 462 140 52 presenta

226 505 146 53 ri: idem.
