1092 1595
313 95 227 64 de la messe.

109 160 629 59 manifestemẽt appert qu ilz sõt sedu

109 216 626 51 cteurs, trompeurs, ⁊ mẽteurs. Car

110 259 624 56 pour certain depuis la mort de Ie-

110 303 625 53 sus christ, tout sacrisice uisible a ces-

110 349 624 57 se, ⁊ l estat des sacrificateurs est ex-

110 401 624 54 pire. Parquoy en uain ilz sont ton-

110 441 625 62 dus ⁊ desguisez; sinon affin q̃ on cõ-

113 491 622 59 gnoisse que ilz sont folz insensez et

109 535 415 60 malheureux esceruelez.

158 579 572 59 Mais pour plus ample ꝓbation

110 627 625 58 il fault cõsiderer le dixiesme chapi-

111 672 628 61 tre d icelle mesme epistre; la ou quasi

113 723 626 54 par tout, il est faict mẽtion du saĩct

113 765 625 59 sacrifice de Iesus christ, leq̃l a mis

113 810 627 61 fin a tous sacrifices, sans q̃ iamais

115 857 625 58 sacrifice uisible soit demoure. Et en

114 903 624 59 tre autres choses il est ainsi dict en

113 949 627 58 la persõne de Iesus christ. Uoicy ie

115 994 620 57 uiens, affin sire dieu q̃ ie face ta uo

114 1046 629 53 lunte. Puis sensuit; Par laq̃lle uo-

114 1092 628 56 lunte nous sõmes sanctifiez par lo-

118 1135 628 55 blation une foys faicte du corps de

121 1182 625 62 Iesus christ; Puis apres il dict; Car

121 1229 622 73 par une oblation il a parfaict eter-

744 574 140 69 hebre.o.

748 957 131 61 hebre.io.

754 1012 115 51 Bs.id.

501 1287 117 58 D iii
