1092 1595
528 101 258 71 Du sacrifice

356 162 630 65 nellement les sanctifiez. Et aussi le

359 212 625 71 S. esperit le testifie. Car apres il dit:

365 260 620 69 Ie nauray plus souuenãce de leurs

359 305 629 71 pechez/ ⁊ de leurs iniquites. Et la

359 354 627 66 ou est remission dicelles il nya plus

361 404 425 55 doblation pour le peche.

410 443 578 70 Et affin q̃ excuse de ignorãce ne

359 491 630 71 soit en noꝰ/ cõsiderõs q̃ ces paoures

360 538 626 68 sacrificateurs par cy deuãt ont dict:

361 583 627 70 que bien uray est Iesus christ auoit

361 631 628 60 dõne son corps en sacrifice/ principa

361 677 628 64 lemẽt poͬ le peche de Adam (⁊ ainsi

364 724 624 62 q̃ ilz parlent) pour le peche originel:

361 772 627 64 mais non pas du tout pour les pe¬

363 816 626 63 chez que actuellemẽt noꝰ cõmettons

363 859 623 66 de iour en iour/ qui nest autre chose/

363 910 626 62 sinon dire ⁊ blasphemer q̃ nostre sei¬

364 958 628 61 gneur Iesus christ na point faict et

364 999 625 61 trouue entiere ⁊ parfaicte redẽptiõ.

364 1046 626 66 Et pourtãt ainsi que ilz disẽt (cõme

365 1092 625 65 silz estoiẽt adioinctz auec Iesꝰ christ

364 1137 628 69 pour luy ayder a faire nostre redem

363 1189 623 59 ption/ ⁊ q̃ ilz fussẽt noz redẽpteurs)

364 1230 620 80 ilz offrẽt a dieu en leur messe sacrifi
