1092 1595
311 74 233 66 de la messe.

94 148 620 65 ce pour la remission de noz pechez: qͥ

93 195 623 65 est une merueilleuse audace/ ⁊ trop

91 243 627 62 malheureuse arrogãce. Pour laq̃lle

91 285 627 67 assommer ⁊ abbatre/ au mesme cha

93 332 619 68 pitre/ incontinent apres il est dit en

93 377 618 61 ceste maniere: Si noꝰ pechõs uolũ-

93 427 622 63 tairemẽt apres q̃ auõs receu ꝯgnois

95 471 624 67 sance de uerite/ il ne nous est plus

94 521 532 63 laisse sacrifice pour les pechez.

144 563 580 67 Lesquelles parolles sõt si claires

97 612 626 63 si uiues ⁊ puissãtes/ q̃ on ne se pour-

95 655 629 68 roit assez esmerueiller/ cõmẽt le mõ-

97 709 627 60 de a este si abuse/ si aueugle ⁊ deceu/

97 752 631 62 de souffrir que on ayt encore uoulu

99 797 628 65 sacrifier ⁊ presenter aucun sacrifice

101 844 627 58 uisible ⁊ exterieur au Seigñr dieu

101 889 627 65 pour noz pechez: attendu q̃ si constã

99 935 635 65 ment/ si puissammẽt/ tãt de foys et

101 979 631 71 si souuẽt/ iceluy sainct apostre affer-

99 1024 635 71 me ⁊ dict/ que il nya plus aucun sa-

102 1076 629 61 crifice ne iamais naura. Car apres

110 1120 618 68 Iesus christ ne fault attẽdre aucun

105 1165 629 69 autre sacrificateur. Mais il a fallu

107 1220 625 82 ⁊ ainsi dieu a permis q̃ Sathan par

722 364 139 56 Hebr.10.

481 1262 141 77 B .iiii.
