1092 1595
494 90 262 64 Du sacrifice

355 159 629 64 luy ⁊ ses ministres ayt seduict le mõ

357 210 628 51 de peu exceptez. Car il auoit este pre

356 255 629 58 dict ⁊ prophetise q̃ tout debuoit estre

353 300 628 65 ainsi perdu ⁊ gaste. Et tout poͬ fi-

356 346 625 64 nablement manifester la puissance/

359 396 622 61 gloire ⁊ magnificence du souuerain

359 442 623 63 seigneur. Lequel par le glaiue de sa

364 489 613 61 parolle/ par lesperit de sa bouche/

356 534 626 54 ruinera ⁊ abatra le regne de ses en-

360 579 622 61 nemys: cest assauoir de lãtechrist/ du

360 624 487 64 monde/ denfer/ ⁊ de sathan.

403 671 581 58 Las ne a ce pas este grosse misere

356 719 628 51 a ce malheureux mõde/ de auoir tãt

355 765 626 56 mesprise ces passages prealleguez?

355 816 627 54 de les auoir ainsi contẽnez ⁊ froide-

352 855 632 60 ment passez/ sans aultremẽt y auoir

353 902 629 61 auise? sans iamais auoir uoulu cõ-

357 950 625 61 siderer q̃ il y a grãde difference entre

355 994 623 62 sacrifice ⁊ testamẽt? Car quand noꝰ

353 1042 628 57 offrõs sacrifice a dieu/ nous luy dõ-

353 1091 628 60 nons ⁊ presentons. Parquoy il est

353 1136 629 56 bien euident q̃ quand nous prenõs

353 1186 629 55 receuons de luy aucune chose/ q̃ ce

353 1228 625 71 nest poĩt sacrifice: mais liberalle do-

215 303 130 67 mat.24.

203 487 138 77 2.thes.2.
