1092 1595
339 95 226 65 de la messe.

102 166 471 59 nation ⁊ pure misericorde.

148 211 579 56 Et qui poeut estre donc si aueu-

99 260 625 56 gle qui ne uoit icy clairement q̃ par

98 305 628 57 donation testamentaire confermee

97 352 627 56 par la mort du testateur/ par grand

95 400 629 50 amour ⁊ charite il sest du tout dõne

95 443 625 56 a nous? S. Luc le touche au uif/

94 493 624 55 quand il escript en ceste maniere: Ce

94 538 624 58 calice est le nouueau testament en

95 586 628 58 mon sang/ qui sera espãdu poͬ uoꝰ.

95 638 623 51 A ceste chose on a bien mal pense/

94 676 625 61 quand par oubliance (affin q̃ ne dye

93 724 619 56 oultrecuidãce) une telle donatiõ on

91 768 514 54 a uoulu changer en sacrifice.

140 812 578 61 Si nous uoulõs sacrifier faisõs

91 861 624 58 ce q̃ dit sainct Paul/ ⁊ croyons a son

93 906 627 60 diuin cõseil ou il dit: Ie uous prie

94 955 622 51 donc mes freres/ par la misericorde

91 1000 624 59 de dieu que uous offrez uoz corps

90 1044 626 59 en sacrifice uiuãt/ sainct/ plaisant a

91 1092 625 61 dieu ⁊c. A tel sacrifice nous sõmes

90 1140 628 53 tous ordonnez de dieu/ prebstres et

91 1188 624 58 roys/ sans estre tonduz/ rasez/ cere-

91 1234 623 72 monieux/ ou desguisez: Non point

732 477 117 89 Luc.22

732 902 127 77 Rom̃.12.
