1092 1595
489 79 255 67 Du sacrifice

349 150 621 65 po᷑ de rechief luy offrir son filz. Car

349 199 621 60 pour luy offrir une telle offrande,

349 247 627 60 sõmes trop indignes, trop salles, et

351 293 623 60 infectz. Parquoy luy mesme s est

351 338 625 60 offert pour noꝰ a son pere une seule

352 384 624 61 foys, laq̃lle oblation pour toꝰ tẽps

351 430 622 63 est tres suffisante ⁊ parfaicte; aultre-

351 477 626 55 mẽt il la fauldroit reiterer, pourtãt

351 523 626 61 q̃lle seroit ĩparfaicte, ou certes en cõ

351 571 626 60 uiendroit cercher une autre ce que

353 615 624 61 par effic ax argument de l escripture

353 663 298 56 ie monstre ainsi.

401 708 579 60 En l epistre aux Hebrieux ꝑ plu

353 761 625 47 sieurs argumẽs il est cõclud, q̃ pour

353 801 625 53 la mort du grand Euesq̃, en falloit

353 848 627 51 ordõner ung autre. Et par la mort

353 894 627 59 de cestuy cy, encore ung autre, ⁊ aĩst

355 943 623 51 cõsequãmẽt; iusq̃s a ce qͥl en soit ue-

352 986 628 54 nu ung totallemẽt ĩmortel, qui est

355 1034 621 53 nostre seul mediateur Iesus christ;

353 1080 629 60 seq̃l tousiours assiste pour noꝰ en la

349 1127 631 55 p̃sence de dieu. Sẽblablemẽt pour

353 1173 628 52 simpfectiõ des sacrifices de lanciẽne

355 1218 622 77 loy, falloit toꝰ les iours recõmẽcer.
