1092 1595
337 85 238 65 de la messe.

106 147 625 66 iusques a ce qͥl en ayt este offert ung

106 196 626 56 du tout parfaict/ ⁊ cõsumme qui ne

105 240 627 63 fault point reiterer. Leq̃l tressainct

103 287 628 65 ⁊ tres ꝑfaict sacrifice a este faict par

102 333 629 65 nostre grand euesq̃ ⁊ pasteur Iesus

105 378 625 67 christ/ qͥ se est offert soymesme en sa¬

102 427 625 62 crifice/ ⁊ non autre chose: pourtãt q̃

102 471 626 65 chosemeilleure ou aussi bõne ne eust

103 518 621 62 sceu trouuer apres dieu. Tout cecy

102 563 622 67 est deduict ãplement au .u.ui.uiii.

103 612 516 61 et .x. chapitres dicelle epistre.

151 655 568 66 Dõc maintenãt ie demãde a toꝰ

103 709 615 55 sacrificateurs si leur sacrifice est par

101 752 619 61 faict ou imparfaict. Se il est impar

102 797 621 64 faict/ poͬquoy abusẽt ilz aĩsi le pao¬

101 845 623 60 ure monde uendre une chose qui ne

102 889 620 60 uault rien? Se il est ꝑfaict a quoy

101 935 623 56 le fault il ainsi iournellement reite¬

101 979 626 60 rer/ ⁊ tant souuẽt a milliõs recõmẽ

101 1024 627 68 cer? Mettez uoꝰ en auãt paoures sa

101 1076 625 59 crificateurs/ ⁊ si uoꝰ auez puissance

101 1117 625 65 de respõdre rẽspõdez: car uolũtiers

101 1169 625 61 ie orray sur cecy uostre responce/ la¬

103 1212 619 75 quelle ie scay q̃ uous apporterez ad

726 652 147 52 Non est

726 699 137 51 dare me¬

732 736 91 61 dium.
