1092 1595
490 90 262 68 Du sacrifice

361 154 607 69 Grecas Calendas/ selon uostre hõ

355 206 274 57 neste coustume.

392 252 580 61 Pour lesq̃lles choses qͥ sont tant

345 300 628 61 apertes ⁊ manifestes/ q̃ tout hõme

347 350 626 56 doibt auoir hõte dy ꝯtredire. Aucũs

352 398 621 51 cauteleux regnardz/ toꝰ honteux de

351 443 622 56 leur cas poͬ couurir ⁊ excuser leͬ ma

353 487 617 57 lice/ pour de rechef abuser ⁊ trõper

353 536 617 54 le mõde (ainsi q̃ leur maniere a este/

345 579 631 53 ⁊ est tousioͬs de resister ⁊ cõtredire a

347 624 629 53 uerite) nõt pas maintenãt uergoi-

347 671 629 60 gne dire q̃ ꝓpremẽt a parler ilz nõt

348 717 626 55 poĩt sacrifie: mais seulemẽt ont of-

347 762 626 62 fert sacrifice de louẽge/ qui est aper-

347 814 625 48 temẽt contre le canon de leur messe/

349 854 623 59 par leq̃l ilz nõmẽt ⁊ appellẽt ce pain

347 902 623 56 (apres auoir ꝓnonce les parolles q̃

345 946 629 54 ilz disẽt sacramẽtalles) saĩct sacrifi-

348 991 628 59 ce/ saincte oblation p̃sentee ⁊ dõnee

347 1044 627 52 a dieu/ comme le sacrifice de Abel et

347 1087 627 53 Abraham. Et cõmunemẽt le nom-

348 1133 625 59 ment/ corpus domini/ la saincte ho-

352 1181 553 57 stie/ ⁊ telles manieres de noms.

370 1221 603 82 Item pour prier dieu ⁊ luy offrir

220 162 111 59 i.a ia-

204 213 116 54 mais.
