1092 1595
336 101 226 67 de la messe.

106 160 618 68 sacrifice de louẽge il ne faut ne pain

103 212 631 64 ne uin/ il ne fault lumiere ne chãdel

101 259 630 58 le/ il ne fault point estre tõdu ne ra¬

105 312 627 58 se/ ne estre desguise par acoustremẽs

103 353 628 60 inacoustumez ⁊ sauuages. Par¬

105 405 626 57 quoy ne pourrõt plus couurir leurs

102 445 633 65 abuz/ leurs malices ⁊ erreͬs par tel¬

102 490 630 65 les fictiõs ⁊ mẽsonges: par lesq̃lles

103 538 627 65 toutesfoys eulx mesmes se destrui¬

105 587 621 60 sent/ ne ayãs point tãt de sens q̃ en

105 639 625 53 parlant ainsi, eulx mesmes totalle¬

102 676 630 63 mẽt ne se cõfondent. Car sacrifice de

102 724 628 62 louẽge est cõmun a tous ꝑsõnages/

106 770 626 63 soyẽt hõmes ou femmes ⁊ petis en¬

103 816 629 55 fans/ ⁊ toute ꝑsonne est obligee de

103 859 629 63 offrir a dieu sacrifice de louenge. Et

106 906 626 64 par ainsi/ se en leur messe ny auoit

105 954 625 61 autre sacrifice q̃ sacrifice de louẽge/

106 998 628 58 une fẽme pourroit biẽ messer/ uoire

105 1046 627 62 mesme ung petit enfãt: qui est dire¬

105 1092 626 60 ctemẽt cõtre leur acoustumee doctri

106 1139 624 65 ne. Mais il fault que mensonge se

110 1185 351 57 destruise soymesme.

167 1232 560 74 Or ont ilz dit ꝑ toutes uniuer¬
