1092 1595
400 106 516 70 De la transsubstantiation

355 167 629 73 sitez papales/ q̃ la messe dicte ⁊ chan

356 219 625 64 tee par ung meschant paillardeau

357 265 621 63 de prestre/ estoit/ ⁊ est aussi bonne/

357 309 625 69 cõme la messe du plus sainct prestre

356 357 625 65 qui soyt. Laquelle chose nous leur

356 401 624 66 cõfessons estre plus ueritable quilz

355 450 622 69 ne pẽsent. Car de toꝰ deux cest mes¬

356 499 624 60 chãte chose. Toutesfoys leur inten¬

356 543 624 68 tion est dire que cela uient non pas

357 587 623 62 de la uertu de celuy qͥ faict telle oeu¬

357 636 625 60 ure: mais par la uertu de la chose

357 681 624 65 oeuuree/ cest adire offerte a dieu/ sa¬

357 727 623 67 crifiee ⁊ presentee/ ⁊ en leur latin di¬

359 774 622 63 sent: Non uirtute operis operantis: sed

359 820 622 66 uirtute operis operati. Qui est toute

359 867 623 67 faulsete songee ⁊ inuẽtee par inuen

357 909 623 75 tion humaine/ ainsi que dessus est

360 962 388 66 efficacement monstre.

410 1014 513 63 Seconde declaration/ si au sacre¬

414 1062 505 59 ment du pain ⁊ du uin il y a trãs¬

417 1115 240 44 substantiation.

508 1161 476 59 Ultre/ poͬ cõfondre erreur

508 1202 474 64 apres erreur/ nonobstãt q̃ ce

501 1246 479 81 premier point soit suffisant

371 1161 126 169 O
