1092 1595
280 101 327 67 du pain ⁊ du uin.

105 167 623 61 po᷑ entieremẽt abolir, non pas le sa

102 215 624 58 cremẽt de Iesus christ, cela naduiẽ-

101 264 625 53 ne; mais ceste triumphãte messe pa-

103 313 620 53 palle, iceux paoures sacrificateurs-

101 356 621 57 cõme enchãteurs, gẽs ocieux, qͥ des

103 404 620 55 sainctes escriptures nont iamais te-

99 449 624 57 nu compte, et pour accroistre ⁊ pu-

98 491 628 60 blier leur folle frenaisie, qu asi uou-

99 539 627 59 lans faire place au corps de Iesus

102 586 625 59 christ. ont dit, mis par escript, p̃sche

102 632 622 55 ⁊ enseigne, q̃ apres auoir souffle ou

101 677 623 62 parle sur ce pain que ilz prẽnẽt entre

99 723 625 61 leurs doigtz, ⁊ sur le uin qͥlz mettẽt

99 772 623 52 au calice, q̃ il n y demeure ne pain ne

103 817 620 52 uin; mais par trãsformation, ou cõ

101 863 623 59 me ilz disent transsubstãtiation, le

102 907 622 59 corps de Iesus christ est la dessoubz

101 958 626 48 les accidẽs du pain inuisiblemẽt ca-

102 1000 625 56 che; ⁊ le sang aussi dessoubz les acci-

102 1046 625 59 dens du uin, sans q̃ plus il y ayt ne

102 1092 625 55 pain ne uin, qui est doctrine des dia

102 1140 622 56 bles, cõtre toute uerite, contre toute

103 1192 624 53 experiẽce, cõtre raison ⁊ saincte escri

106 1233 617 69 pture; ce qui a entre autres choses
