1092 1595
391 85 520 70 De la transsubstantiation

340 154 628 59 iecte ⁊ aliene de la religiõ ⁊ foy chre

343 199 625 65 stiẽne presque toute la terre. Tãt est

344 249 622 66 pleine de malheur la doctrine papi¬

347 300 143 58 sticque.

392 338 577 63 Que ceste doctrine/ ⁊ determina¬

344 390 625 61 tion sophisticque ꝓcedante de la ua

343 434 626 59 nite des songeurs/ soit totalemẽt cõ

344 481 625 58 tre les sainctes escriptures/ il est eui

344 526 621 57 dent et manifeste par sainct Paul/

345 571 621 67 S. Matthieu/ S. Marc/ ⁊ S. Luc.

345 620 621 56 La ou ces tesmoingz de uerite par¬

343 667 622 61 lans de la saĩcte Cene de Iesꝰ christ/

345 716 623 50 ont dit ⁊ mis par escript: que nostre

345 760 624 62 seigͬ Iesꝰ print du pain ⁊ le rõpit/ le

351 801 613 66 distribuãt a ses apostres ⁊ disciples

351 853 613 58 Premieremẽt saĩct Paul dit ainsi:

388 895 578 56 Nostre seigñr Iesus en la nuict

345 942 621 62 en laq̃lle il fut trahy print le pain ⁊

344 990 621 61 en rendãt graces le rõpit ⁊ dist: Pre

344 1038 614 58 nez ⁊ mangez/ cecy, est mon corps/ qͥ

345 1081 620 63 sera liure pour uous/ S. Matthieu

345 1129 617 60 pareillement dit en ceste maniere:

345 1174 620 63 Et cõme ilz souppoiẽt Iesus print

348 1221 617 72 du pain ⁊ le beneist ⁊ rompit/ et le

199 911 142 60 1.corĩ.11.
