1092 1595
255 95 340 68 du pain ⁊ du uin.

97 164 621 57 dõna a ses disciples ⁊ dist. Prenez

95 211 625 57 mãgez; cecy, est mon corps. Autant

94 257 622 56 S. Marc aussi S. Luc en leur euan

95 303 629 59 gile en ont escript. La ou ilznõment

95 348 631 57 expressemẽt le pain, ⁊ non poĩt sem-

95 394 632 60 blãce de pain. Item sainct Paul au

95 441 628 61 lieu p̃alle gue, apres auoir faict am-

97 486 627 62 ple mẽtion de linstitution ⁊ ordõnã

95 532 625 63 ce de la saincte Cene de Iesus christ,

95 580 629 58 dit en ceste maniere; L hõe se espreu-

94 626 625 55 ue soymesme ⁊ ainsi mãge;sse de ce

95 675 635 53 pain, ⁊ boiue du calice, la ou il ne dit

95 721 627 61 poĩt mẽgeusse le corps de Iesꝰ christ

95 766 627 58 qͥ est cache soubz l apparẽce de pain;

95 813 628 60 mais apertemẽt, puremẽt ⁊ simple-

97 858 627 57 mẽt il dit; mãgeusse de ce pain. Or

97 905 630 58 est il certain q̃ les cripture ne use poĩt

98 954 628 50 de deception, ⁊ q̃ en icelle il n y a poĩt

99 994 625 56 de feĩtise. Et nõobstãt ces paoures

97 1039 625 57 aueugles ont biẽ este si temeraires-

99 1087 627 57 qͥlz ont ose difsinir ⁊ determiner cõ-

98 1132 624 58 tre saĩct Paul ⁊ autres euãgelistes.

101 1181 622 60 q̃ il n y a ne pain ne uin, mais seule-

99 1228 623 83 mẽt semblãce de pain ⁊ de uiz. Da-

742 167 127 56 mat. rs.

730 677 134 62 i. corĩ. u.

586 1306 56 33 L

731 268 133 48 marc.i .t.

734 307 117 62 Lus.ri.
