1092 1595
438 85 514 69 De la transsubstantiation

363 151 634 61 uantage aux Actes des apostres il

364 198 636 63 est ainsi escript. Et ung iour de sab-

364 245 633 63 bat; quand nous estiõs assẽblez por

363 295 634 51 rompre le pain, la ou il n est point

364 338 634 63 escript sẽblãce de pain. Et S. Paul

364 388 633 55 en autre lieu dit; Le pain q̃ nous rõ

361 441 637 49 pons n est ce pas la participation du

360 483 638 60 corps de Iesus christ. Ausq̃lz tant

361 529 633 59 euidẽtz passages la saincte escriptu-

361 575 636 57 re prononce ⁊ dit expressement estre

364 620 632 57 pain, non point espece, apparẽce, ou

364 664 632 63 semblãce de pain. Parquoy sur pci-

361 711 633 57 ne de estre cõdẽne de dieu, fault sim

363 758 631 58 plemẽt croire estre pain, ⁊ non point

361 804 635 57 seule apparence de pain. Cars cõme

363 854 631 49 dict est en l escripture il n y a poĩt de

364 895 629 59 feintise. Qui pourra dõc plus sou-

363 942 630 58 stenir, supporter, ⁊ endurer telles pe

363 988 630 59 stes, faulx antechristz. Lesq̃lz cõme

364 1036 629 55 presumptuenx ⁊ arrogãs, sãs crain

361 1083 632 54 te ne reucrence, ont bien ose cõclurre

364 1128 628 60 au cõtraire . cestascauoir q̃ la il n y a

363 1180 625 48 ne pain ne uin, mais ont sõge ⁊ in-

363 1220 622 70 uẽte ung ꝓd̃igieux ⁊ nouueau ter-

220 232 125 81 Ac.io.

214 491 135 67 i corĩns
