1092 1595
166 79 501 68 De lassistence corporelle.

107 144 632 59 me de parler/ qͥlz ont dit (cõe dessus

106 191 626 60 est touche) trãssubstãtiatiõ. Ce q̃ en

105 241 631 59 la saincte escripture iamais ne fut

105 287 633 59 leu/ ne par les sainctz ⁊ bõs peres de

105 332 630 64 la pͥmitiue eglise imagine. Parquoy

106 382 630 51 cõme ennemis de dieu ⁊ de sa parol¬

103 425 633 56 le/ a bon droict doibuent estre repu¬

106 473 629 59 diez ⁊ reiectez: ou poͬ mieulx ⁊ plus

105 519 625 59 doulcemẽt parler cõme folatres on

105 566 371 57 les doibt contemner.

147 652 547 51 Troisiesme declaration/ de lassiftẽ¬

147 693 549 53 ce ou presẽce corporelle de Iesꝰ christ

147 739 551 54 au sacrement du pain ⁊ du uin a la

150 780 102 46 messe.

262 828 473 62 N ce passage plus que ia¬

258 878 477 60 mais on a failly ⁊ grande¬

247 930 487 54 ment erre/ quand on a dit/

107 970 631 56 escript/ presche/ dõne entẽdre ⁊ ensei

109 1012 629 67 gne/ q̃ au lieu du pain ⁊ du uin (aĩsi

107 1059 629 66 qͥlz parlẽt) soubz les especes uisibles

106 1108 630 56 blãches ou noires/ iausnes ou rou¬

109 1152 627 65 ges cest tout ung/ le corps de Iesus

111 1200 623 81 christ realemẽt ⁊ de faict entieremẽt

118 820 114 168 E

522 1245 93 66 C .ii.
