1092 1595
504 79 288 69 De lassistence

359 146 633 60 ⁊ personncllemẽt, en chair ⁊ en os-

360 198 626 59 aussi grand ⁊ parfaict cõme de pre-

361 248 625 56 sent il est uiuãt, totallement est ca-

361 289 625 63 che ⁊ cõtenu. Et par ainsi on a pro-

360 337 626 60 uocque quasi l uniuersel mõde a ido

360 382 629 60 latrie publicq̃ ⁊ manifeste. Auquel

360 429 626 62 abuz ĩportable, par saĩctes escriptu-

357 477 595 59 res cõuient puissamment resister.

400 522 588 61 Tout p̃mier nous fault bien rete

359 572 627 59 nir ⁊ noter cõme article de foy, que

372 616 612 61 Iesuchrist est mort poͬ noz pechez,

363 661 622 59 ⁊ resuscite pour nostre iustification.

361 708 627 56 Et ap̃s sa resurrection est monte au

357 752 628 62 ciel, ⁊ la se sied a la dextre de son pe

359 800 619 57 re, regnant en maieste. auquel toute

359 849 627 56 puissance est dõnee, au ciel, en la ter

359 895 299 55 re ⁊ aux enfers.

408 935 577 57 Que il soit mõte au ciel uisible-

359 984 626 62 ment, en la p̃sence de ses apostres et

363 1028 621 59 disciples, il est certain. De laquelle

363 1076 622 55 ascẽtion tant admirable, ilz ont este

365 1121 619 64 fideles ⁊ ueritables tesmoingz, cõe

359 1170 626 59 il appert aux Actes des apostres, et

363 1217 619 72 par sainct Marc au dernier chapitre

219 604 129 49 Rom.⁊

216 695 129 51 mat. rs

228 821 121 56 Ohili. ⁊

215 1159 98 55 Act.i.

214 1204 137 69 mars. is
