1092 1595
324 91 210 67 corporelle.

109 156 633 63 de son euãgile. Item sainct Paul

107 207 629 60 escriuant aux Colossiẽs dit en ceste

105 252 627 59 maniere: Si uous estes resuscitez

105 297 639 65 auec christ/ cerchez les choses qͥ sont

105 345 629 65 en hault/ ou christ est seand a la dex

105 393 206 53 tre de dieu.

154 437 580 58 Il sensuit donc bien/ puis que Ie

94 490 640 57 sus christ est au ciel assis a la dextre

105 532 630 62 de dieu son pere/ q̃ il nest pas ca bas

105 579 627 57 en la terre/ entre les maĩs du p̃bstre/

103 626 631 57 ny clos en une boytte/ ou armaire.

103 675 628 60 Car son corps ne fut iamais que en

109 719 524 59 ung seul lieu, pour une foys.

151 765 584 63 Parquoy sy son corps̃ est au ciel/

106 816 626 57 pour ce mesme tẽps il nest point en

105 861 627 50 la terre: ⁊ sil estoit en la terre il ne se

105 903 629 61 roit point au ciel. Car pour certain

99 950 635 60 iamais ung ueritable corps nest q̃

105 996 631 55 en ung seul lieu/ cõme iay dit pour

107 1043 631 57 une foys. Et ne fault point icy son

106 1092 630 55 ger ny alleguer miracle de dieu/ et

106 1144 632 54 dire q̃ dieu soit tout puissant pour le

109 1185 622 57 faire estre/ ⁊ le multiplier tout en

111 1232 623 70 ung coup en plusieͬs lieux. Car ce-

748 196 132 80 Colos.3.

744 915 140 64 Cauẽdũ

744 967 140 52 a Sabel

744 1012 70 50 lio.

521 1279 98 62 C .iii.
