1092 1595
529 95 287 69 De lassistence

356 160 632 60 la est imagination ⁊ resuerie humai

357 211 625 61 ne, sans fondemẽt descripture. Et q̃

367 259 615 58 dieu face une telle multiplication,

360 309 626 55 nous n en auons asseurãce descriptu

369 356 374 53 re ne promesse diuine.

391 396 597 63 Parquoy de dire, dieu le pocut

371 443 613 62 aire; ergo il le faict. Cela ne uault

364 491 621 57 rien. Car il n est point icy q̃stion de la

365 540 613 52 puissance de dieu; ⁊ est tout certain-

364 584 616 56 q̃ dieu est bien puissant de faire par-

361 634 623 53 ser tous les asnes, cheuaux ⁊ mules

364 676 617 60 qui sont au monde, ainsi qͥ fist par-

359 721 621 63 ler lanesse de Balaam, toutesfoys

360 769 324 59 il ne le faict pas.

404 813 578 54 Dauãtage nous nauõs iamais

352 861 630 57 leu en la saincte escripture, que dieu

353 907 628 57 ayt multiplie ⁊ mis tout pour ung

353 954 628 58 tẽps, ung mesme corps en plusieͬs

349 1000 631 62 sicux; mais plꝰ tost la faict trãspor-

352 1047 626 53 ter soubdainemẽt d ung lieu en au-

352 1093 625 63 tre selon son bon plaisir, cõme il ap-

348 1140 630 62 pert de Habacuc, qui par ung ange

352 1189 628 57 fut intõtinẽt porte de Iud ce en Ba

353 1234 620 73 biloine; mais quãd il estoit en ung

216 409 140 60 Argumẽ

215 457 140 52 tli a pos

214 494 135 64 se adesse

210 542 135 52 nihil cõ

218 586 111 50 cludit.

208 715 141 62 Mlie.ri.

204 764 141 53 Pet ⁊

211 1132 122 60 dañ.it.
