1092 1595
348 85 577 47 Cephas Geranius aux lecteurs. S.

248 135 758 52 ¶ Ap̃s auoir ꝯsidere le grãd ⁊ horrible blaspheme

248 184 760 47 estre a pñt cõmis ꝯtre la saĩcte institutiõ de la cene

250 220 758 49 de Iesus Christ/ au lieu de laq̃lle nous est ꝓposee

250 264 759 47 chose feincte ⁊ cõtrouuee au grãd deshõneur de Ie¬

250 303 758 53 sus Christ ⁊ de son eglise/ auõs obtenu ce pñt liure

250 344 758 52 de son autheur/ affin de pouoir subuenir a la sim¬

250 388 760 53 plicite ⁊ ignorãce daucũs: ⁊ rebouter labuz ⁊ teme¬

248 430 762 53 raire assertiõ des autres. Mais poͬ autãt q̃ ledict

248 470 758 56 traicte est submis au iugemẽt de tous/ entre lesq̃lz

250 514 758 53 grãde uariete y a: nous priõs tous amateurs de ue¬

248 555 761 51 rite/ de ne dõner sentẽce a la uollee/ cõme uoulant

250 596 758 47 estimer du tiltre ou dune portiõ le totage du liure/

250 639 759 45 mais p̃mieremẽt le tout lire/ entẽdre ⁊ examiner/ et

250 676 758 55 ce par la saĩcte escripture/ par laq̃lle toute chose se

251 720 758 45 doibt rigler/ estimer/ ⁊ peser: puis en iuger. Autre¬

251 760 758 46 ment cõme dit le Iuriscõsulte au traicte de legibus

252 802 758 49 Cest chose inciuile/ sans auoir ueu toute la loy/ de

252 848 757 45 iuger ou respõdre par une partie dicelle. Aussi saĩct

252 887 757 52 Hilaire au liure de la trinite supplie/ quil ne soit

254 925 755 51 point ꝯdãne/ deuãt q̃ on aye leu ce qͥl auoit escript.

254 971 756 51 Au surplus ne fault auoir esgart aux fauteurs de

254 1014 755 48 lerreur qui cy est cõuaincu. Car cõme dit le can.

256 1050 752 55 Suspecti.iii.q.u. Les ennemys ⁊ parties aduerses

255 1100 755 40 ne doyuẽt point estre iuges. Au moyen dequoy iu¬

256 1139 756 41 gez uous mesmes iuste iugement/ ⁊ comme deuant

256 1176 754 48 Dieu/ estimãs que iceluy est uerite: selon laquelle

256 1220 750 61 tous serons iugez/ par Iesus Christ aux grandz

258 1257 278 60 et derniers estatz.
