1092 1595
328 75 212 60 corporelle.

106 134 391 60 lieu/ il laissoit lautre.

151 183 580 65 Semblablemẽt il est dit de Phi-

105 229 625 66 lippe apres auoir baptise le Eunu-

107 276 620 65 che de Cãdace royne des ethiopiẽs/

107 320 620 65 q̃ lesperit de nostre Seigñr le rauist

107 369 621 65 soubdain, et fut trouue en Azote.

109 416 623 66 Mais q̃ ung mesme corps ayt este

106 466 622 63 en plusieͬs lieux tout en ung coup/

106 509 625 63 iamais ne fut leu. Parquoy/ dire q̃

109 555 618 67 dieu face ung tel miracle/ sans sen

110 603 626 58 apperceuoir/ sans rien en uoir/ sans

109 651 627 62 rien en scauoir/ cest trop songe. Les

109 695 626 59 oeuures de dieu sõt manifestes/ clai

109 748 627 54 res/ apertes/ ⁊ certaines. Et iamais

107 786 624 68 ne fist miracle sur le corps de q̃lcun/

111 833 627 68 sans le manifester. Les oeuures de

111 885 627 60 dieu ne sõt point couuertes (signãte

111 929 627 55 mẽt quand elles cõcernẽt choses cor

114 976 621 62 porelles) mais cõe iay dict claires/

113 1018 629 62 ⁊ patẽtes. Donc de dire ⁊ affermer

115 1065 624 60 ung tel miracle sans euidẽce ⁊ tres

114 1116 629 64 grãde certitude/ cest trop erre. Et de

114 1160 626 65 contraindre le peuple a ainsi croire/

118 1209 622 76 par feu/ par eaue/ par sãg/ par mort

734 345 94 73 Act̃.8.

505 1256 116 62 C .iiii.
