1092 1595
488 70 287 72 De lassistence

343 138 622 62 par prisõs/ cordes/ ⁊ bourreaux cest

343 186 404 58 cruellement tyrannise.

391 232 581 60 Oultre/ nous auõs ĩfallible cer-

340 279 625 62 tification par la saincte escripture/ q̃

339 330 630 55 laduenemẽt du filz de lhõme/ quãd

340 372 628 57 il luy plaira partir du ciel/ sera uisi

341 420 627 59 ble ⁊ manifeste. Car cõme dit sainct

348 467 609 59 Matthieu: Se aucun uous dit/ icy

339 521 627 51 est Christ ou la/ ne le croyez point.

337 564 629 55 Car ainsi q̃ lesclair sort doriẽt/ ⁊ ap-

339 607 629 58 paroit iusque en occident/ ainsi sera

337 657 628 51 laduenemẽt du filz de lhõme. Et de

341 700 625 52 cela ont dõne grãdtesmoignage les

341 746 625 54 sainctz anges de dieu/ quand ilz di-

339 790 627 61 rent aux apostres: Hõmes de Gali

336 837 629 58 lee/ pourquoy uoꝰ arrestez uous/ re

340 886 624 60 gardãs au ciel? Cestuy Iesus qͥ est

339 933 627 54 receu dauec uous au ciel/ uiendra

339 979 626 53 ainsi cõme uous lauez ueu monter

340 1023 625 58 au ciel. Cestadire apꝑtemẽt uisible-

340 1071 622 56 ment/ clairemẽt/ ⁊ manifestement:

337 1120 629 53 non point occultemẽt/ couuert/ enue

339 1164 623 60 loppe ou uestu de pain ou de paste.

387 1210 577 72 Et si a tout cecy on respond par

198 459 134 73 mat.24.

202 830 95 69 Acṫ.1.
