1092 1595
336 74 213 62 corporelle.

111 134 623 64 fantasie sophisticque, q̃ cela sentẽd-

107 184 625 57 tant seulemẽt de laduenemẽt au ioͬ

105 235 626 50 du iugemẽt, ⁊ non pas au sacremẽt,

103 276 631 62 la ou ainsi qu ilz disent  il demeure

102 326 632 58 auec noꝰ en corps ⁊ en ame ꝑpetuel-

105 370 627 59 lemẽt, ia soit q̃ il se cache, ⁊ q̃ il ne se

102 416 629 62 mõstre point, cela est ung dit a plai-

102 463 630 60 sir, dõt on nous a abuse le tẽps pas-

103 510 629 56 se; et comme trop faciles ⁊ legiers a

103 560 624 54 croyre, par cy auãt noꝰ l auõs creu-

107 603 570 61 par la seduction des hypocrites.

155 641 576 67 Itẽ cela dire est blasphemer ⁊ fai

103 699 625 58 re Iesus christ menteur, qͥ a dit ex-

102 739 620 61 pressemẽt q̃ nous aurons tousiours

101 788 622 54 des paoures auec noꝰ; mais luy noꝰ-

102 838 625 56 ne l aurõs pas tousiours. Lesq̃lles

103 877 624 60 parolles fault ne cessairement entẽ-

103 926 625 61 dre de son corps, ⁊ de son humanite.

102 974 626 58 Car quand a son sainct esperit, il est

103 1020 623 63 par tout, ⁊ tousiours auce les siẽs-

103 1062 620 65 cõme il est dit en sainct Matthieu;

109 1109 613 58 Uoicy ie suis auec uoꝰ tous les iors

103 1155 601 67 tusq̃ a la cõsummation du monde.

154 1204 572 82 Or est ce trop abesty ⁊ enchaine

734 757 119 64 mat. ;s.

738 1081 126 71 Matio.

734 1152 50 44 r us
