1092 1595
516 79 290 71 De lassistence

340 147 632 59 lesperit ⁊ intelligẽce du peuple: de le

340 196 633 63 lier ⁊ ainsi faire arrester/ a une piece

344 243 630 61 de pain/ a une chose uisible et corru

341 289 631 55 ptible/ pour illec cercher celuy qui est

341 336 633 58 de souueraine maieste/ en gloire triũ

345 385 627 52 phant. Car maintenant/ il est hors

343 429 626 57 du temps de son infirmite/ ⁊ toutes-

341 475 631 63 foys/ en le mettant ⁊ tenãt sans nul

341 527 629 55 ordre ⁊ position/ ainsi en ung mon-

343 568 629 62 ceau/ cache soubz ceste paste/ il seroit

341 620 627 52 plus aneanty que iamais ne fut en

343 659 627 60 la presence de Pilate, uoyre si on ne

344 704 626 64 uouloit dire ainsi que ung Maistre

344 752 628 61 fol, Dominicain/ fourbisseur de

345 804 621 54 uieux cabas/ lequel de nouueau en

340 845 630 54 la cite de Genesue/ publicquemẽt a

343 891 627 55 p̃sche que il cest faict petit cõme une

340 935 629 57 formie. Et nestoit q̃ la chose est se-

341 983 627 63 rieuse/ et que iay doleur de la follie

341 1034 623 58 dung tel acariastre/ ie ne me pour-

341 1080 370 53 roye contenir de rire.

391 1121 582 64 Mais en laissant les folz et leur

340 1168 628 58 follie/ ie demãde? Quelle utilite ou

343 1216 621 79 quel proffit/ nous pourroit il adue-
