1092 1595
289 95 212 64 corporelle.

105 158 630 61 nir, que il fust auec noꝰ dedãs ung

103 208 635 56 morceau de pain ainsi cache; quand

101 252 634 61 luy mesme disoit, se il ne montoit a

103 301 628 59 son pere q̃ le sainct esperit ne uien-

102 346 628 54 droit point; ⁊ quand il seroit monte

101 393 629 53 au ciel, q̃ il le enuoyeroit, ainsi qu il

102 437 624 64 fsist le iour de la Pẽthecoste. Et de-

103 483 624 63 puis aussi sur ceulx qu il luy a pleu.

148 531 580 64 Bref ceste doctrine papisticq̃ est

98 578 633 60 cause de la destruction uniuerselle

101 623 633 60 quasi de toute la terre. Et ne fault

99 672 629 59 pas pour couuerture de leur mente-

98 717 629 56 rie pour mieulx excrcer leur ĩsatia-

97 765 634 59 ble auarice, pour leur cupidite, pour

97 809 633 62 leur marchãdise ⁊ rapine, pour don

97 859 630 58 ner q̃lque apparẽce ⁊ couleur a leur

101 902 625 55 cas, ilz alleguẽt ou ameinẽt ces pa-

98 946 629 58 rolles. Cecy, est mon corps, qͥ est dõ-

98 992 629 59 ne pour uous. Car par icelles, autre

97 1038 631 65 chose n est demõstree, q̃ pain, nõ pas

101 1088 627 59 uulgaire ou cõmun, mais significa

97 1132 630 65 tif ⁊ sacramẽtal, qui est ⁊ doibt estre

98 1188 628 53 pris en grande reuerẽce, en memoire

99 1225 623 80 de la mort ⁊ passion de Iesus christ-

742 244 134 69 oã io.

744 461 95 60 Act.i.
