1092 1595
490 85 288 69 De lassistence

347 152 627 63 rep̃sentant lardente amour, ⁊ gran

348 198 622 69 de charite dont il noꝰ a aymez. ⁊ son

348 244 624 67 sainct esperit dõt il nous a uiuifiez.

347 291 625 65 Signifiant aussi lamour dont en

348 338 622 62 uraye charite nous debuons aymer

344 386 628 60 les ungs les autres cõme mẽbres

344 427 625 66 dũg mesmc corps; duq̃l Iesus christ

343 475 625 68 est le chief. Qui soit ainsi, les mes-

341 525 627 58 mes parolles le dõnẽt a cõgnoistre.

340 568 625 66 Car il est certain q̃ cela que on uoit,

340 614 628 67 cestadire le pain, ou ainsi qͥlz disent

337 660 631 69 la blancheur du pain, n est pas le

340 705 383 65 corps de Iesus christ.

384 753 580 68 Parquoy si on me dit, il est bien

347 796 617 71 uray que cela q̃ on uoit n est pas le

344 846 622 65 corps, mais soubz cela, ou dedãs ce-

343 890 621 69 la que on uoit, est enclos ⁊ contenu

336 938 629 70 le corps. Cest bien glose, ⁊ trop chan

345 991 617 61 ge de ꝓpos, ⁊ ne prent on plus les

343 1030 617 70 parolles de Iesꝰ christ en leͬ purete

340 1079 615 65 s⁊ simplicite, cõme il les a ꝓferees,

341 1124 620 69 sans glose ou additiõ. Car il n a poĩt

341 1170 621 70 dit soubz cela ou dedãs cela est con-

344 1221 616 84 tenu mon corpsimais simplemẽt il

198 832 129 59 Ce sont

191 877 102 44 iolies

191 922 121 50 courti-

192 966 79 50 nes.
