1092 1595
327 95 217 64 corporelle.

101 151 619 70 a dit: Cecy, est mon corps. Ainsi que

101 207 622 61 on disoit de laigneau paschal: Cecy

101 253 626 59 est le passage/ du seigͬ dieu. Et tou-

99 297 633 65 tesfoys il est bien euidẽt q̃ laigneau

98 345 633 64 nestoit point le passage: mais q̃ tant

101 392 623 58 seulemẽt il signifioit le passage. En

101 438 618 60 ceste maniere aussi le pain nest poĩt

98 485 625 61 le corps: mais il signifie le corps/ cõ

99 531 623 63 me en autre lieu il est dit/ que Iesus

94 580 628 60 christ est la pierre/ ⁊ neãtmoins il est

101 634 618 45 certain/ q̃ il nestoit point la pierre/

98 671 628 64 mais que par la pierre il estoit signi

99 720 625 52 fie ⁊ represente. A ce propos dit S.

103 764 616 66 Augustin sur S. Iehan en ceste ma

98 814 628 55 niere: Res significãtes accipiũt nomina

97 857 625 50 rerũ significatarum. Non enim dicitur:

98 902 630 49 Petra significabat Christũ: sed absolute

98 939 622 59 dicitur: Petra erat Christus. En sem-

98 986 624 53 blable maniere de parler il disoit:

103 1031 613 64 Ie suis la uraye uigne/ cest adire/

103 1080 620 63 Ie suis signifie par la uigne. Et

101 1132 623 48 que sur tout on doibt souueraine-

99 1172 624 61 mẽt noter/ il est escript q̃ Abraham

101 1220 623 70 a creu a la parolle du seigneur dieu

735 162 137 59 Exo.12.

732 221 133 56 Agneau

732 264 120 61 Passa-

732 316 52 52 ge.

732 431 93 62 Pain.

727 518 134 53 1.corĩ.10.

730 599 115 61 Pierre.

730 750 122 67 Ioan.13.

730 939 122 64 Ioan.15.

731 1036 118 79 Uigne.
