1092 1595
501 85 290 65 De lassistence

360 148 628 63 ⁊ il luy a este repute a iustice: ⁊ a este

361 195 624 69 faict accord entre luy et son seigñr.

363 244 626 64 De laquelle iustification/ ⁊ duquel

360 291 629 65 accord/ luy fut baille le signe de la

361 337 625 61 circoncision: ⁊ en ordonnant iceluy

364 384 622 66 signe/ le seigneur Dieu luy disoit:

361 431 627 63 Hoc est pactũ meũ/ Uoicy mon accord.

373 475 616 65 Toutesfois il est tres euident q̃ celle

373 527 615 56 incision/ ou circõcision nestoit point

364 571 625 60 ⁊ ne fut iamais iceluy accord: mais

363 614 625 59 estoit seulement le signe de laccord.

364 663 626 65 Parquoy si a ung ꝑsonnage scauãt

361 712 629 54 ie demandoys lintelligẽce parfaicte

365 754 623 60 ⁊ facile de ces parolles la: Hoc est se-

364 805 624 58 dus meum/ il me diroit: Hoc est signũ se

364 845 621 60 deris mei/ Dõc tout aĩsi q̃ il me dira:

363 893 627 66 de cecy hoc est fedus meũ/ Hoc est signũ

363 935 623 72 sederis mei/ aĩsi ie luy diray de cestuy:

364 986 622 64 Hoc est corpus meũ/ Hoc est signum corpo

361 1031 627 68 ris mei. Car cest une mesme maniere

364 1076 622 65 de parler si grandemẽt ⁊ parfaicte-

363 1120 621 64 ment en toutes choses semblable/

365 1167 624 65 qui nest hõme/ qui sceust raisonna-

365 1212 621 79 blemẽt dire du cõtraire. Assez dau-

224 474 136 65 Geñ.17.

223 564 130 67 Circõci-

228 607 77 62 sion.
