1092 1595
497 102 287 73 De lassistence

347 168 626 73 saueur, moyteur ⁊c. soient ⁊ demeu-

345 216 629 67 rent la sans subiect, c esta dire sãs fõ

348 261 622 69 demẽt ⁊ substance; Nest ce pas bicn

348 311 624 69 hardimẽt parle de dire que on tient,

349 353 627 73 que on porte, ⁊q̃ on enferme le corps

351 401 625 66 de Iesus christ, tout grãd, tout en-

347 450 626 71 tier, tout uiuant, en chair et en oss

348 498 459 69 ainsi ⁊ la ou on uouldra:

399 538 581 70 De rechef ie demande que entẽd

349 586 624 71 a ueult dire ce paoure sacrificateur-

352 628 629 69 quand il pronõce les parolles sur le

352 675 626 70 pain, disãt. Cecy est mõ corps, lais-

352 724 622 69 sãt le demourãt du texte euãgelicq̃-

355 769 623 73 ⁊ adioustant temcrairement ce mot

353 824 624 62 enim disãt. Hoc est enim corpus meum.

355 869 625 64 Lequel mot nul des euãgelistes n a

355 909 626 71 adiouste. En quoy il entreprẽd sur

352 957 624 63 la parolle de dieu. Se il ueult dire-

353 1002 625 71 q̃ ce soit son propre corps de luy mes-

352 1048 628 72 me sacrificateur, qui est cache soubz

355 1097 626 71 ceste blancheur ⁊ espece de pain, c est

356 1143 626 67 certes une orde ⁊ puãte chose. Se il

356 1186 626 74 respond, q̃ c est le corps de I esꝰ chrise

357 1233 623 82 q̃ ne dit il donc ; hoc est corpus christi-
