1092 1595
349 69 445 75 Preface de Lautheur.

412 136 440 62 Ous auons la parolle

412 186 439 62 des ꝓphetes ferme, a la-

409 232 436 65 quelle uous faictes bien

233 161 174 187 I

422 280 425 57 de regarder, comme a la

216 324 628 70 chandelle luysante en lieu obscur-

216 377 628 54 iusq̃s a ce q̃ le iour cõmence a luyre-

219 417 625 66 ⁊ que l estoille du iour se lieuc en uoz

219 470 624 57 coeurs. Et entendez ce p̃mieremẽt,

218 513 623 66 que l escripture saincte n est point cõ-

219 559 628 67 gneue par nostre propre expositiõ.

218 606 630 65 Car prophetie n a point este baillee

220 652 624 63 en aucun tẽps par uolũte humaine;

219 699 629 63 mais les sainctz hommes de Dieu

216 744 628 66 inspirez du sainct esperit lont dicte.

218 790 626 65 Et pourtãt cõme dit sainct Paul

216 838 629 64 toute escripture diuinemẽt inspiree

219 887 628 62 est utile a endoctriner, a reprẽdre, a

219 929 622 66 corriger, a enseigner en iustice; affin

220 978 628 64 q̃ lhõme de dieu soit entier, instruict

216 1020 628 61 a toute bonne ocuure. Par lesquelz

218 1071 627 65 tãt euidentz passages nous est ap-

218 1115 627 65 pertemẽt mõstre que la reigle de nr̃e

220 1160 628 72 foy, est la seule ⁊ saincte parolle de

224 1210 621 84 dieu,. selon laquelle seulemẽt nous

857 519 112 79 Petu

849 855 133 52 ⁊. limo⁊.

617 1257 99 65 A i
