<?xml version="1.0" encoding="UTF-8"?>
<alto xmlns:xsi="http://www.w3.org/2001/XMLSchema-instance"
      xmlns="http://www.loc.gov/standards/alto/ns-v4#"
      xsi:schemaLocation="http://www.loc.gov/standards/alto/ns-v4# http://www.loc.gov/standards/alto/v4/alto-4-2.xsd">
  <Description>
    <MeasurementUnit>pixel</MeasurementUnit>
    <sourceImageInformation>
      <fileName>50_56c24_default.jpg</fileName>
      <fileIdentifier>https://www.e-rara.ch/nev_r/i3f/v20/11399787/full/full/0/default.jpg</fileIdentifier>
    </sourceImageInformation>
  </Description>
  
  <Tags>
    <OtherTag ID="BT710" LABEL="DropCapitalZone" DESCRIPTION="block type DropCapitalZone"/><OtherTag ID="BT711" LABEL="MainZone" DESCRIPTION="block type MainZone"/><OtherTag ID="BT712" LABEL="MarginTextZone" DESCRIPTION="block type MarginTextZone"/><OtherTag ID="BT797" LABEL="TitlePageZone" DESCRIPTION="block type TitlePageZone"/><OtherTag ID="BT799" LABEL="StampZone" DESCRIPTION="block type StampZone"/><OtherTag ID="BT801" LABEL="GraphicZone" DESCRIPTION="block type GraphicZone"/><OtherTag ID="BT1176" LABEL="MarginTextZone:handwrittenAddition" DESCRIPTION="block type MarginTextZone:handwrittenAddition"/><OtherTag ID="BT1177" LABEL="QuireMarksZone" DESCRIPTION="block type QuireMarksZone"/>
    <OtherTag ID="LT238" LABEL="DropCapitalLine" DESCRIPTION="line type DropCapitalLine"/><OtherTag ID="LT239" LABEL="DefaultLine" DESCRIPTION="line type DefaultLine"/><OtherTag ID="LT256" LABEL="HeadingLine" DESCRIPTION="line type HeadingLine"/>
  </Tags>
  
  <Layout>
    <Page WIDTH="1092"
          HEIGHT="1595"
          PHYSICAL_IMG_NR="50"
          ID="eSc_dummypage_">
      <PrintSpace HPOS="0"
                  VPOS="0"
                  WIDTH="1092"
                  HEIGHT="1595">
        
        <TextBlock HPOS="90"
                   VPOS="49"
                   WIDTH="645"
                   HEIGHT="1229"
                   ID="eSc_textblock_7555a47a"
                   TAGREFS="BT711">
          <Shape><Polygon POINTS="90 49 92 1274 724 1278 735 57"/></Shape>
          
          
          <TextLine ID="eSc_line_92b9910d"
                    TAGREFS="LT256"
                    BASELINE="288 131 500 134" 
                    HPOS="287"
                    VPOS="86"
                    WIDTH="213"
                    HEIGHT="61">
            <Shape><Polygon POINTS="485 87 474 87 461 86 453 86 407 93 401 93 396 93 371 87 368 89 355 90 341 91 328 91 315 93 301 94 288 99 288 131 287 136 332 146 333 146 364 140 371 139 376 140 397 147 399 147 400 147 498 144 500 134 497 105 488 89"/></Shape>
	    <String CONTENT="corporelle."
                    HPOS="287"
                    VPOS="86"
                    WIDTH="213"
                    HEIGHT="61"></String>
          </TextLine>

          
          
          <TextLine ID="eSc_line_688c872e"
                    TAGREFS="LT239"
                    BASELINE="102 192 732 199" 
                    HPOS="101"
                    VPOS="147"
                    WIDTH="631"
                    HEIGHT="61">
            <Shape><Polygon POINTS="727 167 714 158 700 154 691 160 665 160 657 154 647 154 637 154 622 159 614 154 607 154 594 154 591 154 575 159 542 159 498 159 497 158 462 147 461 147 380 147 379 147 377 147 355 156 353 156 337 156 267 152 262 152 248 152 235 151 222 151 208 151 195 150 182 150 168 150 155 148 142 148 129 148 115 154 102 160 102 192 101 199 114 206 115 206 117 206 340 202 351 208 352 208 353 208 355 208 731 204 732 199 731 168 727 167"/></Shape>
	    <String CONTENT="affin que on entẽdist ce que il ueult"
                    HPOS="101"
                    VPOS="147"
                    WIDTH="631"
                    HEIGHT="61"></String>
          </TextLine>

          
          
          <TextLine ID="eSc_line_d753908f"
                    TAGREFS="LT239"
                    BASELINE="102 237 730 245" 
                    HPOS="101"
                    VPOS="195"
                    WIDTH="629"
                    HEIGHT="62">
            <Shape><Polygon POINTS="607 199 595 198 559 204 521 198 514 198 501 198 498 198 474 203 409 198 391 196 381 196 368 196 365 198 357 202 352 198 349 195 341 195 102 196 102 237 101 245 110 251 111 251 113 251 114 251 187 245 219 253 220 253 222 253 396 248 414 256 416 256 417 256 460 249 509 249 521 257 522 257 524 257 525 257 728 251 730 245 727 199 626 206 610 199 607 199"/></Shape>
	    <String CONTENT="dire? Et se il dit/ que tãt seulemẽt il"
                    HPOS="101"
                    VPOS="195"
                    WIDTH="629"
                    HEIGHT="62"></String>
          </TextLine>

          
          
          <TextLine ID="eSc_line_be427b32"
                    TAGREFS="LT239"
                    BASELINE="98 285 727 293" 
                    HPOS="97"
                    VPOS="241"
                    WIDTH="630"
                    HEIGHT="63">
            <Shape><Polygon POINTS="98 285 97 293 113 301 114 301 115 301 190 295 231 303 232 304 726 304 727 293 726 247 669 255 649 247 647 247 646 247 645 247 601 252 594 247 594 245 593 245 591 245 590 245 579 247 533 253 522 247 520 244 518 244 517 244 516 244 514 244 506 247 493 251 456 247 429 244 428 244 426 244 425 244 422 247 416 252 396 247 380 243 379 243 377 243 359 247 340 251 231 251 228 247 223 243 223 241 222 241 220 241 219 241 218 241 203 247 199 248 98 248 98 285"/></Shape>
	    <String CONTENT="recite les parolles q̃ Iesuschrist ꝓfe"
                    HPOS="97"
                    VPOS="241"
                    WIDTH="630"
                    HEIGHT="63"></String>
          </TextLine>

          
          
          <TextLine ID="eSc_line_2c4690f8"
                    TAGREFS="LT239"
                    BASELINE="97 330 727 338" 
                    HPOS="95"
                    VPOS="295"
                    WIDTH="632"
                    HEIGHT="51">
            <Shape><Polygon POINTS="97 330 95 341 724 346 727 338 726 300 97 295 97 330"/></Shape>
	    <String CONTENT="ra/ les prenãt materiellement: a ce¬"
                    HPOS="95"
                    VPOS="295"
                    WIDTH="632"
                    HEIGHT="51"></String>
          </TextLine>

          
          
          <TextLine ID="eSc_line_a5b4b93f"
                    TAGREFS="LT239"
                    BASELINE="97 377 727 386" 
                    HPOS="95"
                    VPOS="334"
                    WIDTH="632"
                    HEIGHT="64">
            <Shape><Polygon POINTS="97 377 95 382 123 390 125 390 126 390 179 385 184 385 187 385 208 392 210 392 211 392 262 388 275 386 277 388 285 393 287 393 288 393 289 393 335 389 353 388 357 389 364 394 365 394 367 394 368 394 408 390 434 389 724 398 727 386 724 346 569 346 553 344 521 338 520 338 518 338 502 344 496 345 485 344 452 337 450 337 393 342 372 344 361 342 335 336 333 336 291 341 277 342 272 341 254 334 252 334 251 334 97 338 97 377"/></Shape>
	    <String CONTENT="la ie respondz que parolles prinses"
                    HPOS="95"
                    VPOS="334"
                    WIDTH="632"
                    HEIGHT="64"></String>
          </TextLine>

          
          
          <TextLine ID="eSc_line_664ea86b"
                    TAGREFS="LT239"
                    BASELINE="95 425 727 431" 
                    HPOS="94"
                    VPOS="381"
                    WIDTH="633"
                    HEIGHT="62">
            <Shape><Polygon POINTS="549 385 486 392 476 392 470 390 441 384 440 384 438 384 380 390 373 390 368 390 328 382 327 382 242 389 230 389 227 389 216 381 215 381 214 381 212 381 211 381 210 381 200 388 174 381 172 381 171 381 170 381 168 381 160 388 159 388 95 388 95 425 94 431 724 443 727 431 726 394 550 385 549 385"/></Shape>
	    <String CONTENT="materiellemẽt (mesme selon leur do"
                    HPOS="94"
                    VPOS="381"
                    WIDTH="633"
                    HEIGHT="62"></String>
          </TextLine>

          
          
          <TextLine ID="eSc_line_4cbb0edc"
                    TAGREFS="LT239"
                    BASELINE="97 473 727 481" 
                    HPOS="95"
                    VPOS="427"
                    WIDTH="632"
                    HEIGHT="64">
            <Shape><Polygon POINTS="618 431 617 431 551 438 540 438 533 437 501 430 500 430 468 437 462 437 456 437 412 429 410 429 409 429 408 429 408 430 401 435 393 435 305 427 296 427 283 427 270 427 262 427 260 427 259 427 258 427 258 429 252 433 251 434 248 433 230 427 228 427 227 427 97 430 97 473 95 479 317 489 319 489 399 483 404 483 405 483 413 490 414 490 416 490 417 490 478 485 517 491 518 491 726 486 727 481 726 441 637 441 634 438 619 431 618 431"/></Shape>
	    <String CONTENT="ctrine scolasticque) ne signifiẽt rien."
                    HPOS="95"
                    VPOS="427"
                    WIDTH="632"
                    HEIGHT="64"></String>
          </TextLine>

          
          
          <TextLine ID="eSc_line_36952e50"
                    TAGREFS="LT239"
                    BASELINE="134 519 727 526" 
                    HPOS="133"
                    VPOS="474"
                    WIDTH="594"
                    HEIGHT="62">
            <Shape><Polygon POINTS="703 481 702 481 634 486 610 487 605 485 597 479 586 479 577 479 533 483 497 486 489 482 484 478 480 478 472 478 464 481 452 485 428 481 414 478 413 478 401 477 368 478 280 483 258 475 254 475 240 475 187 482 178 474 176 474 175 474 174 474 160 474 147 474 134 474 134 519 133 527 724 536 727 526 727 489 704 481 703 481"/></Shape>
	    <String CONTENT="Dauãtaige/ ie leur demãde ou ilz"
                    HPOS="133"
                    VPOS="474"
                    WIDTH="594"
                    HEIGHT="62"></String>
          </TextLine>

          
          
          <TextLine ID="eSc_line_8d88df58"
                    TAGREFS="LT239"
                    BASELINE="94 564 727 571" 
                    HPOS="93"
                    VPOS="521"
                    WIDTH="634"
                    HEIGHT="59">
            <Shape><Polygon POINTS="643 526 642 526 613 534 609 534 603 534 555 525 554 525 553 525 529 532 528 532 526 532 497 525 496 525 494 525 493 525 477 532 466 523 465 523 464 523 462 523 461 523 438 531 437 531 395 523 393 523 303 530 300 530 292 523 292 522 291 522 289 522 280 522 267 522 263 522 262 522 260 522 259 522 259 523 252 530 251 530 244 530 168 521 167 521 166 521 147 529 146 529 94 529 94 564 93 572 724 580 727 571 727 535 645 526 643 526"/></Shape>
	    <String CONTENT="ont ꝓmesse ⁊ asseurãce de dieu q̃ tou"
                    HPOS="93"
                    VPOS="521"
                    WIDTH="634"
                    HEIGHT="59"></String>
          </TextLine>

          
          
          <TextLine ID="eSc_line_2a255ea2"
                    TAGREFS="LT239"
                    BASELINE="97 612 726 619" 
                    HPOS="95"
                    VPOS="567"
                    WIDTH="631"
                    HEIGHT="61">
            <Shape><Polygon POINTS="97 612 95 619 122 627 123 627 125 627 216 622 223 627 223 628 224 628 226 628 227 628 724 626 726 619 724 582 687 572 686 572 623 579 601 571 599 571 598 571 597 571 573 579 570 579 567 579 525 571 524 571 492 578 482 579 470 578 426 570 425 570 393 576 384 579 351 579 345 575 332 568 331 568 329 568 328 568 304 575 296 578 246 578 243 574 239 571 239 570 238 570 236 570 235 570 234 570 232 570 227 574 223 576 216 574 202 567 200 567 199 567 198 567 196 567 187 574 184 575 182 572 175 567 174 567 172 567 171 567 97 571 97 612"/></Shape>
	    <String CONTENT="tesfois ⁊ quãtes qͥlz ꝓnõcerõt telles"
                    HPOS="95"
                    VPOS="567"
                    WIDTH="631"
                    HEIGHT="61"></String>
          </TextLine>

          
          
          <TextLine ID="eSc_line_800f8064"
                    TAGREFS="LT239"
                    BASELINE="99 659 726 665" 
                    HPOS="98"
                    VPOS="620"
                    WIDTH="628"
                    HEIGHT="56">
            <Shape><Polygon POINTS="99 659 98 667 723 676 726 665 724 620 99 620 99 659"/></Shape>
	    <String CONTENT="ꝑolles/ q̃ le corps de Iesꝰ christ tout"
                    HPOS="98"
                    VPOS="620"
                    WIDTH="628"
                    HEIGHT="56"></String>
          </TextLine>

          
          
          <TextLine ID="eSc_line_c7138740"
                    TAGREFS="LT239"
                    BASELINE="98 703 724 712" 
                    HPOS="97"
                    VPOS="660"
                    WIDTH="627"
                    HEIGHT="63">
            <Shape><Polygon POINTS="525 664 524 664 522 664 512 669 508 672 385 672 380 668 369 663 364 663 351 663 299 668 291 668 289 668 280 661 271 661 259 668 258 668 250 667 196 660 191 660 180 660 162 667 160 667 98 667 98 703 97 712 722 723 724 712 722 672 547 673 540 669 526 664 525 664"/></Shape>
	    <String CONTENT="soubdain descẽdra entre leur maĩs?"
                    HPOS="97"
                    VPOS="660"
                    WIDTH="627"
                    HEIGHT="63"></String>
          </TextLine>

          
          
          <TextLine ID="eSc_line_36bac155"
                    TAGREFS="LT239"
                    BASELINE="95 754 231 752 727 761" 
                    HPOS="94"
                    VPOS="704"
                    WIDTH="633"
                    HEIGHT="70">
            <Shape><Polygon POINTS="482 709 481 709 480 709 445 717 364 708 363 708 240 713 184 705 183 705 182 705 162 712 146 704 144 704 143 704 95 712 95 754 94 764 368 764 403 766 478 773 480 773 540 768 559 766 565 768 582 774 583 774 585 774 726 769 727 761 727 723 661 723 659 721 650 715 649 715 647 715 646 715 577 720 567 720 565 720 545 712 544 712 542 712 541 712 513 719 512 719 484 709 482 709"/></Shape>
	    <String CONTENT="Se ilz alleguẽt ce passage: Hoc facite"
                    HPOS="94"
                    VPOS="704"
                    WIDTH="633"
                    HEIGHT="70"></String>
          </TextLine>

          
          
          <TextLine ID="eSc_line_4ea3b5fc"
                    TAGREFS="LT239"
                    BASELINE="95 800 727 806" 
                    HPOS="94"
                    VPOS="757"
                    WIDTH="633"
                    HEIGHT="56">
            <Shape><Polygon POINTS="95 800 94 810 724 813 727 806 726 768 526 761 525 761 493 765 474 768 452 765 405 760 404 760 375 765 364 766 361 765 351 758 349 758 348 758 347 758 345 758 333 765 332 765 319 765 242 758 240 758 239 758 226 764 222 765 214 764 180 757 179 757 178 757 176 757 167 764 166 764 95 764 95 800"/></Shape>
	    <String CONTENT="in meam cõmemorationem. Ce nest pas"
                    HPOS="94"
                    VPOS="757"
                    WIDTH="633"
                    HEIGHT="56"></String>
          </TextLine>

          
          
          <TextLine ID="eSc_line_af4dd9e5"
                    TAGREFS="LT239"
                    BASELINE="95 846 727 854" 
                    HPOS="94"
                    VPOS="801"
                    WIDTH="633"
                    HEIGHT="58">
            <Shape><Polygon POINTS="587 805 550 812 538 813 530 812 512 805 508 805 494 805 484 805 417 809 383 810 375 808 363 804 361 804 348 804 347 802 331 806 312 810 296 806 287 804 285 804 284 804 263 805 228 809 215 805 204 801 202 801 188 801 184 801 156 804 110 808 97 802 95 846 94 853 102 858 103 858 105 858 106 859 726 859 727 854 726 816 622 816 615 813 593 805 587 805"/></Shape>
	    <String CONTENT="respõdu a propos. Car il est tres ma"
                    HPOS="94"
                    VPOS="801"
                    WIDTH="633"
                    HEIGHT="58"></String>
          </TextLine>

          
          
          <TextLine ID="eSc_line_a8b211ce"
                    TAGREFS="LT239"
                    BASELINE="94 891 724 897" 
                    HPOS="93"
                    VPOS="849"
                    WIDTH="631"
                    HEIGHT="58">
            <Shape><Polygon POINTS="94 891 93 898 722 907 724 897 723 855 94 849 94 891"/></Shape>
	    <String CONTENT="nifeste que il ne parle point la/ q̃ il"
                    HPOS="93"
                    VPOS="849"
                    WIDTH="631"
                    HEIGHT="58"></String>
          </TextLine>

          
          
          <TextLine ID="eSc_line_21e4591b"
                    TAGREFS="LT239"
                    BASELINE="98 939 726 945" 
                    HPOS="97"
                    VPOS="893"
                    WIDTH="629"
                    HEIGHT="62">
            <Shape><Polygon POINTS="635 897 634 897 633 897 630 897 629 897 591 905 566 898 558 895 557 895 555 895 554 895 546 898 525 905 452 905 442 898 438 895 437 895 436 895 434 895 433 895 432 895 428 898 418 903 397 898 387 897 385 897 368 899 345 902 335 899 317 894 316 894 315 894 254 899 239 901 238 899 231 894 231 893 230 893 228 893 227 893 148 901 139 901 136 901 114 893 113 893 111 893 110 893 98 898 98 939 97 947 723 955 726 945 722 897 699 906 649 906 637 897 635 897"/></Shape>
	    <String CONTENT="faille sacrifier: mais parle de la co¬"
                    HPOS="97"
                    VPOS="893"
                    WIDTH="629"
                    HEIGHT="62"></String>
          </TextLine>

          
          
          <TextLine ID="eSc_line_d060ebec"
                    TAGREFS="LT239"
                    BASELINE="95 984 726 990" 
                    HPOS="94"
                    VPOS="941"
                    WIDTH="632"
                    HEIGHT="61">
            <Shape><Polygon POINTS="549 943 547 943 546 943 413 949 401 949 395 943 395 942 393 942 392 942 391 942 295 947 275 949 271 947 256 942 255 942 247 941 228 947 227 947 196 941 195 941 95 946 95 984 94 991 723 1002 726 990 726 951 557 951 555 950 550 945 550 943 549 943"/></Shape>
	    <String CONTENT="mestion de ce pain qͥ doibt estre fai¬"
                    HPOS="94"
                    VPOS="941"
                    WIDTH="632"
                    HEIGHT="61"></String>
          </TextLine>

          
          
          <TextLine ID="eSc_line_c9ed3487"
                    TAGREFS="LT239"
                    BASELINE="97 1031 722 1035" 
                    HPOS="95"
                    VPOS="988"
                    WIDTH="627"
                    HEIGHT="54">
            <Shape><Polygon POINTS="97 1031 95 1042 720 1040 722 1035 720 996 371 990 369 990 329 995 316 996 311 995 292 988 291 988 289 988 97 994 97 1031"/></Shape>
	    <String CONTENT="cte en cõmemoration de la charite/"
                    HPOS="95"
                    VPOS="988"
                    WIDTH="627"
                    HEIGHT="54"></String>
          </TextLine>

          
          
          <TextLine ID="eSc_line_bf4196f5"
                    TAGREFS="LT239"
                    BASELINE="94 1079 726 1083" 
                    HPOS="93"
                    VPOS="1032"
                    WIDTH="633"
                    HEIGHT="61">
            <Shape><Polygon POINTS="590 1035 589 1035 587 1035 546 1042 545 1042 534 1035 533 1035 532 1035 530 1035 529 1035 501 1042 494 1043 478 1042 400 1034 399 1034 397 1034 368 1042 363 1043 361 1042 352 1034 351 1034 349 1034 347 1034 333 1034 320 1034 307 1034 299 1032 250 1042 94 1042 94 1079 93 1084 119 1092 121 1092 122 1093 724 1093 726 1083 723 1043 601 1044 598 1042 591 1036 591 1035 590 1035"/></Shape>
	    <String CONTENT="mort ⁊ passiõ de Iesuschrist/ en an¬"
                    HPOS="93"
                    VPOS="1032"
                    WIDTH="633"
                    HEIGHT="61"></String>
          </TextLine>

          
          
          <TextLine ID="eSc_line_0995ec47"
                    TAGREFS="LT239"
                    BASELINE="93 1125 724 1127" 
                    HPOS="90"
                    VPOS="1083"
                    WIDTH="633"
                    HEIGHT="57">
            <Shape><Polygon POINTS="91 1124 90 1131 168 1132 175 1139 175 1140 176 1140 178 1140 179 1140 252 1133 264 1133 720 1140 723 1125 722 1091 630 1091 630 1089 614 1083 613 1083 554 1083 553 1083 551 1083 550 1083 550 1084 545 1088 538 1083 537 1083 536 1083 534 1083 473 1089 470 1089 466 1089 422 1083 421 1083 91 1088 91 1124"/></Shape>
	    <String CONTENT="nonceant icelle (cõme dit S. Paul)"
                    HPOS="90"
                    VPOS="1083"
                    WIDTH="633"
                    HEIGHT="57"></String>
          </TextLine>

          
          
          <TextLine ID="eSc_line_8e324793"
                    TAGREFS="LT239"
                    BASELINE="93 1172 723 1178" 
                    HPOS="91"
                    VPOS="1127"
                    WIDTH="632"
                    HEIGHT="58">
            <Shape><Polygon POINTS="545 1129 532 1129 530 1129 496 1135 480 1129 478 1129 465 1129 457 1129 434 1136 433 1136 430 1136 357 1128 345 1128 332 1128 319 1128 305 1128 292 1128 279 1128 266 1128 259 1128 252 1135 251 1135 247 1135 192 1127 191 1127 190 1127 175 1132 168 1127 159 1127 152 1127 135 1133 133 1133 93 1133 93 1172 91 1185 722 1185 723 1178 722 1140 579 1139 579 1137 549 1129 545 1129"/></Shape>
	    <String CONTENT="iusq̃ a ce qͥl uiẽne/ cest assauoir aper"
                    HPOS="91"
                    VPOS="1127"
                    WIDTH="632"
                    HEIGHT="58"></String>
          </TextLine>

          
          
          <TextLine ID="eSc_line_d8519ff3"
                    TAGREFS="LT239"
                    BASELINE="94 1217 723 1226" 
                    HPOS="93"
                    VPOS="1176"
                    WIDTH="630"
                    HEIGHT="62">
            <Shape><Polygon POINTS="631 1178 565 1184 547 1185 526 1184 453 1176 452 1176 450 1176 434 1181 430 1182 417 1181 368 1176 360 1176 347 1176 325 1180 313 1181 94 1176 94 1217 93 1226 307 1226 309 1228 321 1233 323 1233 324 1233 325 1233 341 1228 347 1226 351 1228 363 1234 364 1234 365 1234 517 1229 538 1229 540 1229 546 1236 546 1237 547 1237 549 1237 550 1237 627 1230 631 1230 633 1230 662 1238 663 1238 665 1238 722 1230 723 1226 722 1188 633 1178 631 1178"/></Shape>
	    <String CONTENT="temẽt ⁊ manifestemẽt au grãd iour"
                    HPOS="93"
                    VPOS="1176"
                    WIDTH="630"
                    HEIGHT="62"></String>
          </TextLine>

          
          
          <TextLine ID="eSc_line_bc1bf3cb"
                    TAGREFS="LT239"
                    BASELINE="97 1265 720 1272" 
                    HPOS="95"
                    VPOS="1221"
                    WIDTH="625"
                    HEIGHT="77">
            <Shape><Polygon POINTS="602 1225 589 1225 575 1225 562 1225 549 1225 536 1224 522 1224 509 1224 506 1224 497 1230 477 1224 469 1224 466 1224 461 1229 454 1222 442 1222 438 1222 388 1230 351 1221 349 1221 337 1221 316 1228 301 1221 300 1221 299 1221 246 1229 244 1229 158 1221 156 1221 155 1221 154 1221 154 1222 147 1229 106 1229 98 1254 97 1265 95 1282 178 1278 195 1286 200 1287 202 1287 203 1287 220 1286 246 1283 260 1286 292 1294 293 1294 295 1294 308 1289 345 1297 347 1298 446 1298 446 1297 448 1297 472 1290 486 1285 573 1282 582 1290 583 1290 585 1290 586 1290 587 1290 609 1283 718 1293 720 1272 719 1234 623 1234 622 1233 602 1225 602 1225"/></Shape>
	    <String CONTENT="du iugemẽt. Et ne se fault tãt arre¬"
                    HPOS="95"
                    VPOS="1221"
                    WIDTH="625"
                    HEIGHT="77"></String>
          </TextLine>

          
        </TextBlock>
        
        <TextBlock HPOS="731"
                   VPOS="1074"
                   WIDTH="152"
                   HEIGHT="91"
                   ID="eSc_textblock_3f30a347"
                   TAGREFS="BT712">
          <Shape><Polygon POINTS="731 1074 731 1165 883 1165 883 1074"/></Shape>
          
          
          <TextLine ID="eSc_line_7f82a6c1"
                    TAGREFS="LT239"
                    BASELINE="732 1129 876 1129" 
                    HPOS="731"
                    VPOS="1079"
                    WIDTH="144"
                    HEIGHT="76">
            <Shape><Polygon POINTS="731 1128 731 1143 784 1140 812 1149 824 1153 825 1153 827 1155 875 1155 875 1128 872 1079 836 1092 790 1092 731 1079 731 1128"/></Shape>
	    <String CONTENT="1.Cor.11."
                    HPOS="731"
                    VPOS="1079"
                    WIDTH="144"
                    HEIGHT="76"></String>
          </TextLine>

          
        </TextBlock>
        
        <TextBlock HPOS="512"
                   VPOS="1272"
                   WIDTH="116"
                   HEIGHT="79"
                   ID="eSc_textblock_b3da35cc"
                   TAGREFS="BT1177">
          <Shape><Polygon POINTS="512 1272 512 1351 628 1351 628 1272"/></Shape>
          
          
          <TextLine ID="eSc_line_204d9dcd"
                    TAGREFS="LT239"
                    BASELINE="531 1317 597 1319" 
                    HPOS="529"
                    VPOS="1269"
                    WIDTH="66"
                    HEIGHT="62">
            <Shape><Polygon POINTS="558 1269 545 1269 544 1269 530 1273 530 1315 529 1327 593 1331 595 1318 595 1277 563 1269 558 1269"/></Shape>
	    <String CONTENT="D"
                    HPOS="529"
                    VPOS="1269"
                    WIDTH="66"
                    HEIGHT="62"></String>
          </TextLine>

          
        </TextBlock>
        

        
      </PrintSpace>
    </Page>
  </Layout>
</alto>
