1092 1595
498 95 288 65 De lassistence

371 164 629 63 ster a ce uerbe substãtif; Sum es est.

376 213 625 58 uoulãt cõclure q̃ la il soit corporel-

372 263 629 52 lemẽt, puis que il a dit; Hoc est corpus

372 308 628 53 meum Car ce uerbe substãtif, cõbien

375 360 630 46 quil soit expres toutesfoys ne preu

371 401 633 54 ue il point presence corporelle; mais

373 443 631 63 bien assistẽce spirituelle, ainsi que il

375 491 630 59 disoit;. La ou deux ou troys sõt assẽ

373 542 629 56 blez en mon nom, la ie suis au mil-

375 586 626 54 lieu de eulx. Il dit expressement in

372 634 630 57 medio eorum sum; et toutesfoys il est

371 676 634 57 bien certain qͥl ne ueult dõner a en-

371 723 634 61 tendre autre chose sinon son assistẽce

377 769 628 63 spirituelle; non pas personnelle ou

375 817 627 53 corporelle, cõme ont presche ces caf-

375 862 629 63 fars q̃ non seulemẽt Iesus christ est

372 910 628 57 la present rcallement en corps ⁊ en

375 954 630 64 ame; mais aussit qui plus est les

375 1003 631 59 anges. sainctz ⁊ sainctes, ⁊ toute la

376 1048 629 55 court celeste. En quoy ilz mõstrẽt to

375 1095 630 60 tallement l efficace derreur ou ilz sõt

377 1143 629 54 tõbez, ⁊ nont point tãt dentẽdemẽt

377 1189 628 60 de cõgnoistre que eulx mesmes se cõ

376 1234 625 77 fondẽt. Car ainsi q̃ par leur dict, ilz

234 707 117 57 mat.is.
