1092 1595
328 85 206 66 corporelle.

102 151 633 57 mettent ⁊ multipliẽt le corps de Ie

102 196 626 67 sus christ en plusieurs lieux tout en

103 243 627 60 ung coup/ ainsi fault il donc q̃ toꝰ

101 289 630 63 les anges/ tous les sainctz ⁊ saĩctes

101 334 630 66 de dieu/ soiẽt en plusieurs lieux tout

102 380 630 67 pour ung tẽps. Et se ilz sõt si eshon

101 427 630 60 tez de le conceder: ie leur demande le

103 477 625 63 passage de la parolle de dieu ou ilz

102 522 628 61 ont trouue cecy? Et cõme ainsi soit

103 566 628 66 quil nen ayent poĩt/ ie les deteste cõe

106 615 596 64 songeurs ⁊ menteurs execrables.

159 659 572 60 Et si on ameyne le .uie. chapitre

105 707 626 65 de sainct Iehan ou il est dit ainsi (a

105 754 626 62 tout le moins poͬ le corps de Iesus

105 796 619 69 christ) Ie suis le pain uiuãt qui est

105 845 625 64 descendu du ciel. Si aucun mãge de

106 890 626 65 ce pain il uiura eternellemẽt. Et le

107 937 628 63 pain q̃ ie dõneray est ma chair pour

105 986 627 54 la uie du monde. Puis apres il dit:

107 1027 625 65 Se uous ne mãgez la chair du filz

106 1080 624 57 de lhõme/ et se uous ne beuuez son

109 1119 623 69 sãg/ uoꝰ ne aurez point uie en uoꝰ.

111 1168 617 68 Qui mange ma chair/ et boyt mon

113 1214 622 77 sang il a uie eternelle ⁊ ie le resusci¬

743 792 118 61 Ioã.6.

540 1261 99 68 D .ii.
