<?xml version="1.0" encoding="UTF-8"?>
<alto xmlns:xsi="http://www.w3.org/2001/XMLSchema-instance"
      xmlns="http://www.loc.gov/standards/alto/ns-v4#"
      xsi:schemaLocation="http://www.loc.gov/standards/alto/ns-v4# http://www.loc.gov/standards/alto/v4/alto-4-2.xsd">
  <Description>
    <MeasurementUnit>pixel</MeasurementUnit>
    <sourceImageInformation>
      <fileName>53_623ac_default.jpg</fileName>
      <fileIdentifier>https://www.e-rara.ch/nev_r/i3f/v20/11399790/full/full/0/default.jpg</fileIdentifier>
    </sourceImageInformation>
  </Description>
  
  <Tags>
    <OtherTag ID="BT710" LABEL="DropCapitalZone" DESCRIPTION="block type DropCapitalZone"/><OtherTag ID="BT711" LABEL="MainZone" DESCRIPTION="block type MainZone"/><OtherTag ID="BT712" LABEL="MarginTextZone" DESCRIPTION="block type MarginTextZone"/><OtherTag ID="BT797" LABEL="TitlePageZone" DESCRIPTION="block type TitlePageZone"/><OtherTag ID="BT799" LABEL="StampZone" DESCRIPTION="block type StampZone"/><OtherTag ID="BT801" LABEL="GraphicZone" DESCRIPTION="block type GraphicZone"/><OtherTag ID="BT1176" LABEL="MarginTextZone:handwrittenAddition" DESCRIPTION="block type MarginTextZone:handwrittenAddition"/><OtherTag ID="BT1177" LABEL="QuireMarksZone" DESCRIPTION="block type QuireMarksZone"/>
    <OtherTag ID="LT238" LABEL="DropCapitalLine" DESCRIPTION="line type DropCapitalLine"/><OtherTag ID="LT239" LABEL="DefaultLine" DESCRIPTION="line type DefaultLine"/><OtherTag ID="LT256" LABEL="HeadingLine" DESCRIPTION="line type HeadingLine"/>
  </Tags>
  
  <Layout>
    <Page WIDTH="1092"
          HEIGHT="1595"
          PHYSICAL_IMG_NR="53"
          ID="eSc_dummypage_">
      <PrintSpace HPOS="0"
                  VPOS="0"
                  WIDTH="1092"
                  HEIGHT="1595">
        
        <TextBlock HPOS="365"
                   VPOS="80"
                   WIDTH="639"
                   HEIGHT="1227"
                   ID="eSc_textblock_b571002f"
                   TAGREFS="BT711">
          <Shape><Polygon POINTS="365 80 366 1306 1004 1307 1001 88"/></Shape>
          
          
          <TextLine ID="eSc_line_f7d30581"
                    TAGREFS="LT256"
                    BASELINE="537 147 825 150" 
                    HPOS="536"
                    VPOS="95"
                    WIDTH="289"
                    HEIGHT="69">
            <Shape><Polygon POINTS="803 105 790 105 742 105 740 102 736 102 723 102 710 101 696 101 683 101 670 99 659 99 657 101 654 102 654 101 651 98 643 98 630 98 626 98 619 101 614 102 601 101 577 97 563 95 550 95 537 106 537 147 536 155 549 163 550 163 551 163 553 163 626 155 635 163 637 163 638 163 681 164 682 164 754 156 810 163 811 163 812 163 814 163 824 155 825 150 824 110 816 105"/></Shape>
	    <String CONTENT="De lassistence"
                    HPOS="536"
                    VPOS="95"
                    WIDTH="289"
                    HEIGHT="69"></String>
          </TextLine>

          
          
          <TextLine ID="eSc_line_30ea91cd"
                    TAGREFS="LT239"
                    BASELINE="368 213 1001 210" 
                    HPOS="367"
                    VPOS="166"
                    WIDTH="634"
                    HEIGHT="55">
            <Shape><Polygon POINTS="992 179 978 178 965 176 952 176 939 175 925 174 912 174 899 172 885 171 872 171 859 170 855 166 844 166 843 166 807 172 790 166 788 166 787 166 786 166 763 174 760 174 603 167 602 167 601 167 574 175 573 175 561 175 454 171 446 171 433 172 420 172 407 172 393 174 380 174 369 174 367 175 368 213 368 219 1000 221 1001 210 998 179 992 179"/></Shape>
	    <String CONTENT="teray au dernier iour. Car ma chair"
                    HPOS="367"
                    VPOS="166"
                    WIDTH="634"
                    HEIGHT="55"></String>
          </TextLine>

          
          
          <TextLine ID="eSc_line_741c41b4"
                    TAGREFS="LT239"
                    BASELINE="372 260 998 257" 
                    HPOS="371"
                    VPOS="212"
                    WIDTH="627"
                    HEIGHT="55">
            <Shape><Polygon POINTS="770 212 759 212 724 219 690 212 690 212 677 212 674 212 621 221 595 221 587 213 587 212 586 212 585 212 583 212 529 220 505 213 504 213 492 213 473 219 417 213 410 213 397 213 396 213 371 221 372 260 372 265 996 267 998 257 996 220 889 212 888 212 887 212 885 212 875 220 784 220 772 212 770 212"/></Shape>
	    <String CONTENT="est ueritablemẽt uiande; ⁊ mõ sang"
                    HPOS="371"
                    VPOS="212"
                    WIDTH="627"
                    HEIGHT="55"></String>
          </TextLine>

          
          
          <TextLine ID="eSc_line_f7191936"
                    TAGREFS="LT239"
                    BASELINE="372 307 1000 307" 
                    HPOS="372"
                    VPOS="260"
                    WIDTH="628"
                    HEIGHT="61">
            <Shape><Polygon POINTS="674 260 673 260 671 260 661 268 639 261 638 261 637 261 601 268 599 268 555 260 554 260 553 260 536 268 509 260 508 260 506 260 505 260 504 260 492 268 473 260 472 260 465 260 452 260 438 260 425 260 412 260 407 260 405 260 404 260 372 268 372 307 372 312 399 320 400 320 401 320 403 320 404 320 412 313 445 320 446 320 448 320 449 320 457 313 571 313 579 320 581 320 582 320 583 321 673 321 673 320 674 320 687 313 730 320 731 321 977 321 977 320 978 320 1000 312 1000 307 1000 268 962 260 961 260 925 268 923 268 919 268 892 260 891 260 889 260 888 260 887 260 875 268 872 269 719 269 716 268 675 260 674 260"/></Shape>
	    <String CONTENT="est ueritablement breuuage. A ceste"
                    HPOS="372"
                    VPOS="260"
                    WIDTH="628"
                    HEIGHT="61"></String>
          </TextLine>

          
          
          <TextLine ID="eSc_line_1b56f953"
                    TAGREFS="LT239"
                    BASELINE="371 350 1000 353" 
                    HPOS="369"
                    VPOS="308"
                    WIDTH="631"
                    HEIGHT="57">
            <Shape><Polygon POINTS="708 308 707 308 690 315 686 315 681 313 647 308 637 308 629 308 593 313 591 313 590 313 571 308 570 308 557 308 544 308 530 308 525 308 371 312 371 350 369 356 444 364 445 365 998 365 1000 353 998 316 710 308 708 308"/></Shape>
	    <String CONTENT="allegatiõ ie respondz, que en tout ce"
                    HPOS="369"
                    VPOS="308"
                    WIDTH="631"
                    HEIGHT="57"></String>
          </TextLine>

          
          
          <TextLine ID="eSc_line_383951ff"
                    TAGREFS="LT239"
                    BASELINE="373 397 1000 400" 
                    HPOS="372"
                    VPOS="352"
                    WIDTH="628"
                    HEIGHT="62">
            <Shape><Polygon POINTS="759 353 746 353 732 353 728 353 719 356 704 360 696 356 691 352 679 352 671 352 635 356 615 358 613 356 607 352 599 352 586 352 573 352 559 352 546 352 540 352 513 357 504 358 502 357 494 352 493 352 484 352 468 357 462 358 452 357 410 352 409 352 373 357 373 397 372 405 389 413 391 413 392 413 393 413 420 406 434 413 436 413 437 413 704 408 714 414 715 414 716 414 718 414 719 414 735 408 755 414 756 414 758 414 759 414 782 408 844 408 851 413 851 414 852 414 853 414 855 414 856 414 868 408 876 414 877 414 879 414 880 414 998 406 1000 400 997 354 779 360 774 356 771 353 759 353"/></Shape>
	    <String CONTENT="chapitre, Iesus christ se manifeste ⁊"
                    HPOS="372"
                    VPOS="352"
                    WIDTH="628"
                    HEIGHT="62"></String>
          </TextLine>

          
          
          <TextLine ID="eSc_line_71d52dc2"
                    TAGREFS="LT239"
                    BASELINE="373 442 1000 447" 
                    HPOS="372"
                    VPOS="398"
                    WIDTH="628"
                    HEIGHT="61">
            <Shape><Polygon POINTS="841 400 840 400 818 406 814 408 811 406 798 400 796 400 786 400 772 400 759 400 746 400 732 400 719 400 706 400 695 400 694 400 692 400 691 400 691 401 686 405 684 406 679 405 653 398 651 398 650 398 614 404 599 408 546 408 541 404 533 398 533 398 524 398 513 404 509 405 373 402 373 442 372 449 529 457 530 457 671 451 684 451 686 451 699 458 700 458 702 458 811 453 812 453 841 459 843 459 844 459 998 453 1000 447 1000 409 970 401 969 401 968 401 966 401 947 408 945 408 915 401 913 401 912 401 911 401 901 408 899 409 887 408 843 400 841 400"/></Shape>
	    <String CONTENT="dõne a cõgnoistre tel qͥl est ⁊ estoit."
                    HPOS="372"
                    VPOS="398"
                    WIDTH="628"
                    HEIGHT="61"></String>
          </TextLine>

          
          
          <TextLine ID="eSc_line_41a371f5"
                    TAGREFS="LT239"
                    BASELINE="412 493 1000 490" 
                    HPOS="410"
                    VPOS="446"
                    WIDTH="590"
                    HEIGHT="60">
            <Shape><Polygon POINTS="996 447 982 447 969 447 956 447 943 447 929 447 916 447 903 447 889 447 876 447 863 447 849 447 845 446 429 446 428 446 426 446 410 453 412 493 412 499 567 499 569 499 582 506 583 506 585 506 617 499 619 499 622 499 684 506 686 506 687 506 702 499 706 498 710 499 727 505 728 505 730 505 755 499 764 498 783 499 836 505 837 505 1000 499 1000 490 997 447 996 447"/></Shape>
	    <String CONTENT="Oultre, uouloit oster la folle at-"
                    HPOS="410"
                    VPOS="446"
                    WIDTH="590"
                    HEIGHT="60"></String>
          </TextLine>

          
          
          <TextLine ID="eSc_line_0a67363a"
                    TAGREFS="LT239"
                    BASELINE="369 536 998 539" 
                    HPOS="368"
                    VPOS="493"
                    WIDTH="630"
                    HEIGHT="58">
            <Shape><Polygon POINTS="368 543 391 551 392 551 393 551 997 548 998 539 998 502 589 502 562 495 555 494 554 494 549 495 524 501 516 494 514 494 513 494 449 494 442 494 441 494 405 501 371 493 369 536 368 543"/></Shape>
	    <String CONTENT="tente de aucuns paoures aueugles"
                    HPOS="368"
                    VPOS="493"
                    WIDTH="630"
                    HEIGHT="58"></String>
          </TextLine>

          
          
          <TextLine ID="eSc_line_6f38bdc9"
                    TAGREFS="LT239"
                    BASELINE="369 586 998 586" 
                    HPOS="369"
                    VPOS="548"
                    WIDTH="629"
                    HEIGHT="47">
            <Shape><Polygon POINTS="369 586 369 591 997 595 998 586 998 548 369 548 369 586"/></Shape>
	    <String CONTENT="qui le suyuoiẽt, nõ pour autre chose"
                    HPOS="369"
                    VPOS="548"
                    WIDTH="629"
                    HEIGHT="47"></String>
          </TextLine>

          
          
          <TextLine ID="eSc_line_155ebb95"
                    TAGREFS="LT239"
                    BASELINE="368 630 998 632" 
                    HPOS="367"
                    VPOS="592"
                    WIDTH="631"
                    HEIGHT="52">
            <Shape><Polygon POINTS="368 630 367 640 996 644 998 632 997 594 368 592 368 630"/></Shape>
	    <String CONTENT="sinon pẽsantz qui les nourriroit cor"
                    HPOS="367"
                    VPOS="592"
                    WIDTH="631"
                    HEIGHT="52"></String>
          </TextLine>

          
          
          <TextLine ID="eSc_line_c236dea9"
                    TAGREFS="LT239"
                    BASELINE="368 676 997 676" 
                    HPOS="368"
                    VPOS="636"
                    WIDTH="629"
                    HEIGHT="52">
            <Shape><Polygon POINTS="368 676 368 688 997 685 997 676 996 636 368 639 368 676"/></Shape>
	    <String CONTENT="porellemẽt sãs plꝰ labourer ; pour-"
                    HPOS="368"
                    VPOS="636"
                    WIDTH="629"
                    HEIGHT="52"></String>
          </TextLine>

          
          
          <TextLine ID="eSc_line_99363243"
                    TAGREFS="LT239"
                    BASELINE="374 717 1000 721" 
                    HPOS="372"
                    VPOS="676"
                    WIDTH="626"
                    HEIGHT="60">
            <Shape><Polygon POINTS="508 676 506 676 505 676 373 681 373 716 372 725 396 733 397 733 399 733 561 728 790 736 791 736 997 729 998 720 997 679 916 685 883 679 880 679 879 679 877 679 876 679 855 685 646 685 642 680 639 679 639 677 638 677 637 677 635 677 562 681 520 683 516 681 509 676 508 676"/></Shape>
	    <String CONTENT="tãt qͥl les auoit nourryz par la mul-"
                    HPOS="372"
                    VPOS="676"
                    WIDTH="626"
                    HEIGHT="60"></String>
          </TextLine>

          
          
          <TextLine ID="eSc_line_09aa3b77"
                    TAGREFS="LT239"
                    BASELINE="373 766 998 769" 
                    HPOS="371"
                    VPOS="724"
                    WIDTH="626"
                    HEIGHT="56">
            <Shape><Polygon POINTS="372 765 371 780 996 778 997 768 996 733 828 725 827 725 825 725 824 725 815 732 814 733 687 733 682 732 654 724 653 724 651 724 650 724 633 731 581 724 579 724 372 729 372 765"/></Shape>
	    <String CONTENT="tiplication de cinq pains une foys"
                    HPOS="371"
                    VPOS="724"
                    WIDTH="626"
                    HEIGHT="56"></String>
          </TextLine>

          
          
          <TextLine ID="eSc_line_47202390"
                    TAGREFS="LT239"
                    BASELINE="368 812 998 816" 
                    HPOS="367"
                    VPOS="770"
                    WIDTH="631"
                    HEIGHT="56">
            <Shape><Polygon POINTS="368 812 367 820 383 826 384 826 385 826 997 822 998 816 998 780 936 773 935 773 933 773 932 773 923 778 920 781 841 781 837 778 824 773 823 773 821 773 820 773 802 778 796 780 792 778 780 772 779 772 778 772 776 772 754 778 751 778 744 772 743 772 742 772 740 772 682 778 670 778 657 777 578 770 577 770 575 770 559 777 532 770 530 770 529 770 528 770 526 770 520 777 518 777 496 770 494 770 493 770 368 776 368 812"/></Shape>
	    <String CONTENT="et de sept a l autre, aux desers. Les"
                    HPOS="367"
                    VPOS="770"
                    WIDTH="631"
                    HEIGHT="56"></String>
          </TextLine>

          
          
          <TextLine ID="eSc_line_c7f1f154"
                    TAGREFS="LT239"
                    BASELINE="371 859 998 865" 
                    HPOS="369"
                    VPOS="816"
                    WIDTH="629"
                    HEIGHT="57">
            <Shape><Polygon POINTS="371 859 369 865 996 873 998 865 998 820 936 820 935 820 933 820 932 820 923 826 859 820 843 818 841 818 840 818 836 820 823 825 675 821 525 816 524 816 522 816 504 821 497 822 371 822 371 859"/></Shape>
	    <String CONTENT="autres cõe il appert au mesme cha-"
                    HPOS="369"
                    VPOS="816"
                    WIDTH="629"
                    HEIGHT="57"></String>
          </TextLine>

          
          
          <TextLine ID="eSc_line_61211fd9"
                    TAGREFS="LT239"
                    BASELINE="372 909 998 911" 
                    HPOS="371"
                    VPOS="862"
                    WIDTH="627"
                    HEIGHT="56">
            <Shape><Polygon POINTS="708 863 707 863 700 866 688 870 684 866 683 863 682 863 682 862 678 862 658 866 641 869 621 866 593 862 591 862 372 867 372 909 371 918 997 915 998 911 996 863 977 870 779 865 710 863 708 863"/></Shape>
	    <String CONTENT="pitre le estimoiẽt silz de Ioscph; ⁊"
                    HPOS="371"
                    VPOS="862"
                    WIDTH="627"
                    HEIGHT="56"></String>
          </TextLine>

          
          
          <TextLine ID="eSc_line_7388969f"
                    TAGREFS="LT239"
                    BASELINE="372 954 998 954" 
                    HPOS="372"
                    VPOS="910"
                    WIDTH="626"
                    HEIGHT="58">
            <Shape><Polygon POINTS="504 910 502 910 501 910 492 917 484 910 482 910 481 910 480 910 478 910 477 910 466 918 372 918 372 954 372 968 436 968 436 967 437 967 438 967 438 966 445 960 476 967 477 967 478 967 500 960 997 967 998 954 998 918 505 910 504 910"/></Shape>
	    <String CONTENT="par ainsi le contẽnoiẽt, sans estimer"
                    HPOS="372"
                    VPOS="910"
                    WIDTH="626"
                    HEIGHT="58"></String>
          </TextLine>

          
          
          <TextLine ID="eSc_line_684caa81"
                    TAGREFS="LT239"
                    BASELINE="369 999 998 1003" 
                    HPOS="368"
                    VPOS="955"
                    WIDTH="630"
                    HEIGHT="61">
            <Shape><Polygon POINTS="795 955 782 955 768 955 758 955 692 960 686 960 682 960 654 955 649 955 635 955 622 955 609 955 595 955 582 955 575 955 369 958 369 999 368 1007 550 1014 551 1014 553 1014 554 1014 558 1011 563 1007 569 1011 575 1015 577 1015 578 1015 579 1015 651 1012 728 1008 735 1014 736 1015 738 1015 739 1015 740 1015 755 1014 782 1010 795 1014 803 1016 804 1016 806 1016 851 1015 965 1010 994 1016 998 1003 998 963 807 955 795 955"/></Shape>
	    <String CONTENT="rien de luy, sinõ qu il fust homme, ⁊"
                    HPOS="368"
                    VPOS="955"
                    WIDTH="630"
                    HEIGHT="61"></String>
          </TextLine>

          
          
          <TextLine ID="eSc_line_d699c4b3"
                    TAGREFS="LT239"
                    BASELINE="371 1047 998 1047" 
                    HPOS="371"
                    VPOS="1003"
                    WIDTH="627"
                    HEIGHT="55">
            <Shape><Polygon POINTS="996 1015 986 1006 974 1003 973 1003 972 1003 970 1003 944 1010 565 1003 563 1003 562 1003 544 1010 536 1003 534 1003 533 1003 532 1003 530 1003 518 1010 508 1003 506 1003 505 1003 504 1003 502 1003 474 1010 458 1003 457 1003 456 1003 454 1003 428 1010 403 1003 401 1003 400 1003 399 1003 371 1010 371 1047 371 1054 997 1058 998 1047 998 1015 996 1015"/></Shape>
	    <String CONTENT="rien de diuinite en luy ne recõgnois-"
                    HPOS="371"
                    VPOS="1003"
                    WIDTH="627"
                    HEIGHT="55"></String>
          </TextLine>

          
          
          <TextLine ID="eSc_line_d88a31df"
                    TAGREFS="LT239"
                    BASELINE="372 1091 996 1095" 
                    HPOS="371"
                    VPOS="1050"
                    WIDTH="625"
                    HEIGHT="58">
            <Shape><Polygon POINTS="372 1091 371 1100 993 1108 996 1095 994 1050 372 1051 372 1091"/></Shape>
	    <String CONTENT="soiẽt. Laq̃lle seule deite poeut rassa-"
                    HPOS="371"
                    VPOS="1050"
                    WIDTH="625"
                    HEIGHT="58"></String>
          </TextLine>

          
          
          <TextLine ID="eSc_line_93dd86ff"
                    TAGREFS="LT239"
                    BASELINE="366 1139 999 1143" 
                    HPOS="364"
                    VPOS="1096"
                    WIDTH="634"
                    HEIGHT="57">
            <Shape><Polygon POINTS="365 1137 364 1144 375 1151 376 1151 377 1151 379 1151 437 1144 452 1151 453 1151 454 1152 557 1152 557 1151 558 1151 570 1144 577 1151 578 1151 579 1151 581 1151 626 1145 653 1152 654 1152 655 1152 719 1145 861 1153 863 1153 997 1147 998 1141 998 1107 968 1099 966 1099 965 1099 935 1105 933 1105 888 1099 887 1099 760 1104 742 1097 740 1097 739 1097 674 1104 667 1104 653 1104 485 1096 484 1096 365 1101 365 1137"/></Shape>
	    <String CONTENT="sier et nourrir noz ames et esperitz."
                    HPOS="364"
                    VPOS="1096"
                    WIDTH="634"
                    HEIGHT="57"></String>
          </TextLine>

          
          
          <TextLine ID="eSc_line_70deeba5"
                    TAGREFS="LT239"
                    BASELINE="372 1184 997 1188" 
                    HPOS="371"
                    VPOS="1141"
                    WIDTH="626"
                    HEIGHT="55">
            <Shape><Polygon POINTS="917 1143 904 1143 895 1143 875 1147 855 1149 832 1147 807 1143 798 1143 788 1143 762 1147 744 1148 735 1147 720 1143 718 1143 704 1143 702 1143 694 1147 688 1149 626 1149 614 1147 589 1141 585 1141 571 1141 569 1141 563 1147 561 1148 424 1148 421 1147 413 1141 412 1141 399 1141 395 1141 372 1145 372 1184 371 1196 996 1196 997 1188 996 1147 925 1143 917 1143"/></Shape>
	    <String CONTENT="Parquoy affin qu ilz ne p̃tendissent"
                    HPOS="371"
                    VPOS="1141"
                    WIDTH="626"
                    HEIGHT="55"></String>
          </TextLine>

          
          
          <TextLine ID="eSc_line_a74ac355"
                    TAGREFS="LT239"
                    BASELINE="371 1229 997 1233" 
                    HPOS="369"
                    VPOS="1186"
                    WIDTH="628"
                    HEIGHT="56">
            <Shape><Polygon POINTS="371 1229 369 1238 994 1242 997 1233 994 1189 892 1197 798 1197 792 1189 791 1189 791 1188 790 1188 788 1188 738 1188 736 1188 735 1188 734 1188 731 1190 726 1194 541 1194 534 1192 518 1186 517 1186 516 1186 514 1186 502 1192 498 1193 486 1192 448 1186 446 1186 371 1192 371 1229"/></Shape>
	    <String CONTENT="aucune ignorance, ⁊ q̃ ilz ne eussent"
                    HPOS="369"
                    VPOS="1186"
                    WIDTH="628"
                    HEIGHT="56"></String>
          </TextLine>

          
          
          <TextLine ID="eSc_line_bf51f22f"
                    TAGREFS="LT239"
                    BASELINE="372 1276 990 1281" 
                    HPOS="371"
                    VPOS="1237"
                    WIDTH="619"
                    HEIGHT="73">
            <Shape><Polygon POINTS="372 1276 371 1295 464 1305 465 1305 466 1305 489 1298 506 1293 518 1298 534 1306 536 1306 537 1307 615 1307 615 1306 617 1306 618 1306 626 1301 637 1294 679 1294 719 1302 740 1306 742 1306 743 1306 744 1306 750 1302 760 1295 782 1302 783 1302 784 1302 786 1302 806 1295 829 1295 841 1305 847 1309 848 1309 849 1309 851 1310 889 1310 889 1309 891 1309 892 1309 892 1307 896 1305 903 1298 916 1306 923 1309 924 1309 925 1309 989 1306 990 1281 989 1242 372 1237 372 1276"/></Shape>
	    <String CONTENT="excuse de peche, il le disoit; Ie suis"
                    HPOS="371"
                    VPOS="1237"
                    WIDTH="619"
                    HEIGHT="73"></String>
          </TextLine>

          
        </TextBlock>
        
        <TextBlock HPOS="213"
                   VPOS="666"
                   WIDTH="153"
                   HEIGHT="73"
                   ID="eSc_textblock_2b1c92f5"
                   TAGREFS="BT712">
          <Shape><Polygon POINTS="213 671 218 739 366 737 366 666"/></Shape>
          
          
          <TextLine ID="eSc_line_3bd37897"
                    TAGREFS="LT239"
                    BASELINE="234 727 360 725" 
                    HPOS="231"
                    VPOS="677"
                    WIDTH="128"
                    HEIGHT="59">
            <Shape><Polygon POINTS="232 725 232 731 357 736 359 724 356 685 299 677 297 677 296 677 273 685 254 677 252 677 251 677 250 677 231 684 232 725"/></Shape>
	    <String CONTENT="Soan.s."
                    HPOS="231"
                    VPOS="677"
                    WIDTH="128"
                    HEIGHT="59"></String>
          </TextLine>

          
          
          <TextLine ID="eSc_line_d91403e2"
                    TAGREFS="LT239"
                    BASELINE="229 764 360 762" 
                    HPOS="227"
                    VPOS="721"
                    WIDTH="132"
                    HEIGHT="64">
            <Shape><Polygon POINTS="320 725 307 725 293 725 280 725 267 725 254 725 240 725 239 721 227 721 228 762 228 777 307 776 356 785 359 761 356 727 323 725 320 725"/></Shape>
	    <String CONTENT="matt.is"
                    HPOS="227"
                    VPOS="721"
                    WIDTH="132"
                    HEIGHT="64"></String>
          </TextLine>

          
          
          <TextLine ID="eSc_line_c93fb380"
                    TAGREFS="LT239"
                    BASELINE="236 810 313 810" 
                    HPOS="236"
                    VPOS="768"
                    WIDTH="77"
                    HEIGHT="58">
            <Shape><Polygon POINTS="236 810 238 826 267 817 312 822 313 810 313 773 236 768 236 810"/></Shape>
	    <String CONTENT="s.i&#39;."
                    HPOS="236"
                    VPOS="768"
                    WIDTH="77"
                    HEIGHT="58"></String>
          </TextLine>

          
        </TextBlock>
        
        <TextBlock HPOS="221"
                   VPOS="736"
                   WIDTH="148"
                   HEIGHT="86"
                   ID="eSc_textblock_cf17e7e8"
                   TAGREFS="BT712">
          <Shape><Polygon POINTS="226 822 221 737 369 736 369 822"/></Shape>
          
        </TextBlock>
        

        
      </PrintSpace>
    </Page>
  </Layout>
</alto>
