1092 1595
327 101 214 61 corporelle.

105 158 633 63 le pain uiuant qui est descendu du

105 213 629 50 ciel; c est adire par la seule misericor-

105 255 630 60 de de mõ pere, sans aucun merite de

103 305 629 53 creature. Il disoit donc; Ie suis le

102 346 626 55 pain uiuãt qui est descendu du ciel-

102 394 616 59 cõme si appertemẽt il leur eust dit;

101 442 631 57 Contẽnez moy au dehors tant que

105 490 625 56 uous uouldrez, si suys ie autre que

105 532 626 62 uoꝰ ne pẽsez Uous uoyez le corps

101 579 630 57 au dehors que uous contẽnez; mais

97 626 617 58 en iceluy habite la plenitude de diu

102 676 618 57 nite. Pourtant il sensuyt, le pain q̃

101 716 627 56 ie dõneray est ma chair pour la uie

101 765 627 59 du monde. Ce que il a grandement

101 812 623 57 accomply par sa mort, en laquelle,

102 857 626 57 pour nous uiuifier il s est uoluntai

101 905 626 54 rement dõne en sacrifice parfaict, se

102 954 626 52 offrant d ung ardent coeur pour nr̃e

102 998 626 50 redemption a son pere. Et tres pro-

102 1047 628 56 prement il appelle sa chair pain du

98 1089 630 60 ciel ⁊ pain uiuant, pourtãt que luy

99 1136 607 60 et son pere sont une mesme chose.

101 1181 627 59 En laquelle signification, le sainct

102 1229 624 73 apostre appelle Iesus Christ hõme

739 632 118 80 colosa.

735 1091 112 79 Ioã.io.

517 1283 122 62 D iii
