1092 1595
525 106 300 68 De lassistence

380 163 630 66 celeste. Car autrement il ne seroit

380 213 630 64 point nr̃e uie ⁊ nourriture. Et tout

379 261 629 65 ainsi que le pain n est point faict poͬ

381 309 629 64 soymesme; mais pour la nourriture

380 358 633 63 d autruy, aussi Iesus Christ uerita

380 404 632 59 ble filz de dieu est faict hõme pour

379 445 631 65 nostre redẽption ⁊ uie, cõe il est dit;

380 503 630 53 Uerbum caro factum est Uoyre si par

383 540 627 67 uiue foy asseuree ⁊ certaine ꝯfidẽce-

381 588 627 61 nous sommes unyz ⁊ ioinctz a luy.

433 634 581 59 Lintelligẽce donc ueritable ⁊ sen

384 677 626 67 tence tres certaine de ce chapitre est-

384 725 628 59 nõ point de la comestiõ corporelle ⁊

384 776 629 54 charnelle; mais de la comestion spi-

381 821 632 60 rituelle qui se faict par uiue, entiere

388 865 625 66 ⁊ ferme foy, qui nous unist incorpo

384 913 629 62 re ⁊ cõioinct a Iesus Christ, qͥ nous

387 957 627 66 faict gouster sa saincte parolle. Cõ-

384 1004 634 64 me luy mesme declaire en iceluy pas

387 1052 627 57 sage ou il dit; Les parolles que ie

383 1099 629 61 parle sont esperit ⁊ uie. La chair ne

388 1144 626 64 prouffite de rien; cest adire la chair

387 1197 629 56 mangee et aualee en son uentre ou

389 1237 625 72 estomachimais bien elle a puffite a

232 178 141 65 i. cori.is.

240 527 119 57 oan..

234 1111 150 63 goan.s.
