1092 1595
341 79 206 72 corporelle.

110 142 632 69 la croix attachee/ ⁊ au seigñr dieu of

111 190 627 67 ferte ⁊ sacrifiee. Car certes la chair

109 236 634 65 mangee ne nourrist point lame. Et

102 288 638 58 de dire quelle fust la nourriture du

111 332 631 64 corps/ ce seroit trop ridiculeusemẽt

113 373 630 70 parle. Et fault necessairemẽt entẽ¬

113 422 626 69 dre ce chapitre ainsi que cy dessus est

114 469 626 63 dit. Uoyre sil ne plaist aux aduer¬

115 518 625 62 saires faire Iesus Christ menteur

115 562 627 68 pour deffendre leur fantasie. Ce que

117 607 626 68 par le mesme chapitre il est facile de

117 655 625 69 efficacement mõstrer/ si ung peu le

121 704 411 62 uous plaist considerer.

166 745 580 69 En ung passage il dit aĩsi: Qui

118 794 628 67 croyt en moy a la uie eternelle/ et le

118 848 624 58 ressusciteray au dernier iour. En

110 889 634 66 lautre passage il dit: Qui mange

119 937 629 61 ma chair ⁊ boit mon sang a la uie

121 980 627 60 eternelle/ ⁊ le resusciteray au dernier

121 1024 627 69 iour. En quoy on uoit manifeste¬

121 1071 629 69 mẽt que par ces deux passages est

123 1117 635 69 simplemẽt dit/ une mesme chose de

123 1169 627 63 la foy/ ⁊ de ce mãger/ ⁊ que croire en

130 1209 622 88 Iesuchrist/ uenir a Iesuchrist/ le mã

755 175 136 65 Mẽs ue

748 236 145 51 sci corpo

743 275 141 65 re nescit.

754 891 139 76 Ioan.6.

512 1260 126 63 D .iiii.
