1092 1595
522 90 292 69 De lassistence

371 155 638 69 ger ⁊ boyre, c est tout ung. Autremẽt

369 210 639 59 la premiere ꝓposition. c estascauoir

371 251 638 68 q̃ quiconque croyt en Iesus christ a

369 297 637 60 la uie cternelle scroit faulcee, par

371 342 630 68 ceste tierce qui ensuyt. En uerite en

372 389 633 58 uerite ie uous dis se uous ne man-

369 437 632 65 gez la chair du filz de l hõme ⁊ se uoꝰ

365 485 635 65 ne beuuez son sang, uous ne aurez

371 530 631 61 point uie en uoꝰ. Et toutesfoys par

368 576 629 62 auãt il afferme, q̃ quicõque croyt en

367 624 634 63 luy a la uie eternelle. Parquoy il

361 664 640 69 sensuit infalliblemẽt que mãger la

367 713 633 69 chair ⁊ boire le sang de Iesus christ-

365 762 632 62 uenir a luy, ⁊ croire en luy, c est to-

363 808 634 63 tallemẽt une mesme chose. Et n est

363 857 631 65 hõme uiuãt tant soit subtil ⁊ fin .si

363 899 630 65 du tout n est hors du sens qui sceust

361 947 631 67 dire du contraire. Et qui soit uray-

360 995 630 57 combien de milles denfans, ieunes-

361 1039 631 65 adolescẽs ⁊ autres persõnages ont

361 1087 624 68 este, sont, ⁊ seront en uic eternelle, qͥ

360 1135 629 62 iamais corporellemẽt ne mangerẽt

361 1178 628 67 de ce pain uisible, n y ne beurent de

364 1228 618 77 ce calicet Et toutesfoys la proposi-
