1092 1595
320 101 210 62 corporelle.

99 162 627 62 tion est gencralle quand il dit; En

101 208 625 57 uerite ie uous dis se uoꝰ ne mãgez

95 253 632 64 la chair du filz de lhõme, ⁊ se uoꝰ ne

95 304 632 60 beuuez son sang uous n aurez point

98 348 628 62 uie en uoꝰ. Parquoy il est necessai-

93 397 634 57 re de prendre ⁊ entendre ce passage,

93 441 633 62 non point de la comestion uisible et

91 493 627 53 exteriore, mais de la comestion inui

97 535 526 56 sible, qui est par foy interiore.

143 582 577 54 S. Augustin a bien entendu cecy

94 630 628 55 quand en parlant de Iesus christ ⁊

94 673 626 63 des Iuifz il a ainsi escript. glli pu-

93 724 627 46 tabãt erogaturum corpus sull; qlle dioit

91 764 625 53 se ascensurum in celum, utiqz integrum.

90 808 630 50 Cli uideritis silili hominis, ascendentem

90 845 630 54 ubi erat prius certe uel tũc intelligetis qr

90 893 622 49 non eo modo quo putatis erogat corpus

93 927 618 51 suli, uel tunc intelligetis quia gratia eiue

93 968 619 48 non cõsumitur morsibus. Gtem, donec si-

90 1008 629 55 niatur seculum sursum dñs est; sed tamẽ

90 1051 626 54 bic nobiscum est ueritas dñi. Corpꝰ enim

90 1095 628 53 in quo resurrexit in uno loco esse oportet,

90 1137 613 53 ueritas qutem eius ubiqz diffusa est.

89 1182 631 58 Cest adire, Les Iuifz pensoient que

93 1232 622 81 Iesus christ leur bailleroit sõ corps̃

739 402 130 61 Qon sie

738 455 139 43 mandu-

734 493 134 63 cãt iniq̃.

730 816 127 58 De osec.

728 866 131 48 difil.⁊. C.

731 906 113 51 Prima

727 949 133 55 quide be

731 994 81 56 resis.
