1092 1595
547 79 302 71 De lassistence

368 155 634 57 a manger/ ⁊ il leur a respondu q̃ en-

371 199 629 57 tier ⁊ parfaict il monteroit au ciel/

371 244 630 61 affin que ilz cõgneussent ⁊ entẽdis-

369 292 633 52 sent q̃ nõ pas en la maniere qͥlz pẽ-

369 336 635 60 soient ilz le receuroiẽt. Car sa grace

369 386 632 51 ne se cõsomme point par morseaux.

371 430 631 59 Dauãtage/ iusque a la fin du mon

369 477 632 53 de le seigneur est la sus: mais la ue-

368 526 633 54 rite du seigneur demoure icy en bas

371 571 626 56 auec nous. Car il fault q̃ le corps en

371 615 626 57 quoy il est resuscite/ soit en ung lieu:

369 660 631 60 mais la uerite du seigñr se espand

373 705 182 59 par tout.

424 752 574 61 Item Fulgence parlãt de Iesus

371 802 629 55 christ escript ainsi. Absens erat celo se-

369 848 631 49 cundum humanã substantiã quum esset

372 890 628 45 in terra/ ⁊ derelinquẽs terrã quum ascen-

373 931 627 47 disset in celum. Secundum uero diuinã ⁊

371 976 627 44 immẽsam substantiã nec celum dimittẽs

371 1012 627 50 quum de celo descẽdit/ nec terram deserẽs

371 1052 623 55 quum ad celum ascendit. Cestadire/

371 1100 627 60 Christ selon son humaine substance

373 1148 627 58 estoit absent du ciel quand il estoit

372 1193 629 59 en la terre/ ⁊ estoit delaissãt la terre

373 1240 623 74 quand il mõtoit au ciel: mais selon

227 867 132 51 Fulgen-

227 909 128 49 tius ad

231 950 121 48 Thra-

230 992 119 56 sim. li-

231 1034 97 58 bro.2.
