1092 1595
461 85 172 70 Preface

263 146 628 58 debuons tous croire ⁊ tenir/ en tout

270 192 618 64 cela qui cõcerne dieu ⁊ nostre salut.

268 240 624 65 A laquelle chose par grande fidelite

266 293 626 59 nous exhorte le saĩct apostre de Ie-

267 334 622 66 sus christ/ disant en ceste maniere:

268 384 623 59 Procedõs dune mesme reigle a ce a

264 431 625 63 quoy nous sommes paruenus: af-

264 475 534 60 fin que nous soyõs tous ung.

320 525 573 57 Or est il certain que en suyuant

267 567 625 63 les opiniõs ⁊ fantasies des hõmes

270 616 622 52 (lesq̃lles entre elles mesme sont tãt

272 661 619 56 differentes/ tant uariables et con-

268 709 623 53 traires les unes aux aultres) q̃ ia-

270 756 618 54 mais ne pourrõs estre dung accord:

272 800 619 62 mais nous est besoing prendre une

272 848 620 54 seule escripture pour nostre clarte ⁊

272 897 617 56 lumiere/ pour nr̃e directiõ ⁊ adresse:

270 939 621 65 laquelle seule soit nostre parfaicte ⁊

270 991 621 49 entiere reigle/ qͥ ne peult ny ne doibt

272 1032 617 63 estre aultre que la seule parolle de

268 1080 621 60 dieu, pourtãt que en cela qui cõcerne

272 1128 617 60 choses diuines tout hõme est men-

271 1174 617 55 teur/ ⁊ le seul dieu ueritable. Par-

273 1224 616 66 quoy tresbien conclud iceluy sainct

135 385 115 74 Phił.3.

135 1129 117 55 Ps̈.116.

129 1177 126 55 Rom̃.3.
