1092 1595
301 85 211 67 corporelle.

99 143 631 72 la diuine ⁊ infinie substãce/ ne lais-

99 187 629 68 soit point le ciel quand il descendit

99 233 628 74 du cies/ ne laissoit aussi la terre quãd

98 291 303 57 il monta au ciel.

152 325 574 76 Iay biẽ uoulu alleguer ces deux

98 377 629 68 anciẽs docteurs/ non pas poͬ dõner

99 425 629 65 auctorite/ ou par iceulx approuuer

99 466 629 69 la uerite euãgelicque (car la uertu

102 513 622 71 ⁊ la puissance de la parolle de dieu/

99 558 632 73 ne despend point de creature qui soit

102 608 628 63 ne au ciel ne en la terre: ⁊ quãd tout

102 653 629 68 le mõde seroit au cõtraire si demou-

103 697 624 65 rera elle eternellement ueritable)

103 744 624 73 Mais tant seulement ie les ay bien

106 794 617 65 uoulu amener pour monstrer q̃ ce qͥ

105 840 626 63 est deuant dit/ nest point chose nou-

106 887 626 64 uelle/ ainsi q̃ dõnent entẽdre au peu

110 933 625 67 ple ces faulx antechristz qui ne alle

109 979 622 68 guẽt que leurs mẽsonges ⁊ follies/

110 1018 625 73 mettãt a neãt autant qͥl leur est pos

110 1069 625 68 sible par leurs gloses ⁊ traditions/

110 1117 625 69 par leurs distinctiõs ⁊ lunaticques

111 1164 623 64 inuẽtiõs/ la saincte parolle de dieu:

114 1205 625 89 selõ laquelle toutesfoys (uueille ou
