1092 1595
433 85 494 73 De lassistence corporelle.

365 152 635 65 non toute lordre papalle) deuant

367 202 634 63 Dieu serõs iugez. Parquoy du tout

365 248 636 60 a icelle ie me tiens ⁊ arreste/ reiectãt

365 295 631 62 tout ce qui est dit par les hõmes en

376 341 621 61 ce qui cõcerne les choses diuines/ sãs

369 389 632 54 euidẽte ⁊ certaine auctorite descriptu

368 434 629 64 re: selon laquelle tout chrestiẽ doibt

365 482 633 60 estre appareille de respõdre/ rendre

364 527 634 64 raison ⁊ satisfaire/ a tout hõme qui

364 572 634 66 demãde parolle de celle esperãce qui

365 620 200 57 est en luy.

413 661 584 68 Donc puis quil est certain q̃ Ie¬

364 712 629 62 sus christ selõ le corps est au ciel/ on

361 760 632 61 ne le doibt cercher corporellement en

361 810 636 52 autre lieu/ iusque a ce que luy mesme

364 850 630 60 uisiblement se manifeste/ qͥ ne ueult

361 899 631 55 renoncer a toute uerite descripture:

361 950 629 49 mais au ciel on doibt leuer sõ coeur/

361 990 631 62 son entendemẽt ⁊ pensee/ attendant

361 1036 631 64 en humble desir lheure qͥ luy plaira

361 1083 629 58 en son repos nous transferer/ ne le

360 1128 632 65 adorant point icy bas en chose qͥ soit

363 1174 629 60 uisible: car lescripture autrement

360 1222 622 76 nous enseigne. Aussi Iesuschrist en

271 340 85 58 Quid

231 388 134 58 dic dicẽt

230 439 131 55 sacrifici.

223 554 118 69 1.Pe.3.
