1092 1595
186 90 463 72 Quelle chose est messe.

95 158 637 57 ordõnãt sa saincte Cene/ ⁊ baillãt le

97 210 631 58 pain sacramental a ses disciples di¬

95 256 633 59 soit simplemẽt: Accipite/ ⁊ manducate.

95 300 632 62 Et ne disoit point Respicite/ adorate.

95 348 635 57 Ne iamais aucũ des apostres ne inci

95 397 633 56 ta le peuple a telle adoration, cõme

95 446 633 56 depuis aucun tẽps/ ces prestres des

94 490 634 60 idoles ont faict. De la tyrannie des¬

95 534 632 61 quelz le seigñr Dieu en sa main for

95 579 628 62 te, uueille deliurer son paoure peu¬

98 626 452 66 ple. Ainsi soit il, bien tost.

136 719 554 54 Quatriesme declaration/ pour en¬

138 764 420 52 tendre que cest que la messe.

258 812 473 65 E pensez pas mes chers fre

250 862 480 55 res/ que en parlãt contre la

255 906 473 57 messe ce soit parler ꝯtre lor

99 957 632 55 donnãce de Iesus christ/ ou linstitu

98 996 633 59 tion de sa saincte cene: Mais au con¬

98 1044 633 60 traire cest pour restituer ⁊ restaurer

99 1088 633 65 en sa purete/ ce q̃ Iesus christ par sa

98 1136 633 61 bonte a ordõne ⁊ institue. Car certes

99 1181 627 65 il ny a rien dit ne faict en la messe qͥ

99 1228 628 81 ne soit cõtre Iesus christ ⁊ sa parol¬

111 804 145 164 N

736 272 135 73 mat.26.
