1092 1595
514 95 288 68 Quelle chose

368 163 638 69 le/ ce que tres facile est de cõgnoistre

369 215 381 64 par ceste declaration.

425 257 576 65 Premierement/ ce mot la: Messe/

372 304 629 64 cest ung terme de parler tout nou-

371 348 635 66 ueau/ duq̃l iamais les sainctes escri

371 396 634 67 ptures nont faict mẽtion. Leq̃l ter-

371 441 633 66 me signifie tout ce qui est dict ⁊ faict

371 491 627 60 en icelle depuis le cõmencemẽt iusq̃

371 536 630 66 a la fin/ cõprenãt ceremonies/ chan-

372 582 629 65 sons/ sonneries/ melodies/ encense-

373 628 628 63 mẽs/ luminaires/ lauemẽs/ lintroi-

372 673 630 66 te/ le ꝯfiteor/ le kyrie/ le gloria/ lorai-

372 720 629 66 son une ou plusieurs/ lepistre/ le gra

369 766 631 60 dual/ la ꝓse/ alleluya/ Leuãgille/ le

371 813 631 62 credo grand ⁊ petit/ le per omnia/ le

368 859 633 58 canõ/ le sanctꝰ/ le pater/ le agnus/ la

368 905 633 65 post cõmunion/ le requiescant, ou ite

367 951 633 61 missa. Uoyre ⁊ une messe est solẽnel

367 996 631 67 le/ ou haulte, lautre basse ou seiche.

367 1044 630 61 Lune uniuerselle ⁊ pour tous, lau-

368 1092 628 64 tre particuliere ⁊ pour les cõfraires

377 1137 617 60 du patrõnage seulemẽt. Lune pour

375 1190 613 58 les riches/ en laq̃lle on sõne plꝰ, lau-

376 1230 610 75 tre pour les paoures/ en laquelle on

226 252 134 90 Messe.

228 1124 141 57 Sãs ou

226 1170 137 46 blier la

222 1212 141 48 messe de

214 1252 143 69 chasseͬ.
