1092 1595
317 85 195 69 est messe.

95 154 631 59 sonne moins. Lune du iour, l autre

93 204 631 49 ad placitun. comme de la trinite du

94 247 632 61 S esperit, des cinq playes, de la cou

91 293 629 60 rõne, de S. ftrãcoys, S. Augustin-

93 337 633 60 S. Guillaumes. George. Do

93 386 631 57 minicq̃, S. fiacre, ⁊ ung million de

93 433 633 56 telles sortes. Lune pour le tẽps, lau

94 478 624 58 tre pour les biẽs. Lune pour aller en

97 526 629 57 uoyage, l autre po᷑ en reuenir. Lune

97 571 629 61 pour les bestes; cõme pour les chiẽs

95 618 629 59 a saĩct Hubert, ie uoꝰ dis Darde-

95 665 629 55 ne; pour les porceaux a S. Antoine;

97 711 630 59 poꝰ les cheuaulx a S. Cloy ⁊c. Lau

95 757 625 63 tre pour les gẽtz. Lune poͬ les uifz-

95 804 632 61 lautre pour les mortz. Lune pour se

97 850 629 60 marier, l autre pour q̃lque autre for-

98 897 633 53 tune. Lune de gaudeamꝰ, l autre de

99 942 632 58 requiem. Lune de uẽtre, l autre de ter

101 987 631 61 ribilis ⁊c. Et selon la messe fault les

101 1034 631 59 accoustremẽs designez, cõe les alcu-

101 1080 631 55 mistes ⁊ amoureux font ꝑ couleurs

102 1131 628 58 ⁊ deuises; ascauoir les iaunes, pour

101 1176 619 61 les apostres; les rouges, pour les

105 1218 627 85 martyrs; les ucrdz, pour les cõfes-

744 1085 121 60 Il sẽble

744 1137 124 49 dune mo

742 1181 103 63 risque.
