1092 1595
530 74 278 58 Quelle chose

364 138 638 65 seurs: les blãcz/ pour les uierges: les

363 190 637 58 noirs/ pour les trespassez/ ⁊ ainsi cõ

365 240 632 57 sequãment des autres. Cest ung sõ¬

368 287 331 54 ge que de y penser.

414 328 587 61 Or est il tãt manifeste q̃ mesme

363 374 638 61 les aueugles le uerroient/ q̃ des cho

364 421 636 62 ses predictes iamais Iesus christ ne

363 470 634 57 parla/ ne de tout cela na rien ordon¬

361 522 637 50 ne. Parquoy de reiecter toutes ces fã

361 567 636 51 tasies humaines/ ce nest pas reiecter

363 606 627 63 ce que Iesus christ a ĩstitue. Et si on

363 651 633 68 faict obiection que en la messe il y a

363 699 633 59 de bõnes choses/ a tout le moins cõ¬

361 743 632 63 me Lepistre/ Leuangille/ Le credo/

361 790 632 65 Le Pater ⁊ choses sẽblables. Pour

357 837 636 60 lesq̃lles choses elle ne doibt pas estre

357 881 639 69 ainsi desprisee. A cela ie respõdz q̃ il

357 930 636 64 ne suffist pas auoir de bonnes cho¬

357 975 635 63 ses: mais il en fault bien user/ ⁊ les

357 1022 632 66 fault bien applicquer ainsi quil ap¬

356 1069 634 58 partiẽt. Autrement les enchanteurs

357 1123 632 55 ⁊ necromantiens qui en leurs male

356 1163 632 63 fices usent daucunes bonnes parol

356 1208 630 90 les seroient excusez de crime/ ce que
