1092 1595
321 79 197 71 est messe.

91 143 637 57 hõme prudent ne uouldroit dire. Et

90 202 634 53 toutesfoys ainsi en prẽdroit a ce ꝓ-

89 241 637 59 pos si on uouloit excuser la messe

89 291 633 58 poͬ les bõnes parolles que on y dit-

89 340 634 54 quãd dicelles on abuse totalement ⁊

87 382 636 56 faict on autremẽt que la parolle de

87 429 636 57 dieu ne porte. Qui soit aĩsi il appert

85 474 638 56 clairemẽt quand Iesus christ a com

85 526 639 56 mãde que on presche, que on declai-

85 572 637 56 re, que on annõce l euãgile ⁊ sa sain-

86 620 636 55 cte parolle atoute creature, non poĩt

86 661 634 56 que on la crie ou chante. Et toutes-

86 709 633 59 foys ces paoures sacrificateͬs de ce-

83 754 636 62 la rien ne font, sinon q̃ en leur messe

85 800 631 59 ilz en lisent ou chantẽt q̃lque lopin.

85 848 631 55 Uoire ⁊ en ung langage ou le peu-

86 894 633 55 ple, ⁊ eulx mesme pour la plus part

86 942 634 58 rien n y entend; ia soit q̃ sainct Paul

86 988 633 52 ayt en la puissance de dieu cõmande

85 1039 635 53 q̃ on ne parle point en leglise, cestadi

81 1079 633 52 re en la cõgregatiõ des fideles, sinõ

83 1128 632 58 en langage q̃ ung chascun entende.

85 1176 629 57 Car que uauldroit il cõbien que on

85 1224 629 63 dit de fort bõnes choses, parler Bre

732 566 127 70 mars.is.

728 1084 123 65 i. corĩ ⁊.

520 1269 69 61 E
