1092 1595
514 79 274 69 Quelle chose

367 144 635 66 ton/ Angloys/ ou Escossoys/ en la

368 196 632 59 presence de ceulx qui rien ny enten-

369 240 633 60 dent? Ainsi est il de chanter/ lire/ ou

371 288 630 61 parler en latin leuangile ⁊ la parol

369 333 631 64 le de dieu en la presence du peuple qͥ

371 380 630 63 rien ny entend/ quelle edification en

375 425 626 62 uient il? quelle instruction? q̃lle do-

372 474 593 58 ctrine de salut aux simples gens?

425 527 579 55 Iugez donc maintenãt ie uous

372 564 633 62 prie/ puis que le meilleur de la messe

373 612 628 56 (ainsi quilz en usent) ne uault riẽ/

375 657 631 58 que ce poeut estre du demourãt. Cer

375 703 630 58 tes cest ung empeschemẽt de salut/

376 750 629 59 une destruction ⁊ ruine de tout bien/

377 800 627 61 si espouantable (a qui le congnoist)

376 845 632 62 que iamais nen fust de telle. Ce que

376 893 299 57 ainsi ie declaire.

421 933 591 65 S. Paul dit que leuangille est la

377 983 635 61 puissance de salut a tout croyãt: ⁊ ne

376 1035 634 52 dit pas cela de leuãgile chãtee/ criee/

381 1077 632 56 urlee/ ou portee en ung liure dor ou

381 1129 628 51 dargent deuant son estomach/ ou en

383 1169 629 59 ung billet pẽdant au col (cõme plu

383 1217 626 78 sieurs folz estimẽt) mais il entẽd de

239 953 129 86 Rom̃.1.
