1092 1595
313 91 196 69 est messe.

94 152 636 65 leuãgile annõcee/ preschee/ declaree/

86 207 640 65 ⁊ receue en la uertu ⁊ puissance de le

86 255 633 60 sperit de dieu. Pourtãt q̃ la foyt (sãs

93 303 633 61 laquelle nul ne poeut estre sauue)

97 350 263 58 uient de ouyr.

147 389 579 68 Et q̃lle chose fut onc/ qui si fort

95 438 625 64 ayt reiecte la predication euangelicq̃

97 485 630 65 cõme ceste orgueilleuse messe? Si

98 532 630 67 S. Paul uenoit pour uouloir pre-

98 578 626 63 scher/ pendant que on ueult messer/

99 624 631 65 dieu scait cõme il seroit receu. Mes-

98 671 632 60 me si ung caffarď uient ou ung por

98 720 628 61 teur de ribẽdelles/ encore luy dit on:

99 765 629 67 hastez uous/ loffice est long: et tou-

98 810 629 67 tesfoys ilz sont tous dung accord.

99 855 629 68 Parquoy pẽsez quilz pourroiẽt faire

98 902 630 65 a ung simple chrestien lequel uoul-

99 950 496 60 droit cõtredire a leurs abuz.

151 988 580 72 O seigneur Dieu/ ou est le tẽps

97 1043 627 62 que ton seruiteur Paul cõtinuoit et

99 1087 633 70 prolongeoit son sermon iusque a la

98 1136 633 65 minuyt? Et puis que en tel propos

98 1185 633 61 nous sommes/ ueu q̃ le pape se far-

98 1229 632 78 de si bien du nom de S. Pierre et de

754 154 121 58 Quo-

730 203 147 45 modo au

735 241 130 51 diẽt abs-

736 283 132 53 qꝫ predi-

738 333 93 39 cante.

735 365 130 56 Rom̃.10.

739 1028 118 75 Act̃.20.

506 1276 101 61 E .ii.
