1092 1595
538 93 248 66 Des fruictz

361 156 633 60 S Paul, pour maintenir sa tyran-

361 208 632 59 nie, Ou est la messe que i amais l ũg

363 260 630 53 de eulx a dicte. Rous sisons aux

361 301 635 60 Actes des apostres, cõme S Paul

361 348 635 54 est alle de uille en uille, d une regiõ

364 396 628 57 en autre, en Asie, en affricque, ⁊ en

363 446 630 59 Europe pour et afsin de cxalter-

359 491 635 53 prescher, ⁊ amnoncer le nom deIe-

363 538 633 60 sus christ, se exposant en terre ⁊ mer

364 584 633 55 a sa mort pour icesuy. et comme il

364 631 632 49 disputoit ⁊ confondoit les contre di-

365 675 632 56 sans. Mais de messe iamais n est mẽ

364 720 633 61 tion. bien de la fraction du pain ⁊ de

365 774 632 51 la saincte Cene de Iesus christ, la-

365 814 628 59 qu elle par la messe entierement est

364 859 489 62 abolie. O miserable abuz.

405 950 560 54 Cinquiesme declaratiõ de plusieurs

408 998 489 44 fruictz qui uiennent de la messe.

522 1046 475 57 Lest escript, que le mau-

524 1097 472 56 uais arbre ne poeut porter

365 1196 631 44 auoir congneu tant de mal que ceste

525 1143 471 58 bon fruict. Parquoy apres

365 1236 633 70 malheureuse messe noꝰ apporte qu cl

216 479 143 68 ⁊ corĩ. u.

231 1039 132 56 Mat.⁊.

381 1045 141 160 Q
