1092 1595
407 111 268 68 de Lautheur.

207 180 633 64 apostre, que qui conq̃s suyurõt ceste

204 228 637 63 reigle, paix sera sur eulx et miseri-

207 273 629 63 corde. Sur eulx dit ilz ⁊ non sur au-

207 320 629 64 tres; car il n y a que une seule uoye

207 368 630 59 de salut. Il est donc tres euidẽt que

204 418 635 52 la saĩcte escripture, est la seule pierre

194 459 639 67 ⁊ seul fondement de nostre foy; par

204 514 633 56 tel moyen que ne debuons croyre ne

206 554 630 61 tenir chose qui soit touchant les cho

206 602 629 61 ses diuines; sinon ainsi qu il est con-

206 651 631 60 tenu aux sainctes escriptures, sans

207 695 628 62 rien y changer, accroistre ou dimi-

204 741 632 53 nuer. Autrement ce ne seroit plus

207 786 629 58 foy; mais folle opinion, ymagina-

206 834 629 64 tiõ, sõge, erreur, deceptiõ ⁊ resuerie.

207 882 630 60 Parquoy n est licite a aucune creatu

207 927 632 61 re de entreprendre, adiouster, inuen

208 982 628 53 ter, chãger, ou diminuer chose quel-

208 1020 628 63 cõque a icelle tressaincte ⁊ immacu-

207 1069 632 51 lee parolle; mais en tout ⁊ par tout

207 1115 632 58 on la doibt prendre et laisser en sa

207 1161 632 60 droicte purete ⁊ claire simplicite; sãs

206 1208 634 62 la tirer. selon sa fãtasie  a autre sẽs

211 1258 626 75 q̃ le sainct esperit ne la reuclee. Et ce

849 217 129 74 Gala..

848 481 125 54 matt. io

602 1303 104 62 A iii
