1092 1595
325 95 230 67 de la messe.

106 159 630 64 fruict maintenãt en pourriez uous

103 208 631 56 attendre sinon crreur, hypocrisie, se-

103 255 633 54 duction, blaspheme, maledictiõ, hor

102 303 634 54 reur; bref une totalle dãnatiõ ⁊ ꝑdi

102 349 632 59 tion. Et cela ie parle quãd aux cho-

103 394 632 59 ses occultes ⁊ sainctes. Mais quand

102 441 634 58 aux choses uisibles du mõde ⁊ de la

103 489 633 54 chair que aussi tendent tousiours a

103 536 633 55 mas dune grand abysme ie en decla

106 591 338 52 rcray quelque peu.

156 635 579 49 On dit cõmunement que toutes

98 673 634 66 choses se font pour la uie, ⁊ ainsi di

105 721 626 56 roient ceulx, desquelz S. Paul dict

106 766 624 59 que leur dieu est le uentre, lequel uẽ

107 816 625 57 tre est ung terrible dieu, auquel cer-

106 862 625 59 tes fault sãs cesser beaucoup offrir,

107 909 632 54 beaucoup presenter ⁊ sacrifier; nõ ob

109 960 633 52 stant q̃ il tourne tout en corruption-

107 999 633 61 ⁊ iamais ne dõne repos a ces mise-

107 1047 633 53 rables seruiteurs qui mettent toute

107 1092 631 63 leur cure a luy satisfaire, a le engres

111 1137 625 64 ser ⁊ luy cõplaire, cõme paresseux,

111 1190 631 56 frians, yurõgnes, gourmans, gros

115 1237 627 72 ueaulx, gras toreaux, ⁊ telle ma-

750 626 127 50 Opere

746 664 135 53 mini nõ

743 707 136 51 cibli qui

747 749 85 51 perit.

750 792 129 53 Joan.s.

747 832 132 67 hili.i.

492 1278 119 65 Cin
