1092 1595
563 95 247 71 Des fruictz

371 172 360 48 niere de pourceaux.

421 211 585 60 Or si iamais fut inuention sub-

372 257 636 55 tile pour sans peine/ sans labeur et

376 304 632 62 soucy bien fournir la cuisine/ pour

375 350 631 63 engresser la souppe/ ⁊ bien nourrir

376 397 632 62 ces grasses tripes/ cest ie uous asseu

373 446 633 56 re ceste plantureuse messe: laquel-

375 493 631 54 le tant de fruict mortel apporte que

379 539 627 60 par icelle soubz apparence de sain-

379 588 629 55 ctete/ le paoure monde est deuore ⁊

377 632 632 55 ronge. Pensez (ie uous prie) com-

384 676 624 63 bien de fruict leur apporte ce baise

387 723 619 65 doigt/ que ilz nomment loffertoi-

391 769 615 61 re de la messe. Pas nont soucy ces

377 817 632 60 gros paillars pour la sepmaine/ de

376 863 629 55 nourrir leur ribaudaille. Las cõbien

376 910 633 52 de paoures fẽmes leur apportent ce

379 957 629 53 de quoy deburoiẽt nourrir leur petis

376 1006 633 50 enfãs/ ou subuenir aux paoures in-

377 1048 632 53 digens. Et de faict ceste maniere de

380 1095 629 61 offrir en leglise/ est uenue de la pre-

377 1143 633 58 miere eglise de Iesus christ la ou les

377 1192 629 56 fidelles apportoient de leurs biens/

380 1238 629 67 ⁊ les bailloient au diacre qui estoit

230 677 143 66 Corban

231 735 128 47 corban.

219 772 142 66 marc.7.
