1092 1595
312 85 242 67 de la messe.

110 151 629 65 ordõne seruiteur des paoures, pour

107 196 629 64 leur distribuer cela q̃ on luy bailloit.

110 247 626 68 Mais ceulx icy prennẽt tout, ⁊ retiẽ

107 293 633 65 nent tout; en quoy ilz sont larrõs pur

109 336 631 68 blicques. Car ilz retiẽnent a eulx, le

109 389 629 53 biẽ des paoures, pour nourrir ⁊ en-

110 433 628 64 tretenir leur ordure. Uoyla le pre-

111 485 217 51 mier fruict.

160 519 583 68 Ung autre fruict assez ꝓchain de

113 572 626 67 ce premicr apporte ceste fertile mes-

115 619 625 62 se, par lequel ces uencrables missa-

114 665 628 60 tiers ont bien cueilly ⁊ moyssonne;

115 711 628 61 quand soubz umbre de lõgues orai

106 757 634 60 sons ilz ont rauy ⁊ deuore les mai-

117 804 626 66 sõs des paoures uefues ⁊ orphelĩs.

117 853 631 62 Ce q̃ principalement a este faict par

119 897 629 66 fondatiõs de anniuersaires, messes

119 945 647 62 annuelles ⁊ quotidianes. Par seq̃l

119 991 633 63 faulx ⁊ oultrageux moyen ilz ont

119 1034 631 62 obtenu tant de richesses qͥl n est pos-

121 1083 631 65 sible le penser; cõme maisons, rẽtes-

122 1128 628 69 possessiõs, seigneuries, uilles, cha-

121 1180 631 66 steaux, contez, barõnes, duchez, ⁊ q̃

123 1225 629 72 plus est, royaumes ⁊ principautes

739 740 156 77 Mat .ii.

520 1272 137 86 S iuii
