1092 1595
544 79 259 75 Des fruictz

373 142 627 77 Uoy la ung mauuais arbre en la ter

365 195 632 69 re/ fort plante ⁊ enracine. Leq̃l tou-

364 248 636 64 tesfoys sera par le glaiue de dieu ab-

364 291 398 58 batu/ destruict/ ⁊ cope.

385 334 611 67 Et de ce merueilleux/ terrestre/ tãt

363 382 630 69 abondant/ ⁊ riche fruict/ ung autre

360 431 632 66 bien tost est suruenu: cest que ces ton

359 477 630 69 dus missatiers/ qui au cõmencemẽt

357 523 627 63 estoiẽt plus paoures que sauatiers/

357 567 633 74 se sõt faictz appeller mõsieurs/ ⁊ sur

355 622 633 54 tous autres ont occupe/ obtenu/ et

356 660 628 64 usurpe en toutes places les p̃miers

352 707 632 70 lieux. Puis sõt uenus en liberte nõ

352 754 632 68 desperit/ mais liberte de chair a tout

349 806 631 63 mal prõpte ⁊ licentieuse. Et q̃ plus

348 849 629 66 est/ eulx mesmes se sont ostez/ tirez/

348 901 630 62 s exẽptez de lobeissance q̃ par le com

344 939 633 69 mandemet de dieu ilz deuoiẽt ⁊ doi-

344 986 633 72 uẽt (uueillẽt ou non) aux princes ⁊

344 1038 628 66 seigneurs. Car S. Paul escript aĩsi/

341 1087 632 58 Omnis anima potestatibus/ supereminẽ

340 1129 630 60 tibus subdita sit. Cest a dire: Toute

340 1176 629 68 ame soit subiecte aux puissances su-

340 1221 625 81 perieures. Et na point dit le sainct

226 142 133 60 Iam se-

227 194 142 46 curis ad

231 240 134 48 radicem

223 281 121 40 arboris

223 316 110 56 posita

223 358 61 48 est.

222 397 126 69 Mat.3.

212 661 125 64 Luc.11.

208 1088 115 73 Ro.13.
