1092 1595
297 101 244 61 de la messe.

101 166 626 59 apostre; Omnis anima laica, ainsi q̃

93 213 637 63 respondit quelque foys a la Sorbõ

95 261 637 60 ne a Paris, ung maistre asne, auq̃l

98 305 632 56 on deburoit auoir fẽdu les narines

94 353 609 61 auec les piedz, ⁊ l enuoyer paistre.

147 400 580 53 De tout cecy est ensuiuy ung au-

93 445 635 61 tre fruict fort plaisant, aggreable, ⁊

94 497 630 49 delicieux a tous ces beaux mõsieͬs

95 543 631 55 qui tãt sont delicatz ⁊ tendres. Cest

91 587 633 58 q̃ tous par cõmun accord uoire et

94 632 630 55 par loy publicque que eulx mesmes

90 679 634 58 ont faicte ilz doibuẽt uiure en ioyeu

93 728 626 57 se l asciucte, ⁊ uoluptueuse ociosite-

91 773 628 56 sans labourer ne trauailler. Car ilz

90 822 628 49 ont les mains trop doulcettes. Biẽ

89 862 629 60 de iouer a la paulme, a la boulle, au

89 911 629 59 tablier, aux cartes ⁊ dez, de saulter

83 957 635 55 ⁊ dãcer, cela est a leur estat fort con-

86 1007 630 49 uenable; mais de trauailler iamais:

86 1051 628 58 pourtãt q̃ ilz ont les mains oinctes,

87 1095 636 58 s⁊ la teste plumee. Et tout ce sola-

85 1143 630 61 tieux bien, c este belle messe leur ap-

87 1190 629 55 porte. O messe messe tant a telles

86 1238 626 69 gens tu es doulcette, tant tu leur es
