1092 1595
554 90 269 66 Des fruictz

377 156 631 63 fecõde ⁊ grassette. Et cõmẽt te pour

375 208 635 56 roient ilz hayr? cõmẽt te pourroient

375 259 634 52 ilz laisser? cõmẽt te poͬroiẽt ilz abã¬

376 301 632 53 donner/ puis q̃ en tel repos tu les as

379 348 630 58 mis/ q̃ il ne leur fault point trauail

379 393 629 62 ler? Et que plus est/ mais quilz sa¬

376 445 630 49 chẽt lire une messette/ leuer les bras

380 487 625 61 ⁊ soupplier/ ⁊ qͥlz soyẽt fournis dũg

376 535 628 52 breuiaire poͬ leurs heures barbeter/

381 579 625 53 dautre chose nont ilz affaire. De li¬

380 626 629 58 ures/ de uolumes/ ⁊ cayers pour ui

376 669 629 66 siter ⁊ estudier/ nont ilz q̃ besõgner.

381 719 624 59 Car la messe point cela ne demande.

377 765 627 59 Dauantaige/ estudier/ est ung ou¬

373 818 631 45 uraige trop melãcolieux/ facheux/

377 861 628 56 ⁊ ennuyeux/ non cõuenable a telles

377 903 625 57 bestes qui ueulẽt uiure sans soucy.

389 949 616 62 O q̃ S. Paul leur est cõtraire/ leq̃l

377 995 623 64 nonobstãt quil fust Apostre de Iesꝰ

384 1051 618 53 christ/ Euesq̃ non pas mittre ne cor¬

384 1097 618 47 nu: docteur de uerite/ docteur de le¬

384 1135 620 63 glise/ non poĩt enchaperõne: toutes¬

383 1189 623 55 foys de ses ꝓpres mains labouroit/

376 1229 630 74 Et a ainsi faire ung chascun admõ

231 1117 124 61 1.tim̃.2.

223 1197 138 55 1.corĩ.4.

218 1244 157 62 1.thes.4.
