<?xml version="1.0" encoding="UTF-8"?>
<alto xmlns:xsi="http://www.w3.org/2001/XMLSchema-instance"
      xmlns="http://www.loc.gov/standards/alto/ns-v4#"
      xsi:schemaLocation="http://www.loc.gov/standards/alto/ns-v4# http://www.loc.gov/standards/alto/v4/alto-4-2.xsd">
  <Description>
    <MeasurementUnit>pixel</MeasurementUnit>
    <sourceImageInformation>
      <fileName>76_1f8da_default.jpg</fileName>
      <fileIdentifier>https://www.e-rara.ch/nev_r/i3f/v20/11399813/full/full/0/default.jpg</fileIdentifier>
    </sourceImageInformation>
  </Description>
  
  <Tags>
    <OtherTag ID="BT710" LABEL="DropCapitalZone" DESCRIPTION="block type DropCapitalZone"/><OtherTag ID="BT711" LABEL="MainZone" DESCRIPTION="block type MainZone"/><OtherTag ID="BT712" LABEL="MarginTextZone" DESCRIPTION="block type MarginTextZone"/><OtherTag ID="BT797" LABEL="TitlePageZone" DESCRIPTION="block type TitlePageZone"/><OtherTag ID="BT799" LABEL="StampZone" DESCRIPTION="block type StampZone"/><OtherTag ID="BT801" LABEL="GraphicZone" DESCRIPTION="block type GraphicZone"/><OtherTag ID="BT1176" LABEL="MarginTextZone:handwrittenAddition" DESCRIPTION="block type MarginTextZone:handwrittenAddition"/><OtherTag ID="BT1177" LABEL="QuireMarksZone" DESCRIPTION="block type QuireMarksZone"/>
    <OtherTag ID="LT238" LABEL="DropCapitalLine" DESCRIPTION="line type DropCapitalLine"/><OtherTag ID="LT239" LABEL="DefaultLine" DESCRIPTION="line type DefaultLine"/><OtherTag ID="LT256" LABEL="HeadingLine" DESCRIPTION="line type HeadingLine"/>
  </Tags>
  
  <Layout>
    <Page WIDTH="1092"
          HEIGHT="1595"
          PHYSICAL_IMG_NR="76"
          ID="eSc_dummypage_">
      <PrintSpace HPOS="0"
                  VPOS="0"
                  WIDTH="1092"
                  HEIGHT="1595">
        
        <TextBlock HPOS="89"
                   VPOS="61"
                   WIDTH="645"
                   HEIGHT="1227"
                   ID="eSc_textblock_81ef9361"
                   TAGREFS="BT711">
          <Shape><Polygon POINTS="97 62 89 1288 729 1288 734 61"/></Shape>
          
          
          <TextLine ID="eSc_line_ee556539"
                    TAGREFS="LT256"
                    BASELINE="292 131 528 128" 
                    HPOS="291"
                    VPOS="79"
                    WIDTH="237"
                    HEIGHT="65">
            <Shape><Polygon POINTS="480 79 477 79 464 79 456 79 437 87 381 87 365 79 357 79 353 79 321 87 305 79 304 79 291 97 292 131 292 135 399 144 400 144 528 135 528 128 525 94 520 86"/></Shape>
	    <String CONTENT="de la messe."
                    HPOS="291"
                    VPOS="79"
                    WIDTH="237"
                    HEIGHT="65"></String>
          </TextLine>

          
          
          <TextLine ID="eSc_line_8110a4fc"
                    TAGREFS="LT239"
                    BASELINE="98 200 727 186" 
                    HPOS="97"
                    VPOS="143"
                    WIDTH="630"
                    HEIGHT="70">
            <Shape><Polygon POINTS="722 150 707 143 694 143 681 143 667 143 654 143 646 143 631 146 626 147 625 147 618 143 614 143 601 143 587 143 574 143 466 151 438 152 430 152 384 146 383 146 381 146 380 146 380 147 373 154 372 154 364 154 277 148 276 148 206 158 204 158 203 158 155 151 154 151 98 160 97 163 98 200 98 210 152 213 154 213 183 208 192 206 195 207 200 212 200 213 202 213 203 213 204 213 206 213 224 207 231 204 236 206 256 212 258 212 259 212 371 202 396 200 399 202 412 208 413 208 414 208 416 208 438 200 440 200 441 200 492 207 493 207 566 196 570 196 571 196 599 204 601 204 602 204 669 203 727 191 727 186 724 151 722 150"/></Shape>
	    <String CONTENT="neste ⁊ exhorte. Mais q̃ ont ilz affai"
                    HPOS="97"
                    VPOS="143"
                    WIDTH="630"
                    HEIGHT="70"></String>
          </TextLine>

          
          
          <TextLine ID="eSc_line_a0e9ea8f"
                    TAGREFS="LT239"
                    BASELINE="98 245 609 235" 
                    HPOS="97"
                    VPOS="199"
                    WIDTH="512"
                    HEIGHT="57">
            <Shape><Polygon POINTS="98 245 98 256 271 256 271 255 272 255 287 249 293 248 309 249 351 253 352 253 404 247 417 245 428 245 478 251 480 251 609 240 609 235 606 199 224 199 223 199 222 199 220 199 211 206 115 202 114 202 113 202 97 208 98 245"/></Shape>
	    <String CONTENT="re de dieu ne de sainct Paul?"
                    HPOS="97"
                    VPOS="199"
                    WIDTH="512"
                    HEIGHT="57"></String>
          </TextLine>

          
          
          <TextLine ID="eSc_line_522def70"
                    TAGREFS="LT239"
                    BASELINE="95 292 723 280" 
                    HPOS="94"
                    VPOS="232"
                    WIDTH="629"
                    HEIGHT="68">
            <Shape><Polygon POINTS="599 236 586 236 573 236 559 236 546 236 533 236 506 245 494 249 485 247 465 239 453 239 449 239 426 248 424 248 422 248 395 240 387 240 377 240 367 249 355 243 353 243 352 243 351 243 329 251 324 252 323 251 312 241 307 241 293 241 292 241 231 253 220 255 214 253 180 244 174 244 160 245 159 245 138 256 136 257 94 257 95 292 95 299 356 300 357 300 450 291 457 291 464 291 581 296 582 296 583 296 601 288 617 295 618 295 619 295 621 295 643 288 704 293 706 293 707 293 723 284 723 280 718 240 707 245 702 240 694 233 694 232 692 232 691 232 670 232 669 232 667 232 649 241 639 247 629 243 611 236 610 236 599 235 599 236"/></Shape>
	    <String CONTENT="Encore ung fruict de ceste messe/"
                    HPOS="94"
                    VPOS="232"
                    WIDTH="629"
                    HEIGHT="68"></String>
          </TextLine>

          
          
          <TextLine ID="eSc_line_1b625377"
                    TAGREFS="LT239"
                    BASELINE="97 336 726 325" 
                    HPOS="95"
                    VPOS="281"
                    WIDTH="631"
                    HEIGHT="68">
            <Shape><Polygon POINTS="643 281 643 283 642 283 635 289 606 284 597 283 595 283 594 283 587 284 565 291 492 287 461 285 460 285 442 288 408 293 375 289 357 288 356 288 325 291 287 295 281 292 277 289 268 289 266 289 258 292 246 296 235 293 224 291 215 291 202 291 196 291 95 296 97 336 97 349 134 342 196 346 219 348 220 348 222 348 226 346 236 341 280 344 315 346 316 346 317 346 325 342 335 338 341 342 348 345 349 345 351 345 375 341 392 338 396 341 401 345 403 345 404 345 405 345 407 345 408 345 414 340 420 337 444 340 488 344 489 344 554 336 570 334 574 336 587 341 589 341 590 341 591 341 593 341 602 334 605 334 645 341 646 341 647 341 649 341 662 333 694 340 695 340 696 340 726 330 726 325 720 281 695 288 658 283 650 281 643 281"/></Shape>
	    <String CONTENT="Puis ung grãd mal/ poͬ ceste foys"
                    HPOS="95"
                    VPOS="281"
                    WIDTH="631"
                    HEIGHT="68"></String>
          </TextLine>

          
          
          <TextLine ID="eSc_line_b14da2f0"
                    TAGREFS="LT239"
                    BASELINE="95 384 724 370" 
                    HPOS="94"
                    VPOS="328"
                    WIDTH="630"
                    HEIGHT="70">
            <Shape><Polygon POINTS="605 328 603 328 602 328 591 332 573 337 551 333 533 329 532 329 505 334 482 338 478 334 473 330 472 330 470 330 469 330 408 332 407 332 405 332 405 333 400 337 396 342 343 342 337 340 331 334 329 334 328 334 327 334 325 334 308 340 305 341 303 340 291 334 289 334 288 334 287 334 285 334 275 341 271 344 260 342 228 336 227 336 188 344 182 345 178 344 156 337 155 337 154 337 94 346 95 384 95 398 163 390 345 392 468 392 469 392 470 392 472 392 472 390 476 386 480 384 513 385 585 389 586 389 724 377 724 370 720 328 637 336 617 330 606 328 605 328"/></Shape>
	    <String CONTENT="ie uueil mõstrer. Le fruict est grand"
                    HPOS="94"
                    VPOS="328"
                    WIDTH="630"
                    HEIGHT="70"></String>
          </TextLine>

          
          
          <TextLine ID="eSc_line_694a4dd0"
                    TAGREFS="LT239"
                    BASELINE="98 433 726 417" 
                    HPOS="97"
                    VPOS="377"
                    WIDTH="629"
                    HEIGHT="66">
            <Shape><Polygon POINTS="98 433 98 443 586 427 618 433 619 433 621 433 623 433 674 425 724 430 726 417 722 377 97 392 98 433"/></Shape>
	    <String CONTENT="⁊ fort multiplie. Car iamais poulle"
                    HPOS="97"
                    VPOS="377"
                    WIDTH="629"
                    HEIGHT="66"></String>
          </TextLine>

          
          
          <TextLine ID="eSc_line_6beac501"
                    TAGREFS="LT239"
                    BASELINE="95 478 727 466" 
                    HPOS="94"
                    VPOS="421"
                    WIDTH="633"
                    HEIGHT="69">
            <Shape><Polygon POINTS="231 430 94 439 95 478 95 483 162 490 163 490 164 490 184 482 187 482 200 482 303 487 304 487 305 487 327 481 331 479 347 479 441 485 442 485 444 485 445 485 453 478 456 477 466 478 513 483 514 483 516 483 541 477 547 474 726 473 727 466 722 421 690 429 631 424 627 424 626 424 625 424 623 424 614 431 532 431 521 426 517 425 516 425 514 425 513 425 512 425 509 427 500 433 482 427 476 426 474 426 473 426 460 429 433 434 340 433 232 430 231 430"/></Shape>
	    <String CONTENT="ne pondit tant de oeufz/ ⁊ ne couua"
                    HPOS="94"
                    VPOS="421"
                    WIDTH="633"
                    HEIGHT="69"></String>
          </TextLine>

          
          
          <TextLine ID="eSc_line_adfe5d6e"
                    TAGREFS="LT239"
                    BASELINE="95 522 726 513" 
                    HPOS="94"
                    VPOS="470"
                    WIDTH="632"
                    HEIGHT="65">
            <Shape><Polygon POINTS="184 477 183 477 182 477 164 483 158 486 152 483 139 479 138 479 136 479 94 485 95 522 95 535 184 527 198 532 200 534 202 534 203 534 219 532 275 526 283 531 285 532 287 532 288 532 289 532 291 532 299 530 313 526 340 529 361 531 363 531 364 531 365 531 368 529 375 525 397 527 429 531 430 531 460 526 476 523 494 525 544 530 545 530 625 521 634 521 641 521 695 527 696 527 698 527 726 518 726 513 722 470 615 479 573 473 558 471 557 471 555 471 550 474 537 481 429 477 409 477 408 477 392 478 335 483 329 479 325 475 324 475 323 475 321 475 320 475 311 479 303 483 293 481 285 478 284 478 283 478 281 478 280 478 277 481 270 486 207 486 200 482 186 477 184 477"/></Shape>
	    <String CONTENT="tant de poucins/ comme ceste messe"
                    HPOS="94"
                    VPOS="470"
                    WIDTH="632"
                    HEIGHT="65"></String>
          </TextLine>

          
          
          <TextLine ID="eSc_line_fde7999c"
                    TAGREFS="LT239"
                    BASELINE="97 570 726 556" 
                    HPOS="95"
                    VPOS="514"
                    WIDTH="631"
                    HEIGHT="69">
            <Shape><Polygon POINTS="655 514 653 515 643 521 619 517 609 515 601 515 590 515 569 519 533 525 506 521 473 517 472 517 470 517 456 523 448 526 421 525 365 519 364 519 363 519 348 526 344 529 337 527 315 521 313 521 312 521 311 521 287 529 283 530 279 529 260 522 259 522 258 522 215 531 212 531 210 531 159 525 158 525 156 525 155 525 144 532 106 527 105 527 103 527 102 527 95 531 97 570 97 576 140 583 142 583 196 576 219 583 220 583 222 583 264 575 281 582 283 582 284 582 438 571 472 576 473 576 474 576 476 576 486 570 534 576 536 576 625 567 661 574 662 574 663 574 684 566 698 572 699 572 700 572 702 572 726 563 726 556 722 514 673 521 667 515 665 514 655 514"/></Shape>
	    <String CONTENT="noꝰ a escloz de hetoudiaux. Et qͥ est"
                    HPOS="95"
                    VPOS="514"
                    WIDTH="631"
                    HEIGHT="69"></String>
          </TextLine>

          
          
          <TextLine ID="eSc_line_953ba362"
                    TAGREFS="LT239"
                    BASELINE="97 616 726 606" 
                    HPOS="95"
                    VPOS="563"
                    WIDTH="631"
                    HEIGHT="64">
            <Shape><Polygon POINTS="97 616 97 627 658 614 659 614 684 619 686 619 726 611 726 606 723 568 602 563 601 563 517 571 509 571 508 571 490 564 489 564 488 564 486 564 460 571 454 572 449 572 422 567 421 567 420 567 409 572 405 575 315 575 312 574 300 568 299 568 297 568 296 568 295 568 285 574 283 576 95 576 97 616"/></Shape>
	    <String CONTENT="lhõme qui scauroit pẽser le nõbre de"
                    HPOS="95"
                    VPOS="563"
                    WIDTH="631"
                    HEIGHT="64"></String>
          </TextLine>

          
          
          <TextLine ID="eSc_line_fad57bc0"
                    TAGREFS="LT239"
                    BASELINE="98 663 727 652" 
                    HPOS="97"
                    VPOS="611"
                    WIDTH="630"
                    HEIGHT="66">
            <Shape><Polygon POINTS="98 663 101 677 111 669 140 676 143 676 144 676 146 676 147 676 176 668 232 675 242 675 243 675 244 675 247 673 262 667 305 672 315 673 316 673 317 673 320 672 335 665 388 671 404 672 405 672 426 669 465 665 474 669 480 671 481 671 482 671 484 671 485 671 485 669 486 669 486 668 492 663 724 663 727 652 723 611 97 627 98 663"/></Shape>
	    <String CONTENT="ces cocquastres/ qui courent apres ri"
                    HPOS="97"
                    VPOS="611"
                    WIDTH="630"
                    HEIGHT="66"></String>
          </TextLine>

          
          
          <TextLine ID="eSc_line_06f8b424"
                    TAGREFS="LT239"
                    BASELINE="97 708 726 697" 
                    HPOS="95"
                    VPOS="655"
                    WIDTH="631"
                    HEIGHT="64">
            <Shape><Polygon POINTS="639 655 623 659 607 664 589 660 570 656 569 656 567 656 566 656 566 657 562 660 555 665 508 661 494 660 493 660 492 660 490 660 490 661 481 668 404 669 289 669 279 664 273 661 272 661 271 661 270 661 263 664 247 671 210 664 196 663 195 663 194 663 186 665 166 671 95 667 97 708 97 716 408 719 409 719 724 705 726 697 722 659 681 663 662 659 642 655 641 655 639 655"/></Shape>
	    <String CONTENT="baudes cõme cocqs apres poulles?"
                    HPOS="95"
                    VPOS="655"
                    WIDTH="631"
                    HEIGHT="64"></String>
          </TextLine>

          
          
          <TextLine ID="eSc_line_90ddbd82"
                    TAGREFS="LT239"
                    BASELINE="99 756 726 745" 
                    HPOS="98"
                    VPOS="703"
                    WIDTH="628"
                    HEIGHT="63">
            <Shape><Polygon POINTS="99 756 99 766 653 752 655 752 703 757 704 757 706 757 726 749 726 745 723 709 661 703 659 703 617 709 615 711 98 715 99 756"/></Shape>
	    <String CONTENT="Puis les auoir couuertes/ ces iolys"
                    HPOS="98"
                    VPOS="703"
                    WIDTH="628"
                    HEIGHT="63"></String>
          </TextLine>

          
          
          <TextLine ID="eSc_line_97fd9e34"
                    TAGREFS="LT239"
                    BASELINE="98 804 727 792" 
                    HPOS="97"
                    VPOS="746"
                    WIDTH="630"
                    HEIGHT="66">
            <Shape><Polygon POINTS="655 746 645 746 622 754 619 754 614 754 551 749 549 749 536 749 530 749 512 757 509 757 506 757 480 750 469 750 468 750 460 757 458 758 287 761 281 761 242 754 230 754 218 754 97 764 98 804 98 812 376 805 389 805 445 810 446 810 448 810 449 810 449 809 454 804 456 804 461 804 514 809 516 809 605 801 606 801 655 806 657 806 727 797 727 792 724 753 666 746 655 746"/></Shape>
	    <String CONTENT="⁊ plaisãs amoureux sen uõt chãter"
                    HPOS="97"
                    VPOS="746"
                    WIDTH="630"
                    HEIGHT="66"></String>
          </TextLine>

          
          
          <TextLine ID="eSc_line_d246406a"
                    TAGREFS="LT239"
                    BASELINE="98 849 726 838" 
                    HPOS="97"
                    VPOS="796"
                    WIDTH="629"
                    HEIGHT="62">
            <Shape><Polygon POINTS="98 849 98 858 492 848 501 848 551 854 553 854 554 854 555 854 569 846 571 846 625 853 626 853 670 845 711 851 712 851 714 851 715 851 726 844 726 838 723 804 682 796 681 796 485 806 410 800 409 800 345 808 335 801 333 801 332 801 331 801 262 802 260 802 259 802 250 810 115 805 114 805 113 805 97 812 98 849"/></Shape>
	    <String CONTENT="en leurs tẽples/ cõme cocqs en leurs"
                    HPOS="97"
                    VPOS="796"
                    WIDTH="629"
                    HEIGHT="62"></String>
          </TextLine>

          
          
          <TextLine ID="eSc_line_0c0cdc9a"
                    TAGREFS="LT239"
                    BASELINE="98 893 727 885" 
                    HPOS="97"
                    VPOS="845"
                    WIDTH="630"
                    HEIGHT="64">
            <Shape><Polygon POINTS="98 893 98 909 142 901 272 906 299 906 300 906 301 906 304 905 321 898 385 903 409 905 410 905 428 902 461 897 468 902 469 903 470 903 472 903 473 903 541 902 542 902 544 902 544 901 545 899 550 895 724 895 727 885 723 845 97 851 98 893"/></Shape>
	    <String CONTENT="poulliers, uoire (affin q̃ plus ꝓpre¬"
                    HPOS="97"
                    VPOS="845"
                    WIDTH="630"
                    HEIGHT="64"></String>
          </TextLine>

          
          
          <TextLine ID="eSc_line_56b85e7a"
                    TAGREFS="LT239"
                    BASELINE="98 941 727 931" 
                    HPOS="97"
                    VPOS="886"
                    WIDTH="630"
                    HEIGHT="63">
            <Shape><Polygon POINTS="690 886 688 886 687 886 679 887 633 894 581 890 554 887 553 887 551 887 550 887 546 890 536 897 454 897 373 895 260 893 259 893 258 893 256 893 248 898 247 899 242 899 207 893 206 893 204 893 186 901 183 902 97 902 98 941 98 947 545 949 546 949 575 946 638 939 726 945 727 931 722 886 698 893 691 886 690 886"/></Shape>
	    <String CONTENT="ment die) deschãter en chose cõtrefai"
                    HPOS="97"
                    VPOS="886"
                    WIDTH="630"
                    HEIGHT="63"></String>
          </TextLine>

          
          
          <TextLine ID="eSc_line_1791625b"
                    TAGREFS="LT239"
                    BASELINE="99 987 510 980 725 982" 
                    HPOS="97"
                    VPOS="935"
                    WIDTH="627"
                    HEIGHT="61">
            <Shape><Polygon POINTS="98 986 98 996 723 983 724 980 723 943 687 935 686 935 630 943 571 937 570 937 569 937 567 937 567 938 559 945 557 945 461 938 460 938 458 938 457 938 444 946 438 946 312 941 311 941 309 941 308 941 299 949 230 949 215 941 214 941 212 941 97 950 98 986"/></Shape>
	    <String CONTENT="cte/ hãnir/ abayer/ ⁊ uller. Tant de"
                    HPOS="97"
                    VPOS="935"
                    WIDTH="627"
                    HEIGHT="61"></String>
          </TextLine>

          
          
          <TextLine ID="eSc_line_ec33010e"
                    TAGREFS="LT239"
                    BASELINE="98 1034 730 1023" 
                    HPOS="97"
                    VPOS="982"
                    WIDTH="633"
                    HEIGHT="65">
            <Shape><Polygon POINTS="567 982 566 982 554 988 553 988 534 988 413 984 412 984 381 991 377 991 357 991 187 988 186 988 184 988 172 995 170 996 97 996 98 1034 98 1044 175 1047 176 1047 178 1047 179 1047 179 1046 180 1046 182 1043 186 1039 216 1042 254 1046 255 1046 256 1046 268 1040 277 1038 295 1040 321 1044 323 1044 324 1044 333 1039 340 1036 365 1039 412 1043 413 1043 414 1043 428 1038 433 1035 450 1036 490 1040 492 1040 521 1035 529 1034 536 1035 569 1040 570 1040 637 1032 650 1031 658 1031 711 1038 712 1038 714 1038 730 1030 730 1023 727 986 569 982 567 982"/></Shape>
	    <String CONTENT="cocquetz ⁊ de cocquettes/ cestadire de"
                    HPOS="97"
                    VPOS="982"
                    WIDTH="633"
                    HEIGHT="65"></String>
          </TextLine>

          
          
          <TextLine ID="eSc_line_882d401f"
                    TAGREFS="LT239"
                    BASELINE="97 1081 727 1071" 
                    HPOS="95"
                    VPOS="1032"
                    WIDTH="632"
                    HEIGHT="60">
            <Shape><Polygon POINTS="97 1081 97 1087 251 1092 252 1092 345 1083 355 1083 359 1083 396 1089 397 1089 399 1089 425 1081 429 1081 433 1081 473 1088 474 1088 476 1088 492 1080 494 1080 508 1080 591 1085 593 1085 594 1085 595 1085 595 1084 602 1079 603 1079 645 1085 646 1085 726 1076 727 1071 723 1032 95 1043 97 1081"/></Shape>
	    <String CONTENT="moynes ⁊ de moynesses/ de prestres"
                    HPOS="95"
                    VPOS="1032"
                    WIDTH="632"
                    HEIGHT="60"></String>
          </TextLine>

          
          
          <TextLine ID="eSc_line_090f8fda"
                    TAGREFS="LT239"
                    BASELINE="101 1127 727 1115" 
                    HPOS="99"
                    VPOS="1073"
                    WIDTH="628"
                    HEIGHT="68">
            <Shape><Polygon POINTS="595 1073 594 1073 593 1073 591 1073 583 1080 581 1083 541 1083 537 1081 518 1075 517 1075 516 1075 409 1085 399 1085 397 1085 379 1077 377 1077 376 1077 375 1077 373 1077 363 1087 360 1088 308 1088 307 1088 297 1080 296 1080 295 1080 293 1080 292 1080 258 1088 184 1081 183 1081 182 1081 180 1081 171 1089 135 1083 134 1083 133 1083 99 1092 101 1127 101 1140 171 1133 194 1137 212 1141 214 1141 215 1141 227 1137 240 1132 262 1136 287 1140 288 1140 289 1140 303 1135 312 1131 324 1133 343 1139 344 1139 345 1139 384 1132 388 1132 391 1132 430 1137 432 1137 433 1137 449 1131 454 1128 466 1129 506 1136 508 1136 509 1136 510 1136 522 1128 526 1127 551 1127 678 1132 679 1132 727 1121 727 1115 723 1077 631 1081 621 1079 597 1073 595 1073"/></Shape>
	    <String CONTENT="⁊ de p̃stresses ceste grasse messe cou¬"
                    HPOS="99"
                    VPOS="1073"
                    WIDTH="628"
                    HEIGHT="68"></String>
          </TextLine>

          
          
          <TextLine ID="eSc_line_c2fa7ee5"
                    TAGREFS="LT239"
                    BASELINE="98 1173 727 1163" 
                    HPOS="97"
                    VPOS="1121"
                    WIDTH="630"
                    HEIGHT="63">
            <Shape><Polygon POINTS="98 1173 98 1184 396 1184 396 1182 397 1182 418 1176 425 1174 432 1176 458 1181 460 1181 461 1181 485 1174 492 1173 504 1174 555 1180 557 1180 558 1180 559 1180 569 1173 570 1172 578 1172 615 1177 617 1177 643 1170 649 1170 655 1170 710 1177 711 1177 712 1177 727 1169 727 1163 724 1127 569 1121 567 1121 532 1129 529 1129 524 1129 456 1124 454 1124 453 1124 452 1124 444 1131 442 1132 348 1132 333 1125 332 1125 331 1125 97 1136 98 1173"/></Shape>
	    <String CONTENT="ue ⁊ nourrist qui n est possible de le"
                    HPOS="97"
                    VPOS="1121"
                    WIDTH="630"
                    HEIGHT="63"></String>
          </TextLine>

          
          
          <TextLine ID="eSc_line_b7ff389e"
                    TAGREFS="LT239"
                    BASELINE="99 1220 726 1210" 
                    HPOS="98"
                    VPOS="1167"
                    WIDTH="628"
                    HEIGHT="62">
            <Shape><Polygon POINTS="99 1220 99 1229 545 1229 545 1228 566 1226 647 1220 723 1225 726 1210 724 1174 715 1167 714 1167 712 1167 711 1167 634 1176 567 1168 566 1168 565 1168 529 1177 508 1169 506 1169 505 1169 453 1178 391 1170 389 1170 388 1170 364 1180 313 1172 312 1172 311 1172 309 1172 300 1180 234 1173 232 1173 231 1173 230 1173 219 1181 166 1174 164 1174 163 1174 162 1174 147 1184 98 1184 99 1220"/></Shape>
	    <String CONTENT="croire. Et affin de a ung si grand"
                    HPOS="98"
                    VPOS="1167"
                    WIDTH="628"
                    HEIGHT="62"></String>
          </TextLine>

          
          
          <TextLine ID="eSc_line_51bbb720"
                    TAGREFS="LT239"
                    BASELINE="97 1262 724 1258" 
                    HPOS="94"
                    VPOS="1216"
                    WIDTH="629"
                    HEIGHT="78">
            <Shape><Polygon POINTS="160 1218 147 1218 134 1218 133 1218 94 1224 95 1261 95 1290 301 1294 303 1294 304 1294 305 1294 313 1287 317 1283 331 1286 353 1293 355 1293 356 1293 420 1285 437 1283 450 1285 512 1293 513 1293 514 1293 516 1293 528 1283 530 1282 595 1282 597 1282 619 1291 621 1291 622 1293 688 1293 688 1291 690 1291 723 1279 723 1257 720 1216 449 1216 448 1216 446 1216 445 1216 441 1220 436 1222 379 1220 300 1217 299 1217 276 1221 264 1224 234 1222 166 1218 160 1218"/></Shape>
	    <String CONTENT="nõbre satisfaire il a fallu edifier for"
                    HPOS="94"
                    VPOS="1216"
                    WIDTH="629"
                    HEIGHT="78"></String>
          </TextLine>

          
        </TextBlock>
        
        <TextBlock HPOS="737"
                   VPOS="939"
                   WIDTH="127"
                   HEIGHT="77"
                   ID="eSc_textblock_9c39ccc1"
                   TAGREFS="BT712">
          <Shape><Polygon POINTS="739 939 737 1013 864 1016 864 939"/></Shape>
          
          
          <TextLine ID="eSc_line_811a6572"
                    TAGREFS="LT239"
                    BASELINE="741 983 853 983" 
                    HPOS="740"
                    VPOS="939"
                    WIDTH="112"
                    HEIGHT="75">
            <Shape><Polygon POINTS="740 982 740 1011 784 1004 851 1014 852 982 852 949 740 939 740 982"/></Shape>
	    <String CONTENT="Hiere.5."
                    HPOS="740"
                    VPOS="939"
                    WIDTH="112"
                    HEIGHT="75"></String>
          </TextLine>

          
        </TextBlock>
        

        
      </PrintSpace>
    </Page>
  </Layout>
</alto>
