1092 1595
561 81 246 70 Des fruictz

375 143 643 63 ce poullailliers/ ⁊ plusieͬs nidz pour

377 196 637 59 tant de huppes loger. Or nõbrez si

381 243 632 60 uous pouez tous les cloistres/ ab¬

377 295 633 57 bayes/ priorez/ monasteres/ tẽples/

380 344 633 50 chappelles/ chanoineries/ tãt de au¬

379 380 635 63 telz portatifz ⁊ non portatifz/ tãt de

380 431 633 52 prebẽdes ⁊ telles choses/ q̃ ceste mes¬

379 483 634 55 se nous a produictz/ ⁊ sur cela pẽsez

381 522 632 60 ung peu ie uous prie/ ⁊ uoꝰ uerrez

380 568 634 60 q̃ ce poeut estre. Nest ce pas grande¬

379 615 634 53 ment fructifie? Auarice y a fort besõ

380 660 633 55 gne/ tesmoĩg ung de leur ordre nõ¬

373 704 643 64 me Guillaume de Peraldo/ en son

379 754 635 62 tẽps euesque de Lyon/ en la somme

379 801 634 52 quil a faicte des uices ⁊ uertus/ par

377 846 637 59 tie seconde/ au tiltre de Simonie/ la

379 893 635 54 ou il dit q̃ auarice a trouue la multi

377 938 639 57 tude des autelz/ ⁊ des collectes a la

377 983 633 60 messe/ laquelle chose finablemẽt est

379 1038 627 54 tournee en horrible idolatrie. Car ꝑ

379 1077 631 66 tel moyen/ le paoure peuple a este

379 1132 630 54 apris de cercher ⁊ adorer dieu/ aux

379 1170 633 60 tẽples ⁊ lieux faictz de la main de

376 1217 632 76 lhõme/ iasoit (comme Esaie a dit/ ⁊

232 684 140 68 Guiliel

238 744 130 46 mus de

236 780 121 48 Peral¬

236 824 123 42 do ep̃s

238 865 125 57 Lugdu.

231 1205 138 81 Esa.66.
