1092 1595
250 101 230 63 de la messe

74 158 636 67 sainct Estiẽne a bien allegueᷤ que le

75 213 633 60 tres haut ny soit point habitãt, en la

75 269 635 51 maniere quisz pẽsent. Car le temple

75 307 633 55 du dieu uiuant. est le cocur, lame, ⁊

74 352 636 61 l esperit du fidele. Pour laq̃lle cause

78 397 629 65 Iesus christ disoit, q̃ les ueritables

77 445 629 62 adorateurs ne adorerõt point le sei-

78 493 625 62 gneur dieu, ne en la mõtaigne, ne en

78 536 632 62 Hierusalem; mais en esperit ⁊ ueri-

77 584 634 59 te. Et pourtãt dit S Paul, le fide-

78 634 632 57 le estre habitation ⁊ tẽple du sainct

82 679 625 54 esperit. Et aussi Iesꝰ christ uoulãt

82 727 632 58 dõner cõsolation a tout hõme fide-

82 772 630 61 le, en parlãt de son pere, de luy mes-

78 820 644 53 me, ⁊ de l esperit de uerite q̃ le mõde

83 869 633 56 ne poeut prendre, disoit ainsi. Nous

90 915 628 52 uiendrons a luy, ⁊ ferons demeure

87 960 629 55 auec luy.Il ne disoit point. Nous

90 1003 625 57 uiendrõs en ung tel temple, ou en

90 1051 629 61 ung tel lieu, ou sur ung tel autel;

89 1097 630 60 mais il disoit, nous uiendrõs a luy

91 1144 629 65 s⁊ ferõs demeure auec luy. Po᷑ quoy

93 1194 627 58 donc a uostre aduis a on appris le

93 1238 623 79 peuple a ainsi courir ca ⁊ la sinon

718 163 100 62 Act'.⁊.

716 474 133 60 soan.⁊.

716 596 125 56 i. corl.s.

715 681 128 62 ⁊. corĩs.

722 802 121 65 oã.it.
