1092 1595
583 102 244 70 Des fruictz

375 171 625 68 pour empoigner ce quil apporte? O

376 212 632 71 insatiable cupidite. Certes ie ose biẽ

376 265 632 64 dire que les brigãs des boys ne sont

377 308 628 65 point tãt a craĩdre q̃ ces antechristz

375 354 634 71 lesquelz nont point seulemẽt pille et

376 401 630 69 desrobe les biẽs tẽporelz du peuple:

375 453 633 57 mais ont iecte ⁊ aliene par leur fau-

375 495 634 65 se doctrine quasi tout le mõde hors

375 542 634 61 de la uoye de salut/ hors du seigñr

377 588 632 67 dieu/ ⁊ de toute uerite. Icy endroit

377 635 636 62 on ne deburoit poĩt parler: mais seu

375 683 634 63 lemẽt lamenter/ gemir ⁊ plorer par

377 727 631 67 grand doleur ⁊ tristesse. Et pourtãt

376 774 632 66 ie me deporte de parler de leͬs faulx

376 818 630 68 miracles/ de leurs idoles/ dor/ dar-

377 867 629 67 gent/ de pierre/ de terre/ de boys ⁊c.

375 917 631 57 de leurs pelerinages/ de leurs uoya

375 962 627 69 ges/ ⁊ telles manieres de seductiõs/

376 1004 632 67 par lesquelles choses le mõde est to-

375 1055 556 66 tallemẽt en tencbres ⁊ abysme.

421 1103 587 58 Cest le mal dont au cõmencemẽt

375 1152 627 61 de ce malheureux fruict/ ie auoye ꝓ-

376 1193 628 67 mis de parler/ qui de tous maulx

376 1241 628 77 est le plus grand/ ⁊ iamais hõme ne
