1092 1595
448 122 178 64 Preface

268 183 612 64 sur peine de malediction eternelle-

272 232 551 57 uoyre et feust ung ange du ciel.

309 279 578 57 Et ne fault contre cccy alleguer

263 325 621 59 temps ne coustume au cõtraire, cõ-

263 373 620 57 bien longue q̃lle soit ou puisse estre;

264 417 617 66 pourtãt que le seigncur dieu est im-

266 470 619 59 muable. Parquoy le droict diuin ne

264 514 621 61 poeut iamais estre abrogue, ne par

268 556 619 62 songueur ou antiquite de temps, ne

267 602 621 62 mue ou chãge par traditiõs ou cõsti

267 653 620 55 tutions dhõmes. Car la parolle de

270 699 614 54 dieu demeure cterncllement stable-

268 740 616 66 permanẽte ⁊ ueritable, ⁊ nulle puis

270 788 617 66 sance ne peult au cõtraire. Et si par

268 833 615 66 quelque tẽps on a uescu, dit, p̃sche-

271 885 614 62 escript, diffinit, creu ⁊ enscigne au-

267 926 622 62 trement que icelle saincte parolle ne

268 974 621 64 porte ou cõtiẽt, cela n est chose digne

268 1024 615 56 de allegation. Car le tẽps combien

268 1069 619 59 song qu il soit n est rien estime ou re-

270 1115 618 66 pute en la p̃sence de dieu, ainsi que il

270 1161 618 60 est escript. Mille ans en la p̃sence de

270 1209 618 61 dieu estre cõe ung iour passe, c est a

270 1257 591 70 dire cõme riẽz ou bien peu de chose.

130 182 108 62 Gala.

130 233 114 56 Apoca.

130 280 37 54 ..

119 689 125 71 Esa.⁊.

126 1206 114 50 Ds. po.

122 1244 125 70 .. Pet.
