1092 1595
297 79 236 65 de la messe.

97 144 627 60 scauroit pire imaginer. Et q̃ uoul-

94 194 629 61 driez uous pire, que destre donne en

94 248 624 52 sens reprouue, d estre frappe de si ꝓ-

95 288 619 56 fondes tenebres, que on uiẽne iuger

91 332 621 58 le bien estre mal, ⁊ le mal estre bien.

94 381 622 57 Tout cecy par ceste messe sur le peu

94 426 625 57 ple est aduenu, ainsi que pouez clai

93 474 629 52 remẽt entendre, par ce que cy dessus

97 522 626 56 est declaire. De ce mal icy sur tous

93 570 625 53 autres les prophetes ont faict men-

94 614 626 57 tion, quãd par grosses menasses du

94 661 628 54 mal qui debuoit aduenir au peuple

93 708 631 52 incredule ont predict l aueuglement

98 753 621 55 cxecation diceluy. Et n est ce pas

97 801 618 57 raison que celuy qui ne ueult prẽdre

97 848 613 55 ⁊ receuoir bene diction que il luy ad-

95 891 627 58 uienne malediction . Sur quoy ne

98 938 624 57 fault pretendre ou alleguer ignorã

99 984 625 54 ce, en disant que s il ya du mal cest

99 1035 625 54 pour ceulx qui lont inuente tãt seu-

97 1077 626 58 lement. Car certes c est aussi pour

101 1125 623 53 ceulx qui le suyuent, comme il est

98 1170 626 55 escript; Si ung aueugle meinc l au-

101 1217 621 66 tre tous deux tombent en la fosse.

732 186 133 63 Rom.ii.

728 272 132 53 De qͥ di

728 317 132 52 citis ma

730 362 126 50 lum bo-

735 404 86 46 ium.

732 441 115 54 Esa.i.

735 571 128 61 Esaie.s.

726 626 131 46 mat.ii.

732 668 127 47 mare..

736 708 105 48 Luc.S.

740 749 129 51 ioan.r.

736 792 100 45 Act'.⁊ s.

736 832 121 47 Rom̃.i.

730 871 114 67 Ps ioi.

728 1174 108 60 mat..
