1092 1595
383 431 147 153 I

414 74 563 73 Poͬquoy se maĩtiẽt la messe.

369 139 628 69 Et pourtant ie uous prie que cha-

373 195 249 68 scun y aduise.

413 284 551 53 Declaration sixiesme, de la cause

413 326 547 58 et pourquoy, on doibt maintenir

414 366 149 54 la messe.

534 430 468 53 A cause est euidente, puis q̃

533 473 472 65 tant de fruict elle produit.

525 519 483 65 Nest ce pas une source de

376 566 632 70 souppe grasse ;n est ce point une bõ-

373 611 633 62 ne uache a laict. Et qui oncque uit

376 660 624 64 telle truye, qui tant ayseement

376 709 630 67 tant doulcement ⁊ grassement ayt

376 756 628 62 nourry tant de cochons. Pour quoy

376 798 632 68 donc la uouldroient ilz abandõner

376 845 629 66 puis q̃ tãt bõne il la trouuẽt; uraye-

376 891 632 63 mẽt a bon droict ilz la maintiẽnẽt.

376 939 628 67 Car elle est a leur uẽtre fort ꝓpice,

376 984 629 68 ilz ne ont besoing de faire riẽ, destu-

376 1031 628 68 dier encore moĩs, q̃ uoulez uoꝰ plꝰ ⁊

376 1080 625 68 Autre cause ie ne trouue pourquoy

377 1127 631 59 on la doibue maintenir, sinon ainsi

377 1172 629 68 que les sacrificateurs Babyloniens

377 1217 633 82 maintenoiẽt leur dieu Bel; pourtãt
