1092 1595
111 86 603 72 Le moyẽ de maĩtenir la messe.

95 151 640 68 que ilz estoiẽt nourris eux, leurs fẽ

93 203 630 57 mes ⁊ petis enfans de ce q̃ on offroit

93 249 637 54 a celle idole. Mais ainsi q̃ ung Da

91 296 635 62 niel suruint qͥ descouurit leur faulx

91 350 632 54 ouurage, ⁊ par ainsi furent confuz,

91 389 636 61 aussi dieu suscitera ⁊ ia a suscite ung

90 442 642 56 Daniel plain de l esperit de uerite, qͥ

90 485 638 57 plaincment donnera a cõgnoistre la

86 530 633 56 faulcete de la messe, tant couuerte ⁊

91 578 625 63 palliee, ⁊ uoila paoures sacrifica-

90 632 249 49 teurs au bas.

130 712 549 50 D eclaration septiesme, du moyen-

130 754 556 50 de la maniere, ⁊ cõment, on pourra

133 805 449 41 maintenir cefte paoure messe.

247 848 481 58 Uis que por les causes pre-

243 897 488 56 dictes on doibt maĩtenir la

239 942 489 62 messe, reste uoir la manie-

89 988 641 64 re, le moyen, ⁊ cõmẽt cela se pourra

90 1036 637 63 faire, car cest le prĩcipal de leur cas.

89 1083 635 66 Entẽdez icy paoures sacrificateurs.

90 1131 637 63 car plus ne auez autre refuge. Et

91 1177 633 68 pourtãt uous me deburiez bien ay-

91 1224 632 78 mer, ueu que tãt suis songneux de

740 194 123 73 dal.i⁊.

102 848 147 163 D

743 435 138 58 Reuelas

742 486 153 53 e mẽda

743 529 138 46 cium de.

746 568 118 84 truoisse

738 608 42 68 isi.

569 1268 61 75 F
