1092 1595
446 102 494 62 Le moyen de maintenĩr

381 167 635 61 uostre affaire. Or entendez donc

380 220 632 55 bien ⁊ retenez le conseil qui sensuit.

381 267 633 58 Car iamais de meilleur pour uostre

380 315 634 49 cas nen pourrez trouuer. Premiere¬

381 357 635 53 mẽt il uous cõuient noter q̃ il ny a

380 406 636 53 q̃ deux manieres de maintenir une

383 454 630 52 chose. Lune est par force/ lautre par

381 503 631 52 droict. Parquoy une des deux uoꝰ

383 546 630 58 faut choisir. Aduisez laq̃lle des deux

384 592 632 53 uous est plus propre. Si au droict

385 638 629 51 uous uoꝰ rẽdez/ certes uostre mes¬

384 684 630 61 se est a fin. Car faulsete/ hypocrisie/

388 733 625 55 ⁊ mensonge (cõbien qͥl tarde au lõg

387 778 631 58 aller) par droict ⁊ uͬite sõt ruez ius.

400 826 621 61 Il ne uous demeure dõc que la for

384 875 630 56 ce qui nest pas la meilleure partie.

385 919 629 63 Parquoy ie ne scay q̃ puissiez faire/

385 966 631 58 sinon que par uostre esperit maling

385 1015 632 57 (ainsi que ia auez bien cõmence) a la

387 1063 630 53 force uous uous tiendrez/ ⁊ autant

389 1104 628 57 q̃ faire ce pourra/ le cõcil general em

389 1151 628 61 pescherez. Par ce moyen la maintiẽ

389 1197 627 60 drez: mais le seigͬ (cõtre qͥ uous ba¬

388 1244 628 70 taillez) finablemẽt uous destruira.

256 724 123 60 Super

244 777 135 45 oĩa uin¬

243 820 133 49 cit ueri¬

243 859 80 46 tas.

246 898 143 61 3.Esd.3.
