1092 1595
216 196 145 88 i plerai. d

391 82 590 80 C. G. aux fideles Lecteurs.

403 158 605 61 ¶ Treschers freres ⁊ amys/ rache

376 210 629 58 tez (cõme dit S. Pierre)  non par or

371 263 637 49 ou argẽt: mais du precieux sang de

375 304 631 58 Iesus christ/ ne permettez poĩt estre

369 349 637 59 ainsi marchãdez comme iusque au-

368 396 640 59 iourdhuy ont de nous marchãde les

369 442 637 60 sacrificateurs/ ⁊ ne soyez seruiteurs

369 487 637 56 des hõmes cõme uoꝰ assubiectissãs

368 536 640 55 a eux pour desplaire au seigñr dieu.

371 582 633 54 Mais ꝯsiderez ur̃e liberte ⁊ dignite/

369 631 640 53 spirituelle/ de laq̃lle dieu uoꝰ a faict

371 675 638 60 frãcz ⁊ dignes: ⁊ delaissez la seruitu

371 721 635 55 de de la messe/ ⁊ de ces sacrificateͬs

373 768 633 58 par trop uous rẽdãs subiectz/ cõtre

371 814 635 53 lordonnãce de nostre Seigñr: cõme

371 861 635 56 par cy deuãt fidelemẽt uous a pro-

371 907 631 61 pose ⁊ demõstre nostre loyal et bon

369 953 637 54 amy Pantapole/ ueritable cẽseur. A

372 1000 634 60 quoy uoꝰ prie par le nom de Iesus

375 1047 630 54 y penser diligẽment: ⁊ de tout en iu-

375 1093 631 55 ger cõme uous a este predict au cõ-

372 1141 630 60 mencemẽt, sans hayne ⁊ corruption

373 1189 629 57 de iugemẽt. Et toy principallemẽt/

373 1237 627 70 qui de ces choses as la cõgnoissãce/
