1092 1595
94 159 633 56 regarde cõmet tu pourras estre ex-

94 204 634 59 cuse deuãt dieu/ ueu q̃ tu assiste a la

93 252 634 57 messe/ chief de toute idolatrie ⁊ abo-

93 299 635 58 minatiõ/ cõme uoulãt cõmuniquer

93 344 631 64 a la table de Christ ⁊ de Lãtechrist/

94 393 632 61 ou du diable: ⁊ par aĩsi seruir a deux

94 439 634 60 seigneurs/ ce qͥ ne se poeut deuement

95 483 635 63 faire. Car il fault estre tout ung ou

95 532 631 55 tout autre/ ne clochãt poĩt des deux

98 576 633 64 piedz. Mais cõme disoit Helie: Si le

97 623 635 65 seigñr est dieu/ seruir a luy: si Baal

95 672 639 57 est dieu/ le suyure. Si aussi la cene de

97 719 637 62 Christ/ est de Dieu, la tenir: si la

97 764 641 65 messe ne est uraye, la laisser/ sãs ua

97 817 635 57 rier des deux costez, comme gens a

99 858 632 60 deux uisages. Dont S. Paul repre

98 905 630 57 nant les Corinthiens qui semblable

99 950 633 64 mẽt uouloiẽt assister a lung ⁊ a lau

99 999 636 56 tre/ dict: Uous ne pouez boire le cali

99 1043 636 61 ce de nostre Seigñr/ ⁊ le calice des

102 1092 632 64 diables. Uous ne pouez estre parti-

103 1140 628 54 cipans de la table de nostre Seigñr/

106 1186 628 58 ⁊ de la table du diable. Uoulõs noꝰ

107 1233 651 76 prouocquer a ire le seigneur ⁊c. Et

735 608 134 81 3.reg.18d

734 891 151 68 1.cor.10.c

530 1281 104 62 F .iii.
