1092 1595
381 159 636 54 encore sur tout toy miserable qui as

381 203 635 58 entiere intelligence de uerite/ cõme

383 251 631 61 ose tu procurer/ prẽdre/ ⁊ retenir les

380 299 636 57 benefices que iustemẽt on deburoit

380 342 636 60 nõmer uenefices procedans de ceste

381 389 636 56 orde/ uillaine/ ⁊ abominable source

381 435 635 56 de Rõme? Tu scais que ce sont biẽs

381 482 632 62 de anathema plus horrible q̃ celuy

383 532 633 59 de Hierico/ conquis. Tu ne ignore

383 576 629 59 point en receuãt Euesche/ Abbaye/

380 630 638 54 Cure/ Chanoinerie, que tu consens a

381 669 636 59 toutes les abominations qui se fõt

381 713 635 64 iournellemẽt esdictz lieux cõtre lhõ

380 760 632 62 neur de Dieu. Quelle excusation

384 809 632 61 peulx tu pretendre deuãt dieu/ ⁊ de¬

380 855 636 59 uant les hõmes/ ueu q̃ tu scais par

381 902 635 61 la parolle de dieu que ce ne sont que

381 949 636 61 abuz? Aucun dira/ si ie ne recoy ce be

379 995 637 63 nefice ung autre le aura, qui ꝑsecu¬

384 1043 632 58 tera les freres/ qui gaudira du reue

383 1089 633 62 nu/ ⁊ qui n en dõnera rien aux pao¬

385 1136 629 61 ures. A toy ie respondz paroy blan¬

387 1182 623 58 che/ cault regnart/ sepulchre paint/

391 1229 623 77 ⁊ faulx hypocrite/ que nullement tu
