1092 1595
107 127 631 68 ne dois ce faire. Car lapostre dit/ qͥl

109 180 623 67 ne fault poĩt faire des maulx affin

109 227 631 66 qͥl en resourde du biẽ. Puis/ qͥ est ce-

107 273 636 68 luy qͥ ne scait q̃ les richesses fõt dãner

107 322 637 60 leurs possesseurs par orgueil/ auari

111 373 632 60 ce/ gourmãdise/ ⁊ par luxure qui de

113 414 629 64 elles cõme dung ord bourbier proce

113 461 630 66 dent? Toy donc qui recoys les bene

117 510 627 62 fices ⁊ chante la messe/ ou a tout le

117 554 622 64 moins tu consens ⁊ assiste a ceux qͥ

117 603 630 62 la chantent, soit pour en auoir la

119 647 629 64 commodite/ soit pour temporiser et

121 693 629 60 uiure faisant la court a Leuangile

121 748 625 56 auec les autres en paix et repos/

121 786 629 67 enfouissant ce pendant et cachant

122 834 630 61 le talent du Seigneur, quelque euã

125 881 622 65 gile et uerite que tu die auoir, tu en

123 930 631 54 es moins excuse. Car comme aueu-

125 972 631 64 gle ⁊ cõducteur des aueugles, met-

126 1020 632 65 tant offẽse ⁊ scãdale deuãt ton pro-

129 1071 627 61 chain, tu ne idolatre pas tant seule-

129 1113 627 67 ment, mais fays les autres idola-

130 1161 624 64 trer, seruãt a lidole, quand tu dis/

134 1213 626 70 par parolles ou faictz d ung peu

755 128 108 70 Ro.3.b.

532 1253 122 69 f .iiii.
