1092 1595
317 74 272 70 de Lautheur.

150 140 581 72 D auãtaige, dieu a ordõne tẽps

107 188 625 72 oportun, iouxte son bon plaisir, au-

106 239 618 60 quel il a determine reueler ⁊ mani-

109 281 627 73 fester sa uerite, lequel tẽps ne poeut

110 328 624 66 estre auãce ne retarde. Lar le ꝓpos

113 374 623 65 de dieu est immuable, ce que noꝰ est

113 421 623 70 appertemẽt mõstre ⁊ declaire en la

114 466 618 66 temporelle ⁊ saincte natiuite de son

115 515 623 67 filz, lequ el n est point incõtinẽt ue-

114 560 624 74 nu apres la trãsgression de Adam;

117 612 622 65 mais a longuement attendu, ⁊ par

117 656 626 67 l espace de plus de troys mille ans a

118 699 626 70 delaisse le monde en ydololatrie. Ce

118 745 629 72 non obstant, quãd la plenitude du

121 792 619 66 tẽps ordõne de dieu a este accõplye-

122 844 626 59 alors il a enuoye son filz faict d une

118 883 628 71 fẽme, faict soubz la loy; affin qͥl ra-

123 937 607 69 chetast ceulx qͥ estoiẽt soubz la loy.

178 980 572 67 Or apres nous auoir faict ceste

126 1028 629 68 grãde misericorde, ne scroit ce pas

129 1077 625 67 gros orgueil ⁊ malheureuse ingra-

129 1117 627 69 titude, au lieu de luy rẽdre graces ⁊

130 1167 630 69 mercys pour une tãt benigne ⁊ cha

115 1209 640 89 ritable d ilectiõ: par laq̃lle il a dõne

742 233 122 63 Rom̃i.

764 885 113 65 Gal.R.

510 1262 116 63 A iiis
