<?xml version="1.0" encoding="UTF-8"?>
<alto xmlns:xsi="http://www.w3.org/2001/XMLSchema-instance"
      xmlns="http://www.loc.gov/standards/alto/ns-v4#"
      xsi:schemaLocation="http://www.loc.gov/standards/alto/ns-v4# http://www.loc.gov/standards/alto/v4/alto-4-2.xsd">
  <Description>
    <MeasurementUnit>pixel</MeasurementUnit>
    <sourceImageInformation>
      <fileName>90_bbc25_default.jpg</fileName>
      <fileIdentifier>https://www.e-rara.ch/nev_r/i3f/v20/11399827/full/full/0/default.jpg</fileIdentifier>
    </sourceImageInformation>
  </Description>
  
  <Tags>
    <OtherTag ID="BT710" LABEL="DropCapitalZone" DESCRIPTION="block type DropCapitalZone"/><OtherTag ID="BT711" LABEL="MainZone" DESCRIPTION="block type MainZone"/><OtherTag ID="BT712" LABEL="MarginTextZone" DESCRIPTION="block type MarginTextZone"/><OtherTag ID="BT797" LABEL="TitlePageZone" DESCRIPTION="block type TitlePageZone"/><OtherTag ID="BT799" LABEL="StampZone" DESCRIPTION="block type StampZone"/><OtherTag ID="BT801" LABEL="GraphicZone" DESCRIPTION="block type GraphicZone"/><OtherTag ID="BT1176" LABEL="MarginTextZone:handwrittenAddition" DESCRIPTION="block type MarginTextZone:handwrittenAddition"/><OtherTag ID="BT1177" LABEL="QuireMarksZone" DESCRIPTION="block type QuireMarksZone"/>
    <OtherTag ID="LT238" LABEL="DropCapitalLine" DESCRIPTION="line type DropCapitalLine"/><OtherTag ID="LT239" LABEL="DefaultLine" DESCRIPTION="line type DefaultLine"/><OtherTag ID="LT256" LABEL="HeadingLine" DESCRIPTION="line type HeadingLine"/>
  </Tags>
  
  <Layout>
    <Page WIDTH="1092"
          HEIGHT="1595"
          PHYSICAL_IMG_NR="90"
          ID="eSc_dummypage_">
      <PrintSpace HPOS="0"
                  VPOS="0"
                  WIDTH="1092"
                  HEIGHT="1595">
        
        <TextBlock HPOS="59"
                   VPOS="150"
                   WIDTH="669"
                   HEIGHT="1207"
                   ID="eSc_textblock_82115c05"
                   TAGREFS="BT711">
          <Shape><Polygon POINTS="75 154 59 1357 715 1340 728 150"/></Shape>
          
          
          <TextLine ID="eSc_line_bc6c2e57"
                    TAGREFS="LT239"
                    BASELINE="89 206 722 200" 
                    HPOS="87"
                    VPOS="159"
                    WIDTH="635"
                    HEIGHT="57">
            <Shape><Polygon POINTS="712 163 699 163 686 163 673 163 659 163 646 163 633 163 619 163 606 163 593 163 579 163 566 163 553 162 540 162 526 162 513 162 500 162 486 162 473 162 460 162 446 162 433 162 420 162 407 160 393 160 380 160 376 160 369 162 363 162 356 162 345 160 340 160 327 160 313 160 300 160 287 160 273 160 268 160 260 162 258 159 247 159 234 159 220 159 207 159 203 159 159 163 154 159 154 159 140 159 127 159 114 159 101 159 87 170 89 206 89 216 722 210 722 200 719 163 712 163"/></Shape>
	    <String CONTENT="princes ⁊ gouuerneurs est enioinct"
                    HPOS="87"
                    VPOS="159"
                    WIDTH="635"
                    HEIGHT="57"></String>
          </TextLine>

          
          
          <TextLine ID="eSc_line_4d372746"
                    TAGREFS="LT239"
                    BASELINE="89 251 716 245" 
                    HPOS="87"
                    VPOS="202"
                    WIDTH="629"
                    HEIGHT="57">
            <Shape><Polygon POINTS="606 202 593 202 585 208 563 202 553 203 547 203 532 210 530 210 522 203 513 203 505 203 449 210 445 210 437 203 433 203 420 203 407 203 393 204 388 204 365 210 357 211 348 210 316 204 315 204 313 204 312 204 304 210 300 211 87 211 89 251 89 259 715 252 716 245 714 210 613 202 606 202"/></Shape>
	    <String CONTENT="de ruiner ⁊ aneantir telle idolatrie-"
                    HPOS="87"
                    VPOS="202"
                    WIDTH="629"
                    HEIGHT="57"></String>
          </TextLine>

          
          
          <TextLine ID="eSc_line_e695c06f"
                    TAGREFS="LT239"
                    BASELINE="89 299 719 293" 
                    HPOS="87"
                    VPOS="248"
                    WIDTH="632"
                    HEIGHT="63">
            <Shape><Polygon POINTS="89 299 90 311 117 304 186 309 191 309 192 309 196 309 246 303 353 307 397 308 399 308 400 308 401 308 401 307 403 307 403 305 407 301 718 301 719 293 715 248 87 259 89 299"/></Shape>
	    <String CONTENT="par tout moyen qui soit. Autremẽt"
                    HPOS="87"
                    VPOS="248"
                    WIDTH="632"
                    HEIGHT="63"></String>
          </TextLine>

          
          
          <TextLine ID="eSc_line_9111101f"
                    TAGREFS="LT239"
                    BASELINE="87 345 715 340" 
                    HPOS="86"
                    VPOS="296"
                    WIDTH="629"
                    HEIGHT="64">
            <Shape><Polygon POINTS="456 296 454 296 453 296 445 303 410 296 409 296 408 296 407 296 396 304 395 304 381 304 277 297 276 297 275 297 252 304 196 299 195 299 194 299 192 299 184 305 183 305 180 305 106 299 105 299 103 299 86 304 87 345 89 360 118 350 212 357 235 358 236 358 238 358 242 357 258 349 272 356 275 357 276 357 277 357 279 357 283 356 299 349 308 354 311 357 312 357 313 357 315 357 329 354 356 349 373 353 387 357 388 357 389 357 391 357 392 357 392 356 396 353 403 348 426 352 440 354 441 354 505 350 570 346 605 348 704 354 706 354 707 354 708 354 708 353 715 346 715 340 712 301 457 296 456 296"/></Shape>
	    <String CONTENT="si ainsi perseuerez iamais nentrerez"
                    HPOS="86"
                    VPOS="296"
                    WIDTH="629"
                    HEIGHT="64"></String>
          </TextLine>

          
          
          <TextLine ID="eSc_line_1ec55254"
                    TAGREFS="LT239"
                    BASELINE="87 393 716 385" 
                    HPOS="86"
                    VPOS="342"
                    WIDTH="630"
                    HEIGHT="63">
            <Shape><Polygon POINTS="87 393 87 398 125 405 126 405 127 405 129 405 135 398 136 397 202 397 715 397 716 385 714 345 553 342 551 342 508 348 489 350 472 349 417 344 416 344 373 350 367 352 364 352 349 345 348 345 347 345 280 353 273 353 264 346 263 346 262 346 260 346 228 353 146 348 144 348 86 356 87 393"/></Shape>
	    <String CONTENT="en la terre de promission, non plus"
                    HPOS="86"
                    VPOS="342"
                    WIDTH="630"
                    HEIGHT="63"></String>
          </TextLine>

          
          
          <TextLine ID="eSc_line_2f8cd6e2"
                    TAGREFS="LT239"
                    BASELINE="86 439 712 435" 
                    HPOS="85"
                    VPOS="388"
                    WIDTH="627"
                    HEIGHT="59">
            <Shape><Polygon POINTS="545 388 544 388 542 388 529 393 520 396 500 393 468 389 466 389 465 389 464 389 464 390 460 394 454 400 437 400 433 394 429 392 429 390 428 390 426 390 399 389 391 390 381 390 375 396 371 400 341 400 335 396 321 390 311 390 297 397 289 401 258 401 254 397 248 392 247 392 246 392 244 392 243 392 230 398 226 400 215 398 184 393 178 393 164 393 163 393 156 400 155 401 85 401 86 439 86 445 710 447 712 435 708 390 571 397 558 392 546 388 545 388"/></Shape>
	    <String CONTENT="que Aaron ⁊ les siẽs. Mais encore qͥ"
                    HPOS="85"
                    VPOS="388"
                    WIDTH="627"
                    HEIGHT="59"></String>
          </TextLine>

          
          
          <TextLine ID="eSc_line_33ca65f9"
                    TAGREFS="LT239"
                    BASELINE="83 485 715 485" 
                    HPOS="83"
                    VPOS="438"
                    WIDTH="632"
                    HEIGHT="56">
            <Shape><Polygon POINTS="462 438 461 438 460 438 458 438 446 447 383 447 360 438 359 438 357 438 296 446 288 439 288 438 283 439 270 439 256 439 250 439 223 446 184 439 176 439 170 439 147 446 125 439 123 439 115 439 107 447 83 447 83 485 83 494 715 489 715 485 715 447 573 438 571 438 481 446 464 438 462 438"/></Shape>
	    <String CONTENT="est plꝰ a estimer, au royaume d dieuz"
                    HPOS="83"
                    VPOS="438"
                    WIDTH="632"
                    HEIGHT="56"></String>
          </TextLine>

          
          
          <TextLine ID="eSc_line_fc0e75a4"
                    TAGREFS="LT239"
                    BASELINE="83 531 716 526" 
                    HPOS="82"
                    VPOS="487"
                    WIDTH="634"
                    HEIGHT="57">
            <Shape><Polygon POINTS="83 531 83 536 186 544 187 544 188 544 190 544 198 536 222 536 309 536 311 536 329 543 331 543 332 543 391 536 405 535 408 536 414 542 416 542 417 542 418 542 442 536 449 535 454 536 473 542 474 542 476 542 477 542 500 536 505 535 509 536 524 542 525 542 526 542 554 536 566 534 577 536 593 540 594 540 595 540 716 535 716 526 714 487 82 487 83 531"/></Shape>
	    <String CONTENT="la spirituelle ⁊ uraye terre de ꝓmis-"
                    HPOS="82"
                    VPOS="487"
                    WIDTH="634"
                    HEIGHT="57"></String>
          </TextLine>

          
          
          <TextLine ID="eSc_line_69ab04b4"
                    TAGREFS="LT239"
                    BASELINE="86 579 716 572" 
                    HPOS="85"
                    VPOS="529"
                    WIDTH="631"
                    HEIGHT="65">
            <Shape><Polygon POINTS="388 530 356 535 331 540 292 540 284 535 279 531 277 531 276 531 275 531 273 531 266 535 255 539 235 535 218 531 216 531 215 531 203 535 184 540 85 535 86 579 86 594 133 587 276 590 329 591 331 591 332 591 333 591 335 590 341 584 379 588 397 590 399 590 715 580 716 572 714 536 582 529 581 529 579 529 559 535 555 538 461 538 457 535 446 530 445 530 444 530 442 530 441 530 433 535 429 538 416 535 389 530 388 530"/></Shape>
	    <String CONTENT="sion. En laquelle dieu par sa grace"
                    HPOS="85"
                    VPOS="529"
                    WIDTH="631"
                    HEIGHT="65"></String>
          </TextLine>

          
          
          <TextLine ID="eSc_line_1ea7bbfe"
                    TAGREFS="LT239"
                    BASELINE="82 624 715 619" 
                    HPOS="81"
                    VPOS="578"
                    WIDTH="634"
                    HEIGHT="53">
            <Shape><Polygon POINTS="82 624 82 631 714 626 715 619 712 582 416 578 414 578 268 586 259 586 252 580 252 579 251 579 250 579 248 579 247 579 220 586 215 588 81 588 82 624"/></Shape>
	    <String CONTENT="nous retirant de cest Cgypte mon-"
                    HPOS="81"
                    VPOS="578"
                    WIDTH="634"
                    HEIGHT="53"></String>
          </TextLine>

          
          
          <TextLine ID="eSc_line_b4090b55"
                    TAGREFS="LT239"
                    BASELINE="82 672 715 668" 
                    HPOS="81"
                    VPOS="620"
                    WIDTH="634"
                    HEIGHT="56">
            <Shape><Polygon POINTS="578 620 577 620 575 620 562 622 501 631 482 623 480 622 478 622 466 622 453 622 440 622 429 622 428 622 426 622 425 622 424 623 414 630 377 624 368 623 360 623 352 623 351 624 341 631 288 632 81 628 82 672 82 676 715 673 715 668 710 620 677 631 595 631 581 622 579 620 578 620"/></Shape>
	    <String CONTENT="dain nous conduise, par le grand"
                    HPOS="81"
                    VPOS="620"
                    WIDTH="634"
                    HEIGHT="56"></String>
          </TextLine>

          
          
          <TextLine ID="eSc_line_1a48cb76"
                    TAGREFS="LT239"
                    BASELINE="85 719 585 713" 
                    HPOS="83"
                    VPOS="671"
                    WIDTH="502"
                    HEIGHT="61">
            <Shape><Polygon POINTS="469 671 456 671 442 671 441 671 418 676 417 676 396 671 389 671 376 671 373 671 360 676 349 671 336 671 323 671 309 671 296 671 283 672 270 672 256 672 243 672 234 672 228 677 207 672 203 672 190 672 188 672 148 677 140 679 135 679 109 672 97 672 83 677 85 719 85 725 195 732 196 732 198 732 223 725 230 724 239 725 273 731 275 731 317 725 333 723 344 724 367 729 368 729 392 724 400 723 403 724 410 729 412 729 413 729 414 729 583 723 585 713 582 676 485 676 472 671 469 671"/></Shape>
	    <String CONTENT="Moyse. Iesus christ. Amen."
                    HPOS="83"
                    VPOS="671"
                    WIDTH="502"
                    HEIGHT="61"></String>
          </TextLine>

          
          
          <TextLine ID="eSc_line_1799d830"
                    TAGREFS="LT239"
                    BASELINE="83 766 707 758" 
                    HPOS="82"
                    VPOS="712"
                    WIDTH="625"
                    HEIGHT="68">
            <Shape><Polygon POINTS="574 715 573 715 518 720 496 721 82 721 83 766 83 780 186 770 235 777 236 778 288 778 289 778 289 777 291 777 292 777 305 769 320 776 321 776 323 776 368 769 377 776 379 776 380 776 381 776 383 776 399 768 480 774 481 774 482 774 500 766 522 773 524 773 525 773 526 773 542 766 630 772 631 772 633 772 634 772 642 765 704 772 707 758 704 720 602 712 601 712 574 713 574 715"/></Shape>
	    <String CONTENT="Mais affin q̃ mieux ⁊ en brief l on"
                    HPOS="82"
                    VPOS="712"
                    WIDTH="625"
                    HEIGHT="68"></String>
          </TextLine>

          
          
          <TextLine ID="eSc_line_47c4aeef"
                    TAGREFS="LT239"
                    BASELINE="83 809 715 806" 
                    HPOS="82"
                    VPOS="761"
                    WIDTH="633"
                    HEIGHT="57">
            <Shape><Polygon POINTS="563 761 562 761 561 761 532 769 510 761 509 761 508 761 505 761 485 769 476 762 468 762 454 762 441 762 428 762 424 762 396 770 377 764 375 764 367 764 348 772 273 772 264 765 255 765 250 765 236 770 231 765 228 765 215 765 202 765 188 765 183 765 178 770 152 766 148 766 135 766 133 766 82 772 83 809 83 818 714 818 715 806 712 770 634 761 633 761 593 769 565 761 563 761"/></Shape>
	    <String CONTENT="ꝯgnoisse le noir du blãc; les tenebres"
                    HPOS="82"
                    VPOS="761"
                    WIDTH="633"
                    HEIGHT="57"></String>
          </TextLine>

          
          
          <TextLine ID="eSc_line_804ab174"
                    TAGREFS="LT239"
                    BASELINE="82 857 714 851" 
                    HPOS="81"
                    VPOS="808"
                    WIDTH="633"
                    HEIGHT="55">
            <Shape><Polygon POINTS="706 808 700 808 663 813 575 808 573 808 559 808 546 808 545 808 530 814 517 808 516 808 514 808 513 808 512 808 509 808 485 814 457 809 448 808 446 808 433 809 388 816 291 812 243 809 242 809 240 809 231 812 215 817 199 812 192 810 191 810 190 810 188 810 183 813 172 817 164 813 159 810 158 810 156 810 81 813 82 857 82 863 712 859 714 851 710 808 706 808"/></Shape>
	    <String CONTENT="de la lumiere ⁊ mẽsõge de uerite, ie"
                    HPOS="81"
                    VPOS="808"
                    WIDTH="633"
                    HEIGHT="55"></String>
          </TextLine>

          
          
          <TextLine ID="eSc_line_91d42e8c"
                    TAGREFS="LT239"
                    BASELINE="82 903 714 899" 
                    HPOS="81"
                    VPOS="854"
                    WIDTH="633"
                    HEIGHT="57">
            <Shape><Polygon POINTS="501 854 500 854 498 854 494 857 478 865 432 858 430 858 396 863 388 858 385 855 384 855 383 855 381 855 356 858 288 867 203 867 176 861 159 857 158 857 81 861 82 903 82 911 712 907 714 899 708 854 670 865 637 865 627 855 627 854 626 854 625 854 623 854 622 854 621 854 607 863 574 855 566 854 565 854 563 854 557 855 526 863 508 857 502 854 501 854"/></Shape>
	    <String CONTENT="redigeray en epilogue ⁊ petit recucil"
                    HPOS="81"
                    VPOS="854"
                    WIDTH="633"
                    HEIGHT="57"></String>
          </TextLine>

          
          
          <TextLine ID="eSc_line_add5eb4b"
                    TAGREFS="LT239"
                    BASELINE="82 951 711 945" 
                    HPOS="81"
                    VPOS="901"
                    WIDTH="630"
                    HEIGHT="59">
            <Shape><Polygon POINTS="700 901 694 906 642 901 639 901 626 901 613 901 601 901 585 906 565 901 559 901 554 901 553 901 546 907 525 901 520 901 508 901 502 902 474 907 452 902 440 902 434 902 425 909 401 903 395 902 387 902 377 902 368 903 329 910 297 905 284 902 280 903 271 903 267 905 254 910 240 906 232 903 227 903 214 903 200 903 187 903 175 903 174 903 172 903 172 905 170 906 166 911 156 907 147 903 146 903 144 903 81 907 82 951 82 960 482 953 561 958 566 958 567 958 571 958 637 951 708 957 711 945 704 901 700 901"/></Shape>
	    <String CONTENT="dspaĩdãt cõe en une table, icelle mes"
                    HPOS="81"
                    VPOS="901"
                    WIDTH="630"
                    HEIGHT="59"></String>
          </TextLine>

          
          
          <TextLine ID="eSc_line_06e9c9fb"
                    TAGREFS="LT239"
                    BASELINE="83 996 714 991" 
                    HPOS="82"
                    VPOS="947"
                    WIDTH="632"
                    HEIGHT="59">
            <Shape><Polygon POINTS="561 947 547 947 542 947 456 953 396 957 357 953 328 949 321 950 319 950 313 953 301 957 230 951 210 950 202 951 196 951 195 951 188 958 82 951 83 996 83 1006 712 998 714 991 711 955 613 955 613 954 606 949 606 947 605 947 603 947 602 947 601 947 581 954 579 954 570 947 561 947"/></Shape>
	    <String CONTENT="se auec ses couleͬs, en laq̃lle on pour"
                    HPOS="82"
                    VPOS="947"
                    WIDTH="632"
                    HEIGHT="59"></String>
          </TextLine>

          
          
          <TextLine ID="eSc_line_b3588b06"
                    TAGREFS="LT239"
                    BASELINE="81 1044 714 1038" 
                    HPOS="79"
                    VPOS="992"
                    WIDTH="635"
                    HEIGHT="58">
            <Shape><Polygon POINTS="582 992 581 992 579 992 554 999 545 1000 528 999 476 994 474 994 473 994 458 999 453 1002 420 1000 336 995 335 995 333 995 332 995 332 996 327 1002 324 1003 300 1002 236 996 235 996 234 996 232 996 224 1002 222 1004 79 1004 81 1044 81 1050 712 1044 714 1038 710 998 597 999 595 998 583 992 582 992"/></Shape>
	    <String CONTENT="ra dunc ueue le tout cõtẽpler mais"
                    HPOS="79"
                    VPOS="992"
                    WIDTH="635"
                    HEIGHT="58"></String>
          </TextLine>

          
          
          <TextLine ID="eSc_line_e238497f"
                    TAGREFS="LT239"
                    BASELINE="82 1089 712 1085" 
                    HPOS="81"
                    VPOS="1040"
                    WIDTH="631"
                    HEIGHT="63">
            <Shape><Polygon POINTS="438 1042 437 1042 436 1042 429 1046 425 1048 392 1046 343 1042 341 1042 317 1046 289 1050 277 1044 272 1043 271 1043 270 1043 250 1044 203 1050 81 1044 82 1089 83 1103 109 1095 244 1100 289 1101 291 1101 292 1101 301 1099 324 1093 380 1097 418 1100 420 1100 469 1096 513 1092 518 1095 524 1099 525 1099 526 1099 528 1099 558 1095 574 1092 589 1093 631 1099 633 1099 663 1092 665 1092 666 1092 679 1099 681 1099 682 1099 683 1099 712 1091 712 1085 710 1048 666 1040 665 1040 663 1040 638 1047 637 1047 623 1047 440 1042 438 1042"/></Shape>
	    <String CONTENT="plꝰ toutesfoys de coeͬ imaginer. Car"
                    HPOS="81"
                    VPOS="1040"
                    WIDTH="631"
                    HEIGHT="63"></String>
          </TextLine>

          
          
          <TextLine ID="eSc_line_4b5c2864"
                    TAGREFS="LT239"
                    BASELINE="81 1137 712 1131" 
                    HPOS="79"
                    VPOS="1087"
                    WIDTH="633"
                    HEIGHT="62">
            <Shape><Polygon POINTS="599 1087 598 1087 565 1095 458 1088 457 1088 408 1096 368 1089 367 1089 365 1089 364 1089 356 1097 230 1097 207 1091 206 1091 204 1091 79 1100 81 1137 81 1141 192 1149 194 1149 250 1143 260 1141 267 1143 292 1148 293 1148 399 1143 481 1139 711 1143 712 1131 710 1095 601 1087 599 1087"/></Shape>
	    <String CONTENT="a ce descrire ⁊ pourtraire toutes les"
                    HPOS="79"
                    VPOS="1087"
                    WIDTH="633"
                    HEIGHT="62"></String>
          </TextLine>

          
          
          <TextLine ID="eSc_line_6f0dae0c"
                    TAGREFS="LT239"
                    BASELINE="82 1184 710 1178" 
                    HPOS="81"
                    VPOS="1136"
                    WIDTH="629"
                    HEIGHT="61">
            <Shape><Polygon POINTS="82 1184 83 1197 113 1189 198 1196 211 1196 212 1196 214 1196 215 1196 215 1194 223 1189 231 1194 234 1197 235 1197 236 1197 238 1197 255 1194 283 1189 316 1193 341 1196 343 1196 403 1192 468 1186 489 1189 512 1193 513 1193 537 1189 558 1185 601 1188 688 1193 690 1193 691 1193 710 1185 710 1178 706 1137 478 1144 466 1141 449 1136 448 1136 446 1136 445 1136 434 1141 428 1145 303 1145 299 1144 291 1137 289 1137 288 1137 287 1137 248 1144 235 1148 138 1148 135 1147 111 1139 110 1139 109 1139 107 1139 81 1147 82 1184"/></Shape>
	    <String CONTENT="plumes ⁊ pinceaux iamais ne suffĩ"
                    HPOS="81"
                    VPOS="1136"
                    WIDTH="629"
                    HEIGHT="61"></String>
          </TextLine>

          
          
          <TextLine ID="eSc_line_a75cacb5"
                    TAGREFS="LT239"
                    BASELINE="81 1229 708 1224" 
                    HPOS="79"
                    VPOS="1182"
                    WIDTH="629"
                    HEIGHT="60">
            <Shape><Polygon POINTS="81 1229 81 1236 222 1242 223 1242 224 1242 243 1234 246 1234 260 1234 355 1241 356 1241 509 1233 514 1233 534 1240 536 1240 537 1240 707 1230 708 1224 704 1188 562 1189 561 1189 553 1182 551 1182 550 1182 549 1182 489 1190 481 1190 474 1190 433 1184 432 1184 337 1192 331 1192 329 1192 307 1185 305 1185 304 1185 219 1193 215 1193 214 1193 180 1186 179 1186 178 1186 176 1186 168 1194 79 1194 81 1229"/></Shape>
	    <String CONTENT="roient, pour le grand ⁊ infiny abus"
                    HPOS="79"
                    VPOS="1182"
                    WIDTH="629"
                    HEIGHT="60"></String>
          </TextLine>

          
          
          <TextLine ID="eSc_line_c3e9f931"
                    TAGREFS="LT239"
                    BASELINE="82 1278 708 1273" 
                    HPOS="81"
                    VPOS="1228"
                    WIDTH="627"
                    HEIGHT="59">
            <Shape><Polygon POINTS="82 1278 82 1287 708 1287 708 1273 703 1228 677 1236 623 1229 606 1228 605 1228 603 1228 602 1228 602 1229 601 1230 594 1237 549 1237 533 1232 525 1229 524 1229 522 1229 480 1233 434 1237 420 1234 393 1229 392 1229 345 1236 328 1238 315 1237 263 1230 262 1230 260 1230 234 1238 230 1240 216 1240 94 1232 93 1232 91 1232 90 1232 81 1238 82 1278"/></Shape>
	    <String CONTENT="qui en ceste messe tant uariable et"
                    HPOS="81"
                    VPOS="1228"
                    WIDTH="627"
                    HEIGHT="59"></String>
          </TextLine>

          
          
          <TextLine ID="eSc_line_ed23b392"
                    TAGREFS="LT239"
                    BASELINE="82 1325 509 1322" 
                    HPOS="82"
                    VPOS="1277"
                    WIDTH="427"
                    HEIGHT="76">
            <Shape><Polygon POINTS="316 1277 315 1277 313 1277 297 1283 291 1286 283 1283 272 1278 271 1278 270 1278 268 1278 267 1278 262 1282 254 1287 171 1281 134 1278 133 1278 131 1278 126 1279 105 1287 82 1279 82 1325 82 1342 114 1339 122 1342 142 1351 143 1351 144 1351 146 1351 172 1342 186 1338 239 1338 247 1342 259 1350 260 1350 262 1350 263 1350 264 1350 283 1342 293 1337 301 1342 313 1351 315 1351 316 1351 317 1353 425 1353 425 1351 426 1351 462 1342 472 1339 506 1341 509 1322 508 1287 473 1277 472 1277 470 1277 469 1277 438 1286 436 1287 353 1287 344 1283 317 1277 316 1277"/></Shape>
	    <String CONTENT="desfiguree, est compris."
                    HPOS="82"
                    VPOS="1277"
                    WIDTH="427"
                    HEIGHT="76"></String>
          </TextLine>

          
        </TextBlock>
        

        
      </PrintSpace>
    </Page>
  </Layout>
</alto>
