1092 1595
79 156 635 68 ls Ilz esseuent le pain ⁊ le calice por

127 210 588 57 le faire adorer. Cõtre Exo.rO.a.

83 256 632 61 R Pour les gestes ⁊ mines qu ilz

130 303 588 58 font tãt hypocrites ⁊ dignes de ri

129 348 586 54 rercõe de mõmeurs ⁊ batelleurs.

130 397 328 57 Contre Ephe.i. ai

85 441 629 58 ¶ Pour ce q̃ souuẽt le sacrificateur qͥ

129 490 593 62 est fornicateͬ; la messe duq̃l est de-

130 538 589 60 fẽdue ꝑ eux mesmes, d ouyr, tou

131 583 587 55 tesfoys on loit. Cõtre.l. Cor.i.c.

94 630 625 62 De ce quon est ꝯtrainct de cõmu

131 679 589 54 nicquer auec le fornicateur, auec

129 725 591 56 lequel toutesfoys on ne doibt poĩt

133 770 392 59 mãger. l. Corin.c.

90 809 630 72 DDe ce qͥlz cõferment ⁊ fauorisẽt

134 861 586 56 a autre purgatoire, q̃ au sang de

139 906 580 68 Iesus Christ. qui seulemẽt nous

135 954 539 54 nettoye. l. Iehã.l.c. Heb. lis.

90 998 632 67 ¶ De ce qu ilz celcbrent cõme symo

135 1048 587 55 niaques pour argẽt, ⁊ autre chose

136 1093 588 58 tẽporelle cõtreuenãs a leurs insti

139 1140 583 58 tutiõs. Cõtre Mat..O.a. Act̾. d.c.

94 1188 628 64 ⁊⁊ Pour ce que elle est dicte ⁊ appli-

143 1233 580 78 quee, tãt pour les bestes ⁊ choses
