1092 1595
418 175 590 68 perdues q̃ pour les gẽs, cõe uucil

418 223 588 64 lãs dũg mesme emplastre guarir

418 269 590 56 toutes maladies. Cõtre.l. Cor. ll.

376 313 632 67 De ce que lune est solennelle, ⁊ a

424 362 584 62 diuerses ceremonies ⁊ facons de

422 406 583 67 faire. plus q̃ l autre. Cõtre Mat

424 458 443 56 thieu.ro.c. l. Corin.llis.

379 498 630 68 De ce que le chãteur de messe se

421 547 587 60 dict estre plus digne ⁊ auoir plus

421 596 587 57 dautorite que toꝰ les anges, que

420 640 589 65 la uierge Marie, ⁊ sainctz. Con

422 689 434 60 tre Rom̃̃.⁊.b. Ephe.G.c.

377 729 632 72 U De ce que par la uertu des parol

420 780 588 66 les. estimẽt q̃ Iesus Christ descen

421 826 587 60 de corporcllemẽt ⁊ toute la court

420 871 588 66 celeste, dedans l hostie. Cõtre Luc

422 925 321 55 C.g. Actes.l.d

379 962 627 64 N De ce q̃ en si grãde superstitiõ re

422 1015 584 62 seruẽt en boytes ⁊ armaires leurs

421 1058 584 63 hosties subiectes a pourritures et

421 1108 581 62 corruption, les pourmenans par

418 1153 586 60 les rues en certain tẽps ⁊ iours.

420 1197 584 64 Contre Matth.rs.c. l. Corin.ll.e

379 1244 625 78 ⁊ De ce quon s en retourne duclle
