1092 1595
130 159 589 64 aussi fol/ cõme on y est alle. Con

131 210 539 62 tre.1.Corin.14.c.d. Colos.3.c.

86 297 630 55 ¶ De plusieurs autres abuz a suꝑstitiõs

85 346 631 48 de la messe congnoistras au liure dit les

85 384 630 50 Cauteles de la messe/ certes cauteleuses:

85 427 630 50 au Rational diuin/ sans raison et rien

85 470 634 52 moins que diuin: en la Sõme ãgelicque/

87 509 632 55 plus que inhumaine ⁊ diabolicque: au

87 551 632 49 Pastoral les ames paissant ⁊ nourrissãt

87 595 632 45 de chardons: ⁊ au Pontifical/ põt de tout

89 634 629 59 mal/ desquelz en sont totalemẽt remplis.

133 701 546 55 ¶ Aucuns fruictz de la messe/ des

191 754 428 50 plus communs ⁊ notables.

89 806 455 59 1 Multitude de prebendes.

87 854 468 45 2 Multitude de prestrailles.

89 893 593 57 3 Multitude de temples ⁊ chapelles.

91 935 390 48 4 Multitude de autelz.

90 975 561 55 5 Diuerses oblations ⁊ offrandes.

91 1020 516 47 6 Richesses terriennes ⁊ orgueil.

91 1059 546 54 7 Loysiuete ⁊ truandise des rases.

89 1100 445 53 8 Multitude de paillardes.

91 1151 431 43 9 Heures ⁊ prieres feinctes.

90 1182 455 55 10 Tresmechante hypocrisie.

91 1228 632 65 11 Rongement de uefues/ orphelins/ et

135 1272 146 58 paoures.
