1092 1595
542 85 176 65 Preface

359 144 630 69 son seul filz) de dire: Pourquoy a

356 194 633 63 il tant attendu de uenir/ que nest il

361 240 297 57 uenu plus tost?

405 287 580 65 Iay subioinct cecy/ pour toucher

356 336 628 57 ⁊ abbatre lingratitude ⁊ arrogance

355 381 627 61 de plusieͬs paoures aueugles. Les¬

353 434 629 55 quelz au temps present (auquel il a

353 478 624 56 pleu a dieu par son infinie bõte/ soy

352 523 629 52 manifester par sa saincte parolle et

351 567 630 61 euãgile de salut: leq̃l en aucun tẽps

352 615 629 60 par la permissiõ de dieu a este despri

352 659 628 57 se/ contẽne/ mis soubz le pied/ corrõ¬

351 705 629 60 pu ⁊ oublie)  disent ces parolles de

349 752 629 58 blaspheme ou aultres sẽblables. Et

348 801 626 62 pourquoy a il tãt attẽdu? pourquoy

344 845 630 64 ne a il reuele cecy plus tost? noz pre¬

345 890 629 65 decesseurs nõt il pas bien uescu? Il

345 937 631 65 nous suffist de uiure ainsi comme

347 986 626 57 eulx/ tant de grandz clercz ⁊ sages

347 1035 627 56 gentz suyuãtz les cõciles ⁊ determi

344 1083 626 58 natiõs des uniuersitez les ceremo¬

344 1131 628 54 nies ⁊ ordonnances du pape/ pour¬

344 1170 628 62 roient ilz bien faillir? Qui sont pa¬

344 1217 622 68 rolles de gẽs ignorãs ou mocqueͬs/
