960 1528
413 61 237 63 Du sacrifice

182 112 667 71 Pour laquelle assommer ⁊ abbatre,

183 162 666 63 au mesme chapitre, incontinent apres

184 207 668 69 il est dit en ceste maniere: Si nous pe-

186 255 666 64 chons uoluntairement apres que a-

186 296 675 66 uons receu congnoissance de uerite, il

188 345 668 71 ne nous est plus laisse sacrifice pour

188 399 203 60 les pechez.

239 432 616 76 Lesquelles parolles en quelque ma

189 482 666 70 niere quon les uueille prendre, sont si

191 530 665 69 claires, si uiues ⁊ puissantes, quon ne

191 576 667 69 se pourroit assez esmerueiller, commẽt

189 623 667 64 le mõde a este si abuse, si aueugle ⁊ de-

192 669 667 68 ceu, de souffrir quon ait encore uoulu

195 718 663 66 sacrifier ⁊ presenter aucun sacrifice ui

195 764 663 67 sible ⁊ exterieur au Seigneur Dieu,

195 811 664 63 pour noz pechez: attendu qͥ si constam

195 856 664 67 ment, si puissamment, tant de foys ⁊

196 900 663 72 si souuent, iceluy sainct Apostre affer-

195 946 665 65 me ⁊ dict, quil ny a plus aucun sacri-

197 995 662 66 fice, ne iamais naura. Car apres Ie-

197 1042 664 68 sus Christ ne fault attendre aucun au

196 1087 663 66 tre sacrificateur. Mais il a fallu, ⁊ ain

197 1131 659 68 si Dieu a permis que sathan par luy

198 1179 660 66 ⁊ ses ministres, ait seduict le monde

198 1226 660 82 peu exceptez. Car il auoit este predict

734 1273 117 75 ⁊ pro-
