972 1534
356 52 202 71 corporelle.

104 116 672 60 rent de ce calice? Et toutesfoys la pro-

107 168 666 60 position est generalle quand il dit: En

111 213 666 55 uerite ie uous dis se uous ne mangez

107 258 669 62 la chair du filz de lhomme, ⁊ se uous

107 305 669 59 ne beuuez son sang, uoꝰ naurez point

112 352 668 55 uie en uous. Parquoy il est necessaire

109 397 658 58 de prendre ⁊ entendre ce passage, non

109 443 658 56 point de la comestion uisible ⁊ exterio

108 490 659 64 re: mais de la comestion inuisible, qui

113 539 341 59 est la foy interiore.

150 579 632 62 S. Augustin a biẽ entẽdu cecy, quãd

112 628 668 66 en parlant de Iesꝰ Christ ⁊ des Iuifz

112 677 670 55 il a ainsi escript, Illi putabant erogatu-

113 723 669 54 rum corpus suum. Ille dixit se assensurum

113 764 670 49 in celum/ utiqz integrum. Cum uideritis fi-

113 810 670 47 lium hominis/ ascendentem ubi erat prius

115 848 668 49 certe uel tũc intelligetis qr nõ eo modo quo

116 892 667 46 putatis erogat corpus suum: uel tunc intel-

115 933 668 50 ligetis quia gratia eius non cõsumitur mor

117 977 663 52 sibus. Item/ donec finiatur seculum sursum

117 1017 670 50 dominus est: sed tamen hic nobiscum est ue-

117 1057 670 55 ritas domini. Corpus enim in quo resurre-

120 1101 667 50 xit in uno loco esse oportet/ ueritas autem

118 1141 672 50 eius ubiqz diffusa est. Cest adire. Les

129 1187 661 59 Iuifz pensoyẽt que Iesus Christ leur

120 1231 670 81 bailleroit son corps a mãger, ⁊ il leur

604 1279 186 76 a respõdu

777 370 133 79 Non sic

777 441 138 46 mandu-

777 479 134 60 cãt iniq̃.

789 756 138 67 De ꝯsec.

789 810 125 51 disti.2.c.

790 852 119 55 Prima

789 892 135 65 quide he

789 935 81 74 resis.
