980 1536
359 42 200 57 corporelle.

120 90 670 67 saincte Cene, ⁊ baillant le pain sacra-

117 139 669 65 mental a ses disciples, disoit simple-

117 185 670 58 ment: Accipite/ ⁊ manducate. Et ne di-

117 231 661 59 soit point Respicite/ adorate. Ne iamais

115 277 663 63 aucun des Apostres nincita le peuple

115 323 666 62 a telle adoration, comme depuis au-

115 369 668 64 cun tẽps, ces prebstres des idoles ont

115 416 666 65 faict. De la tyrannie desquelz le Sei-

114 463 667 65 gneur Dieu en sa main forte uueille

112 508 669 68 deliurer son paoure peuple. Aĩsi soit il.

163 555 618 64 Et si de rechef (nõobstant les cho

112 600 668 66 ses predictes) pertinacement ilz repli

110 648 668 64 quent, ces parolles de Iesus Cbrist,

108 696 670 64 Hoc est corpus meum/ sont ueritables. A

108 741 669 65 cella ie respond quil nest riẽ plus ue-

107 785 669 66 ritable, mais reste quelles soyent par

105 835 671 61 nous bien entendues: car il ne suffit de

107 879 666 63 alleguer textes ⁊ passages descriptu-

105 930 667 56 re saincte, si ne sont bien applicquez

106 972 651 66 ⁊ a lintelligẽce ueritable du S. Espe-

105 1020 663 64 rit bien exposez ⁊ amenez. Autrement

103 1063 665 69 Sathan contre Iesus Christ, trium-

105 1113 663 65 pheroit, faulx prophetes, heretiques ⁊

102 1159 666 91 telles gentz cõtre leglise de Dieu lem

105 1208 229 84 porteroyent.

564 1241 203 122 E Pour

786 218 126 87 Mat.25

772 992 120 94 Mat.4
