1088 1536
432 66 333 60 du pain ⁊ du uin.

244 116 678 60 uerba illa/ cibus ille cõmunis/ tantum nu-

245 160 675 55 triendo corpori cõmodus erat/ sed ex quo a

244 202 672 52 domino dictum est/ hoc facite in meam com-

243 248 673 50 memorationem ⁊c. panis iste solẽni benedi-

243 285 672 54 ctione sacratus/ ad totius hominis uitam/

244 325 675 61 salutemque proficit. Cest adire deuãt les

244 369 675 63 parolles de Iesus, ceste uiande qui e-

245 418 675 62 stoit cõmune, ualloit tant seulemẽt a

243 471 676 55 nourrir le corps: mais depuis que le

243 517 677 53 Seigneur eut parle, ce pain par solen

241 559 678 60 nelle benediction, consacre, profite a la

244 602 669 63 uie ⁊ salut de lhomme total. Ce pain

243 650 673 60 donc par une telle, ⁊ tant singuliere

241 696 672 65 application: si grande, solennelle ⁊ ex

241 742 672 63 cellente benediction, est change ⁊ mue,

239 789 677 59 non au sens corporel, mais a lesprit

239 834 673 63 intellectuel, non despece, ou substance,

240 883 676 61 mais doperation de nature, de signi-

240 928 677 65 fication, dignite ⁊ office. Uoire au fi-

240 975 676 70 dele, mais a linfidele rien, sinon per-

241 1021 140 68 dition.

291 1086 625 69 Quelle chose mal entendue, a dõ-

241 1141 665 60 ne occasion aux modernes scolastiq̃s,

243 1185 668 61 de curieusement ⁊ inutilement dispu-

244 1232 672 71 ter, assauoir si les accidẽs peuent estre

620 1280 284 87 C 3 separez,
