980 1532
305 71 422 66 Quelle chose est messe.

198 120 430 72 tre sauue) uient douyr.

241 168 621 66 Et quelle chose fut onc, qui si fort

191 218 671 69 ayt reiecte la predicatiõ Euãgelicque

194 264 663 67 cõme ceste orgueilleuse messe. Si S.

195 310 663 70 Paul uenoit pour uouloir prescher,

194 357 669 71 pẽdant quon ueult messer, Dieu scait

194 402 668 71 cõme il seroit receu. Mesme si un caf-

194 449 668 71 fard uient, ou un porteur de rogatõs

192 495 671 66 ou ribẽdelles, encore luy dit on: hastez

195 542 667 70 uous, loffice est long: ⁊ toutesfoys, ilz

194 593 669 64 sont tous dun accord. Parquoy pen-

196 634 670 73 sez, qui pourroyent fatre a un simple

194 681 669 69 Chrestien, lequel uouldroit contredire

195 737 254 58 a leurs abus.

237 766 629 74 O Seigneur Dieu, ou est le temps

195 824 670 67 que ton seruiteur Paul continuoit ⁊

196 869 671 70 prolongeoit son sermon iusque a la mi

196 920 671 64 nuyt? Et puis quen tel propos nous

198 962 669 66 sommes, ueu que le Pape se farde si

196 1011 671 65 biẽ du nom de .S. Pierre ⁊ de S. Paul

199 1057 671 66 pour maintenir sa tyrannie: Ou est la

199 1104 668 65 messe, que iamais lun deulx a dicte?

200 1149 670 65 Nous lisons aux Actes des Apostres

200 1196 667 66 cõme S. Paul est alle de uille en uil-

201 1243 666 82 le, dune regiõ en autre, en Asie, en Af-

718 1295 144 77 frique,

52 118 133 92 Rom̃.10.

53 815 130 90 Act.20.
