970 1532
375 76 252 64 de Lautheur.

146 131 668 60 uoye de salut. Il est donc tres euidẽt

143 182 660 61 que la saincte Escripture, est la seule

141 231 664 61 pierre ⁊ seul fondement de nostre foy:

141 275 664 60 par tel moyen que ne debuons croyre,

141 322 666 59 ne tenir chosc qui soit touchant les cho

144 370 663 58 ses diuines; sinon ainsi qu il est conte-

140 417 668 59 nu aux sainctes Escriptures, sans riẽ

143 460 667 57 y chãger, accroistre, ou diminuer. Au-

141 505 670 65 tremẽt ce ne seroit plus foy: mais folle

143 554 663 60 opinion, ymagination, songe, erreur,

143 603 665 54 deception ⁊ resuerie. Parquoy nest li-

140 645 665 63 cite a aucune creature de entreprẽdre,

143 699 663 51 adiouster, inuenter, changer, ou dimi-

144 740 664 61 nuer, chose quelcõque, a icelle tressain-

144 791 667 50 cte ⁊ immaculee parolle: mais en tout

144 834 664 59 ⁊ par tout, on la doibt prẽdre ⁊ laisser

143 879 664 60 en sa droicte purete ⁊ claire simplicite:

145 925 666 63 sans la tirer (selon sa fantasie) a au

143 975 669 57 tre sens que le S. Esprit ne la reuelee.

143 1017 669 55 Et ce sur peine de maledictiõ eternel-

149 1067 585 61 le, uoyre ⁊ feust un Ange du ciel.

195 1114 615 59 Et ne fault contre cecy, alleguer

145 1163 663 53 temps ne coustume au contraire, com-

145 1206 662 60 bien longue quelle soit, ou puisse estre:

146 1257 661 66 pourtant que le Seigneur Dieu est

521 1299 287 74 A 3 immua

814 182 141 69 Mat.16

812 1030 120 58 Gal.1.

816 1081 122 61 Apoc.22
