976 1532
415 40 274 68 De lassistence

200 89 668 75 il est dit, que Iesus Christ est la Pier-

199 145 668 65 re, ⁊ neantmoins il est certain, quil ne

201 191 668 64 stoit point la pierre, mais que par la

200 236 671 62 pierre il estoit signifie ⁊ represente . A

194 284 677 67 ce ꝓpos dit S. Augustin sur S. Iehã

200 333 669 60 en ceste maniere: Res significantes acci-

200 379 666 48 piunt nomina rerum significatarum. Non

200 417 663 54 enim dicitur: Petra significabat Christum:

201 459 639 52 sed absolute dicitur. Petra erat Christus.

200 497 663 60 En semblable maniere de parler il di-

203 546 666 61 soit: Ie suis la uraye uigne, cest adi-

205 591 664 62 re, Ie suis signifie par la uigne. Et

200 644 671 54 que sur tout on doibt souuerainement

198 684 670 55 noter, il est escript que Abrahã a creu

200 730 671 56 a la parolle du Seigneur Dieu, ⁊ il

199 777 672 61 luy a este repute a iustice: ⁊ a este faict

199 824 670 59 accord entre luy ⁊ son Seigneur. De

198 871 670 59 laquelle iustification, ⁊ duquel accord

199 915 669 62 luy fut baille le signe de la circoncisiõ:

199 963 672 59 ⁊ en ordonnant iceluy signe, le Sei-

210 1009 658 58 gñr dieu luy disoit: Hec est pactum meũ/

200 1055 671 60 Uoicy mon accord. Toutesfoys il est

196 1103 672 52 tres euident que celle incision, ou cir-

205 1146 666 56 cõcision nestoit point, ⁊ ne fut iamais

196 1192 691 110 iceluy arcord:mais estoit seulement le

767 1239 108 67 signe

54 98 133 55 1.cor.10.

56 145 131 61 Pierre.

60 291 104 60 Ieh.13.

58 501 111 64 Ieh.15.

58 584 134 81 Uigne.

57 1011 130 69 Gen.17.

53 1138 147 64 Circõci-

61 1189 73 87 sion.
