948 1538
121 80 208 221 N

298 41 402 61 Preface de Lautheur.

324 87 468 61 Ous auõs la parolle des

323 135 464 63 prophetes ferme, a laquel-

319 185 471 62 le uous faictes bien de re-

323 229 467 64 garder, comme a la chan-

121 276 670 70 delle luysante en lieu obscur, iusques

123 324 667 68 a ce que le tour cõmence a luyre, ⁊ que

123 370 667 64 lestoille du ioꝰ se lieue en uoz coeurs.

125 416 667 68 Et entendez ce premierement, que le-

120 462 671 62 scripture saincte nest point congneue

126 508 665 70 par nostre propre exposition. Car pro

125 556 665 66 phetie na point este baillee en aucun

124 601 667 66 tẽps par uolunte humaine: mais les

125 647 667 69 sainctz hommes de Dieu, inspirez du

125 693 669 70 S. Esprit, lont dicte. Et pourtãt (cõ

123 739 659 68 me dit S. Paul) toute escripture di-

123 785 672 71 uinement inspiree est utile a endoctri

121 838 671 64 ner, a reprẽdre, a corriger, ⁊ enseigner

121 880 671 68 en iustice: afin que lhõme de dieu soit

123 926 668 67 entier, instruict a toute bonne oeuure.

123 972 665 69 Par lesquelz tant euidentz passages,

123 1021 671 65 nous est appertement monstre que la

123 1065 671 64 reigle de nostre foy, est la seule ⁊ sain

124 1111 668 69 cte parolle de dieu, selon laquelle seu-

124 1159 670 67 lement nous debuons tous croire ⁊ te

125 1208 667 73 nir en tout cela qui concerne Dieu, ⁊

519 1250 273 77 A 2 nostre

796 463 130 58 2.Pier.1

794 707 125 103 3.Tim.3
