984 1534
331 43 219 73 de la messe.

106 106 677 66 lequel nonobstãt quil fust Apostre de

122 161 659 58 Iesus Christ, Euesque, non pas mit-

110 207 669 57 tre ne cornu: docteur de uerite, docteur

112 253 668 60 de leglise, non point enchapirõne: tou-

110 299 667 60 tesfoys de ses propres mains labou-

110 345 671 60 roit. Et a ainsi faire, un chascun ad-

112 391 667 64 monneste ⁊ exhorte. Mais quont ilz

113 439 551 59 affaire de dieu ne de S. Paul?

162 481 615 66 Encore un fruict de ceste Messe,

113 531 668 62 Puis un grand mal, pour ceste foys

113 577 668 62 ie uueil monstrer. Le fruict est grand

117 622 666 68 ⁊ fort multiplie. Car iamais poulle ne

116 669 669 62 pondit tant de oeufz, ⁊ ne couua tant

115 717 669 61 de poucins, comme ceste messe, nous a

116 763 667 64 escloz de hetoudiaux. Et qui est lhom

115 809 665 62 me qui scauroit pẽser le nombre de ces

117 855 663 65 cocquastres, qui courent apres ribau-

117 902 664 66 des, cõme cocqs apres poulles? Puis

117 949 666 62 les auoir couuertes, ces iolys ⁊ plai-

120 997 660 66 sans amoureux, sen uont chanter en

119 1044 662 61 leurs temples, comme cocqs en leurs

121 1090 659 63 poulliers, uoire (afin que plus pro-

124 1136 656 63 prement die) deschanter en chose con-

121 1179 663 66 trefaicte, hãnir, abayer, ⁊ urler. Tant

121 1227 672 90 de cocquetz ⁊ de cocquettes, cestadire

634 1284 150 69 de moy-
