976 1534
360 56 222 60 de la messe.

121 104 669 63 plus hault que les cieux: cest adire oul

120 154 669 58 trepassant, toute uertu ⁊ puissance de

121 200 665 63 pure creature, lequel na point necessi-

120 246 666 56 te (cõment les prebstres) offrir tous

120 294 666 57 les iours sacrifice: premierement pour

121 340 666 62 ses pechez, puis apres pour ceulx du

121 384 665 59 peuple. Car il a faict ce, en se offrant

124 432 661 61 une foys. Notamment il dit, en se of-

122 478 663 64 frant une foys: car iamais telle obla-

121 524 664 64 tion ne fut, ny ne sera reiteree: mais cõ

121 570 665 62 me plainemẽt suffisante ⁊ entiere, elle

120 617 665 60 a a iamais du tout suffy poͬ une fois.

171 664 616 60 Au .9. chapitre dicelle mesme Epi-

122 708 660 65 stre, il est aĩsi dit: Christ Euesque des

120 758 664 58 biẽs aduenir, est uenu e presence, par

125 802 661 59 un plus grand ⁊ plus parfaict taber

122 850 665 60 nacle, nõ point faict de la main: cest a

122 898 660 60 dire, non point de ceste creation, ⁊ non

124 942 661 64 poĩt par sang de boucz ou de ueaulx:

124 986 661 66 mais par son propre sang est entre u-

122 1035 664 63 ne foys es sanctuaires, ⁊ a trouue re-

125 1082 352 56 demption eternelle.

173 1123 623 67 Uoicy ou de rechef il dict, que par se

125 1174 665 63 estre presente une foys, redemption e-

126 1219 661 73 terelle est faicte, ⁊ accõplie. Parquoy

612 1264 177 80 B il est

789 703 97 87 Ebr.9
