1058 1538
432 41 334 69 du pain ⁊ du uin.

230 97 322 61 doibt contemner.

283 138 622 63 Toutesfoys si on leur demandoit,

230 188 674 64 par quelle uerite, est telle chose faicte,

230 235 676 61 ilz respondroyent incontinẽt, car telle

233 279 676 67 est la doctrine de leurs escolles, q̃ cest

233 326 674 66 en la uertu des parolles sacramenta-

232 374 672 66 les, proferees ou ꝓnũcees sur le pain,

232 422 675 65 tellement que quand il ny auroit per-

234 465 673 69 sonne qui entendist, ou escoutast icel-

233 511 672 69 les parolles: q̃ neantmoins icelle trãs-

234 558 666 70 substanciation sensuyuroit, mais que

232 606 673 64 le sacrificateur eust intentiõ, auec ma

233 651 676 69 tiere cõuenable ⁊c. Mais certes ie suis

234 697 675 69 esmerueille ⁊ ay pitie deulx, de ce qͥlz

235 744 675 69 sont si aueugles, ⁊ nõt point tant den

235 792 676 61 tendement de considerer ⁊ ueoir que

235 838 672 68 nostre Seigñr ne parloit pas au pain

238 883 672 67 quand il disoit, prenez mangez ce est

238 933 673 55 mon corps, ne aussi ne parloit pas au

242 977 667 66 uin: comme S. Luc bien demonstre,

241 1024 674 60 quand il escript. Et print la couppe, ⁊

241 1070 674 62 rendit graces, ⁊ dist: prenez la ⁊ la di-

244 1118 671 63 stribuez entre uous: Item par apres.

246 1162 670 65 Semblablement aussi leur bailla la

246 1209 670 85 couppe ap̃s soupper:  disant, ceste coup

629 1261 272 75 C 4 pe est
