1170 1534
577 61 219 64 de la messe.

337 112 673 65 ⁊ prophetise que tout debuoit estre ain

340 168 665 56 si perdu ⁊ gaste. Et tout pour finable

336 209 665 62 ment manifester la puissance, gloire ⁊

337 254 665 64 manificẽce du Souuerain Seigneur.

336 300 665 63 Leq̃l par le glaiue de sa parolle, par

337 347 664 60 Lesprit de sa bouche, ruinera ⁊ abatra

336 395 665 58 le regne de ses ennemys: cest assauoir

336 441 666 63 de lantechrist, du monde, denfer, ⁊ de

340 488 147 57 sathan.

386 530 625 64 Las na ce pas este grosse misere a

336 579 672 61 ce malheureux mõde, dauoir tãt mes-

338 626 672 63 prise ces passages prealleguez? de les

335 673 675 60 auoir ainsi contemnez ⁊ froidement

340 718 668 59 passez, sans autrement y auoir adui-

338 765 669 54 se? sans iamais auoir uoulu conside-

335 813 672 58 rer quil y a grande difference entre sa-

335 855 672 60 crifice ⁊ testament? Car quand nous

336 899 671 66 offrons sacrifice a Dieu, noꝰ luy don

333 951 674 61 nons ⁊ presentons. Parquoy il est biẽ

333 1000 673 57 euidẽt que quand nous prenons ⁊ re-

335 1040 671 56 ceuõs, de luy aucune chose, que ce nest

338 1086 667 67 point sacrifice, mais liberalle dona-

335 1133 425 60 tion ⁊ pure misericorde.

386 1177 616 66 Et qui peult estre donc si aueugle,

338 1225 668 71 qui ne uoit icy clairement, que par do

704 1274 308 82 B 4 nation

1007 203 110 69 mat.24

1007 386 118 88 2.Tes.2
