982 1536
375 56 202 66 corporelle.

125 111 671 65 cõtemnoyent, sans estimer rien de luy

126 158 670 63 sinon quil fust homme, ⁊ rien de diui-

122 206 673 61 nite, en luy ne recongnoissoyent. La-

122 252 671 62 q̃lle seule deite, peult rassasier ⁊ nour-

122 298 669 64 tir noz ames ⁊ espritz. Parquoy afin

125 343 671 62 quilz ne pretendissent aucune ignoran

122 390 673 63 ce, ⁊ quilz ne eussent excuse de peche, il

122 437 670 63 leur disoit: Ie suis le pain uiuant qui

122 482 670 55 est descendu du ciel: cest adire deterni-

122 529 670 61 te en temporalite, par la seule miseri-

122 579 670 57 corde de mon pere, sans aucun merite

122 622 669 64 de creature. Il disoit donc. Ie suis le

121 669 663 61 pain uiuant qui est descendu du ciel,

121 716 645 59 come si appertement il leur eust dit.

120 762 668 57 Contemnez moy au dehors tant que

122 808 662 61 uous uouldrez, si suis ie autre q̃ uoꝰ

120 852 667 63 ne pensez. Uous uoyez le corps au de-

120 901 671 61 hors que uous contemnez: mais en ice

117 945 649 62 luy habite la plenitude de diuinite.

122 994 666 63 Pourtãt il sensuyt, le pain que ie don

120 1040 667 63 neray, est ma chair pour la uie du mõ

122 1086 665 62 de. Ce quil a grandement accõply par

121 1135 663 57 sa mort, en laq̃lle, pour nous uiuifier

120 1182 666 58 il sest uoluntairemẽt donner en sacri-

122 1226 664 79 fice ꝑfaict, se offrãt par grãde obediẽ

507 1272 276 78 D 5 ce, dun

791 945 109 85 Col.2.
