1016 1536
356 66 226 65 de la messe.

119 119 557 62 5 ᗞiuerses oblations ⁊ offrandes.

120 168 520 50 6 Richesses terriennes ⁊ orgueil.

120 211 533 53 7 Loysiuete ⁊ truandise des rasez.

117 250 462 52 8 Multitude de paillardes.

117 293 437 51 9 Heures ⁊ prieres feinctes.

117 334 462 57 10 Tresmechante hypocrisie.

119 375 670 62 11 Rongement de uefues/ orphelins/ ⁊ pao-

161 422 97 47 ures.

117 454 674 58 12 Renoncement ⁊ abolissement de la mort

162 501 308 55 ⁊ passion de ᑕhrist.

160 537 630 62 Et ainsi consequamment des autres/ les-

160 586 296 50 quelz sont infinis.

120 623 670 57 Bref lerreur de la messe est plus pernicieux

121 670 672 46 ⁊ dommageable/ tant aux biens q̃ aux per-

122 714 671 47 sonnes/ dautant quelle semble auoir plus

119 750 675 50 despece de sainctete ⁊ de bien: attendu quelle

119 792 672 48 est tant execrable. Certes le uenin ou la pe-

120 835 669 61 ste qui est couuerte/ nuyst beaucoup plus q̃

121 881 214 54 la manifeste.

308 949 281 81 Ite missa est.

311 1044 291 90 Missa sit missa.

390 1146 137 72 Amen.
