1064 1552
394 77 205 61 corporelle.

201 125 593 61 Oultre, nous auons infallible cer

159 175 637 61 tificatiõ par la saincte Escripture, que

159 222 637 56 laduenement du filz de lhõme, quand

155 266 643 57 il luy plaira partir du ciel, sera uisible

154 312 639 65 ⁊ manifeste. Car comme dit S. Mat-

152 358 641 64 thieu. Si aucun uoꝰ dit, icy est Christ

150 407 643 62 ou la, ne le croyez point. Car ainsi que

147 451 646 63 lesclair sort dorient, ⁊ apparoit iusque

147 500 646 57 en occident, ainsi sera laduenemẽt du

146 544 647 65 filz de lhõme. Et de cela ont tant don

143 591 650 59 ne grand tesmoignage les sainctz An

143 640 650 63 ges de dieu, quand ilz dirent aux apo

143 686 650 61 stres. Hommes de Galilee, pourquoi

146 733 647 55 uous arrestez uoꝰ, regardãs au ciel?

139 779 667 62 Cestuy Iesus qui est receu dauec uoꝰ

137 823 674 64 au ciel, uiendra aussi comme uous la

135 875 676 57 uez ueu monter au ciel. Cest adire ap

137 919 677 58 pertement, uisiblement, clairement, ⁊

132 967 683 59 manifestement, non point occultemẽt

130 1011 679 67 couuert, enueloppe, ou uestu de pain,

128 1060 240 54 ou de paste.

185 1100 633 64 Et si a tout cecy on respõd par fan

122 1151 697 63 tasie sophisticque, que cela sentẽd, tant

121 1196 698 62 seulement de laduenemẽt, au iour du

115 1241 706 75 iugement, ⁊ non pas au sacrement, la

762 1294 58 66 ou

806 301 106 79 mat.24

807 707 109 85 actes.1
