978 1536
360 66 204 62 corporelle.

108 113 672 75 parolles que ie parle, sont esprit ⁊ uie.

110 163 670 71 La chair ne prouffite de rien, cest adi-

108 209 672 67 re: cogitation charnelle, na point de

108 254 672 68 lieu en cest endroit: ou aultrement, la

110 302 665 70 chair mangee ⁊ aualee en son uentre,

108 348 658 69 ou estomach: mais bien elle a prouffi-

108 399 658 60 te a la croix attachee, ⁊ au Seigneur

110 440 656 72 dieu, offerte ⁊ sacrifiee. Car certes la

110 486 656 64 chair mangee ne nourrist point lame.

110 538 656 61 Et de dire q̃lle fust la nourtiture du

110 581 669 71 corps, ce seroit trop ridiculeusemẽt par

110 627 670 62 ler. Et fault necessairement entendre

111 675 667 68 ce chapitre, ainsi q̃ dessus est dit. Uoy-

110 720 670 69 re sil ne plaist aux aduerssaires, faire

112 768 667 67 Iesus Christ mẽteur, pour deffendre

108 814 672 69 leur fantasie. Ce que par le mesme cha

110 861 668 64 pitre, il est facile de efficacement mon-

112 907 666 68 stre, si un peu le uous plaist cõsiderer.

162 951 620 69 En un passage il dit ainsi: Qui

110 999 669 68 croit en moy, a la uie eternelle, ⁊ le res

112 1048 671 66 susciteray au dernier iour. En lautre

110 1090 659 72 passage il dit: Qui mange ma chair ⁊

110 1140 667 64 boit mon sang, a la uie eternelle, ⁊ le

112 1187 659 62 ressusciteray au dernier iour. En quoy

111 1232 666 91 on uoit manifestement q̃ par ces deux

769 336 132 68 Iehã.6.

771 436 150 59 Mẽs ue

770 485 147 51 sci corpo

770 524 145 80 re nescit.

777 1085 101 109 Ieh.6.

608 1283 169 84 passages
