952 1526
255 50 480 61 De la transsubstantiation

156 103 668 63 separez, ⁊ demeurer sans substance:

155 156 672 60 Substance sans accidẽs, ⁊ autres plu

159 202 669 58 sieurs allegations, qui ne sont pas au

160 247 667 59 propos de Iesus Christ, ne de son egli

160 296 669 52 se, mais seruent a rendre le monde cõ-

159 339 669 61 fuz, ⁊ exposer la religion Chrestien-

157 387 670 56 ne, a scandale, moquerie ⁊ irrision: car

159 433 664 61 dun inconuenient (sil ny est obuie)

157 478 567 56 beaucoup dautres en uiennent.

211 525 613 59 Qui pourra donc plus soustenir,

157 573 671 62 supporter, ⁊ endurer telles gentz: Les-

157 621 671 58 quelz comme presumptueux ⁊ arro-

160 667 668 60 gans, sans crainte ne reuerence, ont

155 713 667 61 bien ose conclurre, q̃ la il ny a ne pain

155 757 668 60 ne uin, mais ont songe ⁊ inuente un

157 806 670 61 prodigieux ⁊ nouueau terme de par-

155 850 672 61 ler, quilz ont dit (comme dessus est

156 896 668 61 touche) transsubstantiation. Ce quen

155 949 672 55 la saincte Escripture: iamais ne fut

156 993 672 54 leu, ne par les sainctz ⁊ bons peres de

156 1038 671 60 la primitiue eglise imagine. Parquoy

155 1084 673 57 come ennemis de dieu ⁊ de sa parol-

155 1129 674 58 le, a bon droict doibuẽt estre repudiez

157 1175 672 62 ⁊ reiectez: ou poͬ mieulx ⁊ plus doul-

157 1223 669 70 cement parler: comme folatres on les

715 1271 111 96 doibt
