990 1532
312 35 423 72 Le moyen de maintenir

206 81 663 76 quatre ou cinq centz ans ur̃e messe en

206 131 670 65 telles singeries ⁊ basteleries, ou main

209 176 667 66 tenant on la uoit, ayt este esleuee, in-

210 222 666 71 troduicte, ⁊ bastie, toutesfoys en lan-

210 271 670 68 ciẽne ⁊ primitiue eglise, il nestoit point

213 317 665 73 ainsi, ⁊ pourtant sil fault alleguer an

214 362 666 69 cienne coustume, elle nest point pour

217 408 664 68 uous: mais du tout contre uous. Da

214 457 666 70 uãtage en choses diuines, ⁊ qͥ sont par

215 503 662 66 ordonnance de dieu: coustume oppo-

217 546 663 75 site, introduicte par les hões, na point

215 597 665 63 de lieu, ⁊ ne doit point estre nommee

217 642 614 70 coustume, mais abuz ⁊ corruption.

266 686 615 71 Secondement, on maintient aucu-

215 734 667 70 neffoys une chose par pluralite ⁊ mul

218 783 659 60 titude, laquelle chose ce peult faire, en

220 827 661 69 choses humaines tant seulemẽt: pour

219 873 664 70 mettre fin ⁊ accord, sur le different qui

223 920 655 70 se pourroit mouuoir entre les hõmes,

219 970 663 66 mais telle chose ne se peult ne doibt

220 1013 663 69 faire aux choses establies de dieu: car

220 1059 665 64 certes la uerite de dieu, ne despẽd poĩt

220 1108 663 60 du grãd nombre, du uouloir ou de la

222 1156 663 65 fantasie des hommes. Parquoy com-

223 1201 664 105 bien que uous alleguiez grande mul-

762 1251 124 90 titude
