1004 1536
386 76 201 60 corporelle.

115 126 693 67 enim/ disant. Hoc est eim corpus meũ. Le-

117 172 689 67 quel mot nul des Euãgelistes na ad-

117 221 689 67 iouste. En quoy il entreprẽd sur la pa

120 266 688 60 rolle de Dieu. Sil ueult dire, que ce

122 312 684 65 soit son propre corps de luy mesme sa

121 359 684 63 crificateur, qͥ est cache soubz ceste blan

124 405 681 63 cheur ⁊ espece de pain, cest certes une

125 451 679 68 orde ⁊ puante chose. Sil respond, que

126 496 676 67 cest le corps de Iesus Christ, que ne

126 544 675 62 dit il donc: Hoc est corpus Christi/ a-

129 590 671 64 fin quon entendist ce quil ueult dire?

129 638 670 63 Et sil dit, que tant seulement il recite

129 684 671 64 les parolles que Iesus Christ profe-

131 733 669 58 ra, les prenant materiellemẽt, ou par

131 776 666 64 maniere de rient, a cela ie respõdz que

134 824 663 60 parolles prinses materiellemẽt (mes-

134 870 665 63 me selon leur doctrine scolastique) ne

145 915 262 64 signifient rien.

185 958 614 63 Dauantage, ie leur demãde, ou ilz

135 1015 664 56 ont promesse ⁊ asseurance de dieu que

135 1056 658 61 toutesfoys ⁊ quantes quilz prononce-

137 1100 659 62 rõt telles parolles, que le corps de Ies

139 1148 660 59 sus Christ tout soubdain descendra en

138 1194 658 65 tre leur mains? Silz alleguent ce pas-

142 1244 654 85 sage: Hoc facile in meam commemoratio-

532 1287 261 76 D 3 nem.
