986 1536
144 631 216 215 I

250 61 444 64 Des fruictz de la messe.

142 108 668 71 fricque, ⁊ en Europe, pour ⁊ afin de-

142 163 666 59 xalter, prescher, ⁊ annoncer le nom de

143 209 665 63 Iesus Christ, sexposant en terre ⁊ mer

139 256 674 55 a la mort pout iceluy: ⁊ comme il di-

142 300 667 62 sputoit ⁊ cõfondoit les contredisans.

139 348 671 56 Mais de messe, iamais nest mention:

137 394 674 56 biẽ de la fractiõ du pain ⁊ de la saĩcte

138 441 672 63 Cene de IesꝰChrist, laq̃lle ꝑ la messe ẽ

139 487 669 63 tieremẽt est abolie. O miserable abuz.

176 538 589 64 ¶ Cinquiesme declaratiõ de plusieurs

179 595 494 43 fruictz qui uiennent de la messe.

334 643 472 64 L est escript, q̃ le mauuais

330 692 472 60 arbre, ne peult porter bon

335 737 474 63 fruict. Parquoy ap̃s auoir

323 785 485 55 congneu tant de mal, que

135 830 666 58 ceste malheureuse messe noꝰ apporte,

137 879 664 57 q̃l fruict maintenant en pourriez uoꝰ

133 922 669 61 attendre sinon erreur, hypocrisie, ido-

134 970 665 60 latrie, tromperie, seductiõ, blaspheme,

135 1018 667 55 malediction, horreur: bref une totalle

135 1063 665 60 dannatiõ ⁊ perdition? Et cela il par-

134 1111 667 57 le quãt aux choses occultes ⁊ cachees.

134 1155 667 55 Mais quant aux choses uisibles du

134 1201 667 61 monde ⁊ de la chair, que aussi tendent

133 1248 668 81 tousiours a mal dune grand abysme

582 1296 208 82 E 5 ien

815 148 133 76 2.Cor.11.

811 634 126 85 Mat.7.
