964 1534
327 46 201 61 corporelle.

108 94 664 72 soit aussi la terre quãd il mõta au ciel.

159 145 611 68 Iay bien uoulu alleguer ces deux

104 199 664 57 anciens docteurs, non pas pour don-

104 242 668 59 ner auctorite, ou par iceulx approuuer

106 282 667 66 la uerite euangelicque (car la uertu

108 331 661 62 ⁊ la puissance de la parolle de Dieu,

107 378 665 65 ne despend point de creature qui soit,

107 423 669 65 ne au ciel nen la terre: ⁊ quand tout le

109 471 665 60 monde seroit au contraire si demoure-

109 513 668 63 ra elle eternellemẽt ueritable) Mais

111 561 666 58 tant seulement ie les ay bien uoulu a-

111 611 667 61 mener pour monstrer que ce qui est de

112 654 665 64 uãt dit, nest point chose nouuelle, ain-

116 704 662 57 si que donnent a entẽdre ces faulx an-

116 747 665 66 techristz, qui nalleguent que leurs mẽ

117 798 665 58 songes ⁊ follies, mettant a neant au-

117 838 665 65 tant qͥl leur est possible, par leurs glo-

120 884 663 67 ses ⁊ traditions, par leurs distinctiõs

120 933 663 62 ⁊ lunatiques inuentiõs, la saincte pa-

118 979 668 62 rolle de dieu, selon laquelle toutesfoys

121 1025 657 62 (uueille ou nõ toute lordre papalle)

126 1073 661 60 deuant Dieu seront iugez. Parquoy

125 1118 666 60 du tout a icelle ie me tiens ⁊ arreste, re

125 1163 668 62 iectant tout ce qui est dit par les hom-

127 1213 666 99 mes en ce qui concerne les choses diui

703 1265 85 72 nes,

816 1167 114 60 Quid

800 1216 133 66 hic dicẽt
