952 1536
394 30 288 71 Aucuns fruictz

251 83 629 75 du sacremẽt, cõmẽt sil nestoyẽt que

253 135 625 71 demy chrestiens: ou q̃ Iesus Christ

254 186 624 62 neust pas este tant sage comment

253 229 627 67 ilz sont, quand il a dict bibite ex eo

253 279 627 62 omnes. Luc.22. Et de ceste ma

256 322 622 67 tiere S. Paul escripuant aux Co-

254 368 626 68 rinthiẽs, nescripuoit poĩt seulemẽt

254 421 624 61 pour les scarifiãs: mais pour tout

253 465 336 63 le peuple. 1.Cor.11.

201 549 677 61 ¶ De plusieurs autres abus ⁊ superstitiõs

199 593 678 59 de la messe cõgnoistras au liure dit les Cau

198 637 678 54 telles de la messe/ certes cauteleuses: au Ra-

199 677 676 53 tional diuin/ sans raison ⁊ rien moins que

199 719 676 59 diuin: en la Somme angelique/ plus que in

199 761 674 49 humaine ⁊ diabolicq̃: au Pastoral les ames

199 803 673 55 paissant ⁊ nourrissant de chardõs: ⁊ au Põ-

199 846 670 56 tifical/ pont de tout mal/ desquelz en sont

202 887 320 49 totalement remplis.

274 967 548 62 ¶ Ancuns fruictz de la messe/ des

344 1012 390 69 plus cõmuns ⁊ notables.

201 1095 439 48 1 Multitude de prebendes.

201 1135 460 49 2 Multitude de prestrailles.

201 1176 579 56 3 Multitude de temples ⁊ chapeles.

205 1218 357 83 4 Multitude dautelz.

725 1255 142 86 ᗞiuer-
