970 1532
406 31 270 80 De lassistence

209 84 665 85 nes, sans euidente ⁊ certaine auctorite

209 151 665 59 descripture: selon laquelle tout Chre-

203 200 671 62 stien doibt estre appareille de respon-

201 247 673 60 dre, rendre raison ⁊ satisfaire, a tout

201 293 670 65 homme qui demande parolle de celle

203 339 424 61 esperance qui est en luy.

256 389 615 57 Donc puis quil est certain que Ie-

203 430 669 69 sus Christ, selon le corps est au ciel, ui

200 481 670 57 uant ⁊ regnant comme S. Pierre te-

200 527 670 58 stifie disant, il fault certes que le ciel

199 582 670 51 le reccoyue, iusques au temps de la re-

198 621 671 62 stauration de toutes choses que Dieu

198 665 668 60 a parle par la bouche de tous ses pro-

198 712 668 62 phetes, des le temps passe. On ne le

195 760 670 59 doibt cercher corporellement en autre

194 806 671 62 lieu, iusque a ce que luy mesme uisible

192 854 673 60 ment se manifeste, qui ne ueult renon

192 900 671 58 cer a toute uerite descripture: mais au

189 947 673 59 ciel on doibt leuer son coeur, son enten

189 993 672 60 dement ⁊ pensee, attendant en humble

189 1039 667 64 desir lheure qͥ luy plaira en son repos,

187 1085 673 58 nous transferer, ne le adorant point

186 1129 668 64 icy bas en chose qui soit uisible: car le-

189 1178 646 55 scripture autrement nous enseigne.

191 1220 669 87 Aussi Iesus Christ en ordonnant sa

725 1274 133 88 saincte

58 85 138 73 sacrifici.

58 146 140 72 1.Pier.3.

60 614 102 60 Act.3
