1070 1538
465 61 203 53 corporelle.

219 108 679 63 les especes uisibles, blanches ou noi-

220 158 667 66 res, iausnes, ou rouges, cest tout un,

220 205 674 64 le corps de Iesus Christ realement ⁊

219 251 672 60 de fait entierement, corporellement ⁊

219 297 671 65 personnellemẽt, en chair ⁊ en os, aussi

220 344 671 58 grand ⁊ parfaict, comme de present il

218 390 673 63 est uiuant, totallement est cache ⁊ con

216 442 674 60 tenu. Et par ainsi on a ꝓuocque qua-

218 481 668 62 si luniuersel monde a idolatrie publi-

218 535 671 57 que ⁊ manifeste. Auquel abuz impor-

215 576 674 66 table, par sainctes escriptures, cõuient

216 628 392 58 puissamment resister.

266 670 620 64 Tout premier nous fault bien re-

212 713 674 63 tenir ⁊ noter comme article de foy, que

219 760 657 67 Iesus Christ est mort poͬ noz pechez,

211 811 649 60 ⁊ resuscite pour nostre iustification.

207 856 669 62 Et apres sa resurrection est monte au

206 899 670 69 ciel, ⁊ la se sied a la dextre de son Pe-

205 947 671 62 re, regnant en maieste: auquel toute

206 993 670 69 puissance est donnee, au ciel, en la ter-

205 1048 304 51 re, ⁊ aux enfers.

255 1085 621 67 Quil soit mõte au ciel uisiblemẽt,

203 1132 673 71 en la presence de ses Apostres ⁊ disci-

206 1182 667 63 ples, il est certain. De laquelle ascen-

203 1226 673 77 tion tant admirable, ilz ont este fide-

635 1284 239 88 C 5 les ⁊

880 766 122 63 Rom.4

877 853 112 67 mat.28

877 1009 105 68 phil.2

878 1098 118 65 actes.1

878 1156 121 65 marc.16
