968 1530
411 76 164 62 Preface

164 130 667 62 immuable. Parquoy le droict diuin ne

165 179 667 61 peult iamais estre abrogue, ne par lon

168 233 663 52 gueur, ou antiquite de temps, ne mue

167 274 663 56 ou change par traditions, ou constitu

165 318 663 56 tions dhommes. Car la parolle de

174 365 658 58 Dieu, demeure eternellement stable,

167 411 661 62 permanente ⁊ ueritable, ⁊ nulle puis-

168 457 663 60 sance ne peult au contraire. Et si par

167 504 659 63 quelque temps on a uescu, dit, p̃sche,

168 552 662 60 escript, diffinit, creu ⁊ enseigne autre-

167 600 665 59 ment, que icelle saincte parolle, ne por

168 646 662 52 te, ou contient, cela nest chose digne de

165 692 662 53 allegation. Car le temps, cõbien long

168 736 659 59 quil soit, nest rien estime, ou repute en

165 782 665 63 la presence de dieu, ainsi qͥl est escript:

178 830 650 57 Mille ans en la presence de dieu, estre

170 877 664 60 comme un iour passe, cest adire com-

167 924 511 56 me rien, ou bien peu de chose.

218 967 612 63 Dauantage, dieu a ordõne temps

168 1014 664 64 oportun, iouxte son bõ plaisir, auquel

174 1062 651 54 il a determine, reuele ⁊ manifester sa

170 1109 658 60 uerite, lequel temps ne peult estre a-

168 1158 662 50 uance ne retarde. Car le ꝓpos de dieu

168 1202 662 60 est immuable, ce que nous est apperte

165 1250 661 74 ment monstre ⁊ declaire en la tempo-

732 1292 95 97 relle

43 349 124 71 Esa.40

30 833 137 60 Psal.90

30 891 121 58 2.Pier.3

48 1062 112 75 Rom.1
