984 1528
379 56 245 66 Du sacrifice

184 109 672 64 nation testamentaire, confermee par

188 159 667 58 la mort du testateur, par grãd amour

192 207 665 57 ⁊ charite, il sest du tout dõne a nous?

192 249 665 65 S. Luc le touche au uif, quand il e-

197 297 659 65 script en ceste maniere: Ce Calice est le

191 346 666 64 nouueau testament en mon sang, qui

193 390 662 65 sera espandu pour uous, testament,

193 439 662 57 dit il, non point exemple de sacrifier,

192 483 663 61 A ceste chose, on a bien mal pẽse, quãd

192 534 664 58 par oubliance (afin que ne dye oultre-

192 575 667 60 cuydãce) une telle donatiõ on a uou

191 625 420 61 lu changer en sacrifice.

240 663 617 67 Si noꝰ uoulons sacrifier, faisons

191 715 665 66 ce que dit S. Paulz, ⁊ croyons a son di

196 764 659 58 uin conseil, ou il dit: Ie uous prie dõc

191 807 666 62 mes freres, par la misericorde de dieu

192 853 665 67 q̃ uoꝰ offrez uoz corps en sacrifice ui

191 898 665 68 uãt, saĩct, plaisant a Dieu ⁊c. A tel sa

192 948 663 63 crifice, nous sommes tous ordonnez

192 998 665 55 de Dieu, Prebstres ⁊ Roys, sans estre

189 1040 666 66 tonduz, rasez, ceremonieux, ou desgui

193 1086 658 67 sez: Non point pour de rechief luy of-

192 1131 665 67 frir son filz. Car pour luy offrir une

191 1180 661 58 telle offrãde, sommes trop indignes,

192 1228 659 72 trop salles, ⁊ infectz. Parquoy luy

722 1273 134 113 mesme

70 753 119 69 Rom.11

80 291 111 82 Luc.22
