972 1538
339 71 253 64 de Lautheur.

121 126 665 67 estre examinee ⁊ prouuee, ⁊ nul ne

123 178 338 61 peult au contraire.

173 217 610 61 Or donc pour toucher le ꝓpos du-

121 266 662 65 quel a present est q̃stion: Il est besoing

120 312 662 63 par sainctes escriptures mõstrer ⁊ ap-

120 357 663 67 pertement declarer, comment la mes-

120 408 664 62 se ordonnee du pape, ⁊ des euesques, ⁊

117 452 666 60 autres personnages, qui en gros or-

119 497 667 66 gueil, contre droict ⁊ raison se sont nõ

119 543 667 65 mez deglise, est droictement contre ue

117 592 669 62 rite, ⁊ appertement cõtre la saincte pa

119 636 665 59 rolle de dieu. Parquoy est chose abo-

119 683 665 68 minable, qui ne doibt estre permise ou

117 729 669 61 enduree: pourtãt que par icelle le Sei

115 777 665 58 gneur Dieu est grandement offense,

119 824 665 61 ⁊ la plus part du monde, malheureu-

120 868 663 70 sement seduict ⁊ trompe. Laq̃lle messe

119 916 665 67 soubz umbre ⁊ couuerture de saincte-

117 962 666 67 te, pour plus ayseement abuser ⁊ dece

117 1008 666 63 uoir la terre, a este introduicte, ⁊ ainsi

119 1054 663 66 cauteleusement cõposee, non par sain-

119 1100 661 67 cte Escripture. En laq̃lle on ne scau-

119 1149 663 66 roit seulemẽt trouuer le nom de mes-

121 1195 661 62 se: mais par plusieurs Papes, ⁊ Eue-

125 1243 655 82 sques ⁊ autres semblables, a este con-

632 1289 148 68 trouuee
