1012 1532
360 45 172 62 la messe.

134 97 672 68 titude de gentz, poͬ uostre party, cela

134 149 664 65 en cest endroict, ne uous peult seruir,

134 197 439 59 car ce nest pas a propos.

185 234 612 68 Tiercement par mẽterie, faulx dõ-

130 287 673 64 ner a entendre, finesse, ypocrisie, faire

130 334 671 63 bonne mine, simulation ⁊ feinctise, q̃l-

130 379 672 64 que chose fort mauuaise, comme si elle

127 425 666 66 estoit fort bõne, pour un tẽps se main

126 473 667 61 tient: de quoy plusieurs dentre uous,

127 517 666 66 a cestuy uostre grand besoing, se sca-

129 570 668 59 uent grandement armer, couurir ⁊ ser

127 610 672 64 uir: mais certes cela ne uous pourra

129 660 668 61 finablement guarantir, car au long

127 704 672 70 aller, une chose peincte ⁊ fardee, auec

129 750 396 63 le temps se descouure.

180 797 616 60 Quartement donc uous noterez,

131 846 668 66 pour faire brief quen deux autres ma

129 892 553 64 nieres on maintient une chose.

162 933 636 62 Lune est par force, lautre par droict.

131 983 668 63 Parquoy une des deux uous fault

131 1028 663 66 choisir. Aduisez laquelle des deux uoꝰ

131 1074 665 67 est plus ꝓpre. Si au droict uous uoꝰ

131 1123 667 68 rẽdez, certes uostre messe est a fin. Car

131 1168 657 67 faulsete, hypocrisie, ⁊ mensonge, par

130 1216 658 73 droict ⁊ uetite, sõt ruez ius. Il ne uoꝰ

512 1261 276 92 F 4 demeu-

803 409 113 72 Fronti

801 467 101 52 nulla

803 510 90 55 fides.

802 1165 135 61 Super

801 1221 140 49 oĩa uin-

801 1262 139 77 cit ueri-
