1044 1552
111 165 81 93 A

187 107 609 66 ¶ Cephas Geranius aux lecteurs. S.

184 157 698 55 Pres auoir cõsidere le grãd ⁊ horrible blasphe

192 208 685 46 me/ estre a present cõmis cõtre la saincte insti-

94 244 779 53 tutiõ de la Cene de Iesꝰ Christ/ au lieu de laq̃lle noꝰ

93 285 787 55 est proposee chose feincte ⁊ cõtrouee au grãd deshon-

93 327 789 53 neur de Iesus Christ ⁊ de son Eglise/ auõs obtenu ce

94 371 784 53 present liure de son Autheur afin de pouoir subuenir

91 409 786 54 a la simplicite ⁊ ignorãce daucuns: ⁊ rebouter labuz

94 457 781 48 ⁊ temeraire assertiõ des autres. Mais pour autant q̃

93 495 787 49 ledict traicte est submis au iugement de tous entre

90 536 792 49 lesquelz grande uariete y a: nous prions tous ama-

91 576 789 52 teurs de uerite/ de ne donner sentence a la uollee/ cõ-

90 619 792 47 me uoulant estimer du tiltre ou dune portion le tota

94 663 788 50 ge du liure: mais premieremẽt le tout lire/ entendre ⁊

93 702 789 55 examiner/ ⁊ ce par la saincte escripture/ par laquelle

91 742 788 49 toute chose se doit rigler/ estimer/ ⁊ peser: puis en iu-

93 790 789 46 ger. Aultremẽt cõe dit le Iurisconsulte au traicte de

90 826 793 46 legibus. Cest chose inciuile/ sans auoir ueu toute la

89 867 789 52 loy/ de iuger ou respõdre par une partie dicelle. Aus-

91 910 789 48 si S. Hilaire au liure de la trinite supplie quil ne

90 951 792 53 soit point condamne/ deuant quon aye leu ce quil

86 993 789 46 auoit escript. Ausurplus ne fault auoir esgart aux

87 1033 793 49 fauteurs de lerreur qui cy est cõuaincu. Car cõme dit

85 1073 793 58 le Can. Suspecti .iii.q.u. Les ennemys ⁊ parties ad-

85 1123 793 43 uerses ne doibuent point estre iuges Au moyen de

86 1156 796 48 quoy/ iugez uous mesmes iuste iugement/ ⁊ cõme de-

85 1198 797 48 uant Dieu/ estimans que iceluy est uerite: selon la-

81 1236 801 67 quelle tous serõs iugez/ par Iesꝰ Christ/ aux grãndz

82 1280 260 68 ⁊ derniers estatz.
