972 1528
417 45 247 63 Quelle chose

245 98 617 63 Pour conclusion, de ceste matiere,

201 146 663 69 reste quun chascun soit bien aduerty,

201 196 666 61 que tout ce que nous auons dict en ce-

202 241 666 58 ste partie, est seulement pour contredi

201 289 667 59 re aux ignorans, qui maintiennent

202 332 659 65 une tant crasse assistence, ⁊ presence,

200 380 668 63 corporelle de Iesus Christ, au sacre-

200 427 670 60 ment, aucc une multiplication, telle

202 474 668 55 qͥlz disent. Car il ne fault doubter que

206 522 662 59 Iesus Christ nassiste a sa saincte Ce-

200 567 668 58 ne: autrement ce ne seroit point la Ce-

200 613 668 56 ne diceluy, mais cela certes se faict par

201 659 667 57 une maniere indicible, ineffable, ⁊ a

197 704 665 61 nous pour ce temps incomprehẽsible,

198 751 672 66 de laquelle assistence iceluy par sa gra

197 798 580 62 ce nous face participans. Amen.

242 846 574 65 ¶ Quatriesme declaration/ pour en-

239 893 414 60 tendre que cest que la messe.

400 940 468 67 E pensez pas mes chers

393 991 474 62 freres, quen parlant cõtre

392 1036 475 64 la messe, ce soit parle con-

394 1083 473 61 tre lordonnance de Iesus

194 1128 672 63 Christ, ou linstitution de sa saincte Ce

191 1175 675 61 ne: Mais au contraire, cest pour resti-

193 1222 671 80 tuer ⁊ restaurer en sa purete, ce que le

221 924 190 225 N

686 1266 177 85 sus christ
