968 1532
431 66 229 62 Des fruictz

194 118 671 65 rir ca ⁊ la, sinon pour empoigner ce qͥl

195 172 669 59 apporte? O insatiable cupidite. Cer-

194 214 671 60 tes ie ose bien dire que les brigans des

195 262 668 60 boys, ne sont point tãt a craindre que

196 308 668 63 ces antechristz, lesquelz nont point seu

192 358 672 59 lement pille ⁊ desrobe les biens tempo

194 407 671 53 relz du peuple: mais ont iecte ⁊ aliene

195 450 670 58 par leur faulse doctrine, quasi tout le

192 497 671 53 monde hors de la uoye de salut, hors

195 541 667 59 du Seigneur Dieu, ⁊ de toute uerite.

199 591 663 57 Icy endroit on ne deburoit point par

192 635 671 55 ler: mais seulement lamenter, gemir ⁊

196 681 644 62 plourer par grãd douleur ⁊ tristesse.

192 726 671 60 Et pourtant ie me deporte de parler

195 774 669 55 de leurs faulx miracles, de leurs ido-

192 824 673 55 les, dor, dargent, de pierre, de terre, de

192 873 673 52 boys ⁊c. de leurs pelerinages, de leurs

194 914 670 52 uoyages, ⁊ telles manieres de sedu-

191 958 672 63 ctions, par lesquelles choses, le monde

191 1006 623 62 est totallement en tenebres abysme.

242 1051 622 59 Cest le mal dont au commencemẽt

190 1096 674 58 de ce malheureux fruict, iauoye ꝓmis

192 1149 672 56 de parler, qui de toꝰ maulx est le plus

192 1192 668 60 grãd, ⁊ iamais homme ne scauroit pi-

192 1237 677 99 re imaginer. Et que uouldriez uous

763 1286 96 71 pire,
