984 1530
381 45 264 74 De lassistence

188 100 663 73 eternellemẽt. Et le pain q̃ ie donneray

190 153 642 57 est ma chair, pour la uie du monde.

190 200 665 61 Puis apres il dit: Se uoꝰ ne mangez

188 247 669 60 la chair du filz de lhomme, ⁊ se uous

190 291 668 66 ne beuuez son sang, uoꝰ naurez point

192 342 666 59 uie en uous. Qui mange ma chair, ⁊

190 385 670 63 boyt mõ sang, il a uie eternelle, ⁊ ie le

188 432 668 63 ressusciteray au dernier iour. Car ma-

191 478 666 57 chair est ueritablement uiande: ⁊ mõ

188 524 670 63 sang est ueritablement breuuage, A

191 572 669 62 ceste allegation ie respondz, quen tout

191 617 669 66 ce chapitre, Iesus Christ se manifeste

192 664 665 56 ⁊ donne a congnoistre tel quil est, ⁊ e-

193 708 665 73 stoit, cest assauoir nostre uie ⁊ seul ui

191 761 204 57 uificateur.

237 791 625 75 Oultre, uouloit oster la folle atten

192 851 672 54 te daucuns paoures aueugles, qui le

195 896 665 66 suyuoyẽt non pour autre chose, sinon

195 943 670 60 pensantz qui les nourriroit corporelle

195 989 669 64 ment sans plus labourer: pourtant qͥl

195 1037 667 55 les auoit nourryz, par la multiplica-

205 1082 657 60 tion de cinq pains, une foys ⁊ de sept

205 1129 659 58 a lautre, aux desers. Les autres (com

195 1176 670 64 me il appert au mesme chapitre) lesti

199 1221 666 85 moyent filz de Ioseph: ⁊ par ainsi le

707 1280 157 61 contem-

54 1086 139 69 Ieh.6.

56 1143 137 61 Mat.14

54 1194 80 55 ⁊.15.
