984 1534
138 456 170 201 P

165 56 582 62 Le moyen de maintenir la messe.

116 97 663 81 rite, qui plainement donnera a cõgnoi

119 158 658 64 stre la faulsete de la messe, tant cou-

116 207 660 88 uerte ⁊ palliee, ⁊ uoila paoures sacri-

121 251 303 71 ficateurs au bas.

157 310 581 61 ¶ Declaration septiesme/du moyen

156 352 582 67 de la maniere/ ⁊ cõmment on poura

154 392 452 55 maintenir ceste paoure messe.

319 453 462 66 Uis que poͬ les causes pre

318 499 458 62 dictes on doibt maintenir

313 544 463 68 la messe, reste ueoir la ma

316 594 463 61 niere, le moyen, ⁊ commẽt

113 641 664 62 cela se pourra faire: car cest le princi-

112 685 664 64 pal de leur cas. Entendez icy paoures

112 731 664 62 sacrificateurs: car plus nauez autre

111 777 663 66 refuge. Et pourtãt uous me deburiez

110 821 662 67 bien aymer, ueu q̃ tãt suis songneux

112 869 659 62 de uostre affaire. Entendez donc biẽ

111 915 664 65 ⁊ retenez le conseil qui sensuit. Car ia-

111 963 659 63 mais de meilleur pour uostre cas nen

111 1007 663 64 pourrez trouuer. Or il uous conuiẽt

111 1057 656 66 noter, quen plusieurs manieres on

112 1100 485 67 peult maintenir une chose:

148 1149 624 64 Premierement alleguant ancienne

110 1196 667 61 coustume: ce qui ne uous uault rien

112 1242 660 67 en cest endroict, car combiẽ que depuis

516 1287 255 74 F 3 quatre
