974 1534
394 37 229 76 Des fruictz

170 99 669 65 uefues ⁊ orphelins. Ce que principale

167 153 672 60 ment a este faict par fondatiõs danni

170 194 669 64 uersaires, messes annuelles ⁊ quoti-

171 239 667 69 dianes. Par leq̃l faulx ⁊ oultrageux

170 292 670 63 moyen ilz ont obtenu tant de richesses

174 333 666 68 quil nest possible le penser: cõme mai-

174 379 661 72 sons, rentes, possessions, seigneuries,

177 426 660 69 uilles, chasteaux, contez, baronnies,

175 474 669 65 duchez, ⁊ que plꝰ est, royaumes ⁊ prin

180 521 662 64 cipaultez. Uoyla un mauuais arbre

180 567 662 67 en la terre, fort plante ⁊ enracine. Le-

176 614 667 67 quel toutesfoys sera par le glaiue de

179 662 535 62 dieu abbatu, destruict ⁊ coupe.

225 706 619 66 Et de ce merueilleux, terrestre, tãt

179 756 663 64 abõdant, ⁊ riche fruict, un autre bien

176 805 667 62 tost est suruenu, cest q̃ ces tondus mis-

177 853 667 54 satiers, qui au commencement estoyẽt

176 896 668 66 plus paoures q̃ sauatiers, se sõt faictz

175 943 668 60 appeller monsieurs, ⁊ sur tous autres

176 986 667 68 ont occupe, obtenu, ⁊ usurpe en tou-

177 1035 666 61 tes places, les premiers lieux. Puis

177 1081 669 60 sont uenus en liberte nõ desprit: mais

175 1128 671 67 liberte de chair, a tout mal prompte ⁊

176 1176 667 67 licentieuse. Et que plus est eulx mes-

179 1227 667 75 mes se sont ostez, tirez, ⁊ exemptez de

671 1278 172 83 lobeissan

35 502 141 71 Iam se-

30 563 146 50 curis ad

30 608 127 50 radicem

33 646 123 53 arboris

34 687 108 54 posita

33 728 55 51 est

37 767 119 70 Mat.3.

39 1062 114 74 Luc.11.
