962 1532
375 25 231 83 Des fruictz

187 91 670 64 de moynes ⁊ de moynesses, de p̃bstres

190 140 665 54 ⁊ de prebstresses, ceste grasse messe cou

187 186 668 61 ue ⁊ nourrist, qͥ nest possible de le croi-

186 232 669 60 re. Et afin de a un si grand nombre

186 278 669 64 satisfaire, il a fallu edifier force poul-

183 325 671 63 lailliers, ⁊ plusieurs niz pour tant de

186 371 668 63 huppes loger. Or nombrez si uous

185 418 667 63 pouez, toꝰ les cloistres, abbayes, prio-

181 464 664 63 rez, monasteres, temples, chappelles,

182 510 667 60 chanoineries, tant de autelz portatifz

182 555 667 62 ⁊ nõ portatifz, tãt de p̃bendes ⁊ telles

180 603 668 62 choses, q̃ ceste messe noꝰ a produictz, ⁊

178 649 665 63 sur cela pẽsez un peu ie uoꝰ prie, ⁊ uoꝰ

180 694 665 63 uerrez q̃ ce peult estre. Nest ce pas grã

176 741 665 60 dement fructifie? Auarice y a fort be-

176 791 664 60 songue, tesmoing un de leur ordre nõ

172 833 663 64 me Guillaume de Peraldo, en son

171 882 670 64 temps euesque de Lyon, en la somme

173 929 665 56 quil a faicte des uices ⁊ uertus, par-

169 976 666 59 tie secõde, au tiltre de Simonie, la ou

167 1020 667 61 il dit que auarice a trouue la multitu

163 1067 669 61 de des autelz, ⁊ des collectes a la mes-

166 1114 665 57 se, laquelle chose finablement est tour

162 1159 672 62 nee en horrible idolatrie. Car par tel

162 1206 670 92 moyẽ, le paoure peuple a este apris de

689 1256 138 92 cercher

30 813 139 70 Guiliel

28 877 126 49 mus de

29 915 112 51 Peral

28 958 115 51 do. ep̃s

26 998 124 88 Lugdu.
