966 1530
283 71 477 56 De la transsubstantiation

186 121 660 68 presche ⁊ enscigne, q̃ apres auoir souf-

188 174 660 61 fle, ou parle sur ce pain, quilz prennẽt

190 220 656 56 entre leurs doigtz, ⁊ sur le uin quilz

187 267 661 60 mettent au calice, quil ny demeure ne

190 312 657 61 pain ne uin: mais par trãsformatiõ,

190 359 658 57 ou comme ilz disent transsubstantia-

191 408 660 57 tion, le corps de Iesus Christ, est la

191 453 660 58 dessoubz les accidens du pain inuisi-

188 497 660 56 blemẽt cache: ⁊ le sang aussi dessoubz

191 544 660 60 les accidens du uin, sans que plus il

191 591 660 60 y ayt ne pain, ne uin, qui est doctrine

191 638 660 53 des diables, contre toute uerite, cõtre

190 684 661 61 toute xperience, cõtre raison ⁊ saincte

192 729 659 61 Escripture: ce qui a entre autres cho-

191 775 657 62 ses iecte ⁊ aliene de la religion ⁊ foy

188 818 664 66 Chrestienne p̃sque toute la terre. Tãt

188 869 659 65 est pleine de malheur, la doctrine pa-

188 917 180 66 pisticque.

241 957 616 64 Que ceste doctrine, ⁊ determinatiõ

187 1005 670 67 sophistique, procedante de la uanite

187 1054 670 57 des songeurs, soit totalement contre

187 1101 670 61 les sainctes escriptures, il est euident ⁊

187 1146 670 63 manifeste par S. Paul: S. Matthieu

190 1192 668 65 S. Marc, ⁊ S. Luc. La ou ces tes-

190 1239 670 76 moingz de uerite parlant de la sain-

719 1286 138 64 cte Ce-
