952 1522
303 45 475 66 De la transsubstantiation

187 95 654 67 mangeusse le corps de Iesus Christ,

187 147 654 67 qui est cache soubz lapparẽce de pain:

186 194 659 63 mais apertement, purement ⁊ simple-

186 238 660 60 ment il dit: mangeusse de ce pain. Or

186 282 659 69 est il certain q̃ Lescripture nuse point

186 334 660 59 de deceptiõ, ⁊ que en icelle il ny a poĩt

186 376 658 64 de feintise. Et nonobstãt ces paoures

182 423 660 64 aueugles ont bien este si temeraires,

184 471 660 62 quilz ont ose diffinir ⁊ determiner cõ-

181 517 658 63 tre S. Paul ⁊ autres Euangelistes,

181 564 661 57 qu il ny a ne pain ne uin, mais seule-

180 611 662 59 ment semblance de pain ⁊ de uin. Da

182 662 658 55 uantage aux Actes des Apostres il est

177 703 662 61 ainsi escript: Et un iour de Sabbat:

176 750 664 60 quand nous estions assemblez pour

173 797 667 61 rõpre le pain, la ou il nest poĩt escript

173 843 667 61 semblance de pain. Et S. Paul en au

172 890 660 61 tre lieu dit: Le pain que nous rõpons,

167 937 672 58 nest ce pas la participation du corps

167 986 668 59 de Iesus Christ? Ausquelz tant eui-

166 1029 674 63 dentz passages, la saincte Escripture

166 1076 666 62 pronõce ⁊ dit expressemẽt estre pain,

163 1127 676 57 non point espece, apparence ou sem-

162 1170 678 56 blance de pain. Parquoy sur peine de-

165 1216 675 89 stre condemne de Dieu, fault simple-

713 1267 126 73 ment

81 649 94 63 act.20

60 876 108 99 1.cor.10
