<?xml version="1.0" encoding="UTF-8"?>
<alto xmlns:xsi="http://www.w3.org/2001/XMLSchema-instance"
      xmlns="http://www.loc.gov/standards/alto/ns-v4#"
      xsi:schemaLocation="http://www.loc.gov/standards/alto/ns-v4# http://www.loc.gov/standards/alto/v4/alto-4-2.xsd">
  <Description>
    <MeasurementUnit>pixel</MeasurementUnit>
    <sourceImageInformation>
      <fileName>CRRjm23.pdf_page_19.png</fileName>
      
    </sourceImageInformation>
  </Description>
  
  <Tags>
    <OtherTag ID="BT1166" LABEL="MarginTextZone:handwrittenAddition" DESCRIPTION="block type MarginTextZone:handwrittenAddition"/><OtherTag ID="BT1167" LABEL="QuireMarksZone" DESCRIPTION="block type QuireMarksZone"/><OtherTag ID="BT1168" LABEL="MainZone" DESCRIPTION="block type MainZone"/><OtherTag ID="BT1169" LABEL="GraphicZone" DESCRIPTION="block type GraphicZone"/><OtherTag ID="BT1170" LABEL="TitlePageZone" DESCRIPTION="block type TitlePageZone"/><OtherTag ID="BT1171" LABEL="DropCapitalZone" DESCRIPTION="block type DropCapitalZone"/><OtherTag ID="BT1172" LABEL="StampZone" DESCRIPTION="block type StampZone"/><OtherTag ID="BT1173" LABEL="TableZone" DESCRIPTION="block type TableZone"/><OtherTag ID="BT1174" LABEL="DamageZone" DESCRIPTION="block type DamageZone"/><OtherTag ID="BT1175" LABEL="MarginTextZone" DESCRIPTION="block type MarginTextZone"/>
    <OtherTag ID="LT424" LABEL="DefaultLine" DESCRIPTION="line type DefaultLine"/><OtherTag ID="LT425" LABEL="HeadingLine" DESCRIPTION="line type HeadingLine"/><OtherTag ID="LT426" LABEL="DropCapitalLine" DESCRIPTION="line type DropCapitalLine"/>
  </Tags>
  
  <Layout>
    <Page WIDTH="956"
          HEIGHT="1524"
          PHYSICAL_IMG_NR="18"
          ID="eSc_dummypage_">
      <PrintSpace HPOS="0"
                  VPOS="0"
                  WIDTH="956"
                  HEIGHT="1524">
        
        <TextBlock HPOS="175"
                   VPOS="16"
                   WIDTH="699"
                   HEIGHT="1264"
                   ID="eSc_textblock_bf2c4c15"
                   TAGREFS="BT1168">
          <Shape><Polygon POINTS="189 16 175 1280 874 1262 874 16"/></Shape>
          
          
          <TextLine ID="eSc_line_4bcd6323"
                    TAGREFS="LT425"
                    BASELINE="330 73 720 76" 
                    HPOS="329"
                    VPOS="30"
                    WIDTH="391"
                    HEIGHT="63">
            <Shape><Polygon POINTS="700 36 650 36 649 35 647 34 634 34 621 34 608 33 606 33 601 34 596 35 586 34 575 33 570 33 558 33 545 33 532 33 519 33 507 31 494 31 481 31 472 31 471 33 470 34 466 33 461 31 456 31 443 31 430 31 418 30 416 30 413 31 404 35 372 35 367 31 364 30 354 30 341 30 335 30 330 30 330 73 329 90 330 91 331 91 331 92 333 92 334 92 335 92 336 92 368 85 418 92 419 92 420 92 422 92 422 91 429 85 446 85 475 85 476 85 525 93 526 93 564 86 574 93 575 93 577 93 578 93 719 85 720 76 711 45 710 44"/></Shape>
	    <String CONTENT="Preface de Lautheur."
                    HPOS="329"
                    VPOS="30"
                    WIDTH="391"
                    HEIGHT="63"></String>
          </TextLine>

          
          
          <TextLine ID="eSc_line_93a15be9"
                    TAGREFS="LT424"
                    BASELINE="202 132 864 135" 
                    HPOS="200"
                    VPOS="83"
                    WIDTH="664"
                    HEIGHT="68">
            <Shape><Polygon POINTS="861 100 849 97 836 96 823 95 811 93 808 92 803 93 800 92 798 92 785 90 772 88 760 87 758 86 753 92 751 95 681 95 667 92 626 85 625 85 584 92 579 92 578 92 569 85 568 85 566 85 472 85 471 85 429 92 423 92 416 92 369 83 368 83 367 83 345 91 277 85 277 86 264 88 251 91 249 91 249 92 245 92 238 93 226 95 213 97 202 99 202 132 200 143 288 139 294 144 297 147 298 147 300 147 301 148 368 148 368 147 369 147 378 144 394 139 474 143 565 148 566 148 568 148 591 143 598 140 601 143 607 148 608 148 610 148 678 149 680 149 681 149 697 142 699 142 714 149 715 149 717 151 812 151 812 149 863 140 864 135 861 100 861 100"/></Shape>
	    <String CONTENT="⁊ merque dont ilz sont signez. Mais"
                    HPOS="200"
                    VPOS="83"
                    WIDTH="664"
                    HEIGHT="68"></String>
          </TextLine>

          
          
          <TextLine ID="eSc_line_2810cecb"
                    TAGREFS="LT424"
                    BASELINE="203 177 856 185" 
                    HPOS="202"
                    VPOS="133"
                    WIDTH="654"
                    HEIGHT="66">
            <Shape><Polygon POINTS="419 133 418 133 401 140 266 140 265 139 256 133 254 133 242 133 203 138 203 177 202 193 259 194 260 194 261 194 264 194 284 186 292 193 292 194 293 194 294 194 335 195 336 195 338 195 341 194 354 189 400 194 404 194 405 194 406 194 408 194 415 187 452 187 458 194 460 195 460 196 461 196 462 196 464 198 512 198 512 196 513 196 514 196 514 195 516 194 522 189 559 189 564 195 566 196 566 198 568 198 569 198 570 198 572 198 573 198 577 195 584 190 677 190 681 195 685 198 685 199 686 199 687 199 689 199 855 195 856 185 856 147 830 139 828 139 827 139 826 139 807 146 799 139 799 138 798 138 797 138 795 138 760 144 750 137 748 137 747 137 746 137 744 137 743 137 733 144 683 137 682 137 681 137 680 137 672 144 671 146 639 146 635 144 608 135 607 135 572 135 570 135 569 135 568 135 568 137 560 143 471 143 469 142 422 133 419 133"/></Shape>
	    <String CONTENT="silz auoyent bien pense a ce qͥlz disent,"
                    HPOS="202"
                    VPOS="133"
                    WIDTH="654"
                    HEIGHT="66"></String>
          </TextLine>

          
          
          <TextLine ID="eSc_line_bc480e79"
                    TAGREFS="LT424"
                    BASELINE="207 223 860 229" 
                    HPOS="205"
                    VPOS="180"
                    WIDTH="654"
                    HEIGHT="65">
            <Shape><Polygon POINTS="205 222 205 238 230 232 246 238 249 240 250 240 251 240 259 238 302 232 349 238 366 241 367 241 368 241 375 238 391 233 442 233 450 238 451 241 452 241 453 241 455 241 499 238 583 234 591 238 597 243 598 243 600 243 601 245 675 245 675 243 676 243 677 243 683 238 689 236 703 238 728 245 729 245 858 238 859 228 859 193 826 185 825 185 823 185 807 191 805 191 803 191 748 185 747 185 692 190 686 185 686 184 685 184 683 184 682 184 561 189 558 189 556 189 546 182 545 182 544 182 542 182 541 182 525 189 523 189 429 189 429 187 411 181 410 181 409 181 349 187 340 187 335 181 334 181 334 180 333 180 331 180 330 180 329 180 312 186 205 186 205 222"/></Shape>
	    <String CONTENT="certes dhonte ⁊ crainte, ilz se tayroyẽt."
                    HPOS="205"
                    VPOS="180"
                    WIDTH="654"
                    HEIGHT="65"></String>
          </TextLine>

          
          
          <TextLine ID="eSc_line_bb3e6057"
                    TAGREFS="LT424"
                    BASELINE="209 271 862 281" 
                    HPOS="207"
                    VPOS="224"
                    WIDTH="654"
                    HEIGHT="69">
            <Shape><Polygon POINTS="208 270 207 281 373 280 387 284 399 287 400 287 401 287 415 284 436 279 443 284 450 288 451 288 452 288 453 288 511 284 550 281 573 284 622 290 624 290 625 290 626 290 633 284 635 283 685 283 687 284 696 292 697 292 699 292 700 292 750 284 753 284 755 284 761 290 761 292 762 292 764 292 765 292 789 287 802 293 803 293 804 293 860 284 861 280 861 240 837 233 836 233 835 233 798 240 794 240 783 232 781 232 780 232 779 232 724 238 720 238 719 238 700 231 699 231 697 231 643 237 638 237 634 237 596 229 594 229 561 236 560 236 556 236 519 228 518 228 517 228 493 234 491 236 458 236 457 234 450 227 448 227 447 227 446 227 444 227 429 233 400 227 399 227 397 227 376 233 373 233 364 226 363 226 362 226 361 226 327 232 326 232 316 226 315 226 314 226 312 226 311 226 293 232 291 232 284 232 233 224 232 224 208 229 208 270"/></Shape>
	    <String CONTENT="Car il est escript, q̃ nul ne pourra mar"
                    HPOS="207"
                    VPOS="224"
                    WIDTH="654"
                    HEIGHT="69"></String>
          </TextLine>

          
          
          <TextLine ID="eSc_line_03a4e727"
                    TAGREFS="LT424"
                    BASELINE="202 318 860 323" 
                    HPOS="200"
                    VPOS="273"
                    WIDTH="660"
                    HEIGHT="68">
            <Shape><Polygon POINTS="728 276 700 283 697 283 696 283 690 276 690 275 689 275 687 275 685 275 672 275 659 275 647 275 644 275 643 275 641 275 640 275 640 276 634 281 631 281 559 275 558 275 489 280 488 280 486 280 479 274 477 274 476 274 475 274 474 274 472 274 462 280 437 274 436 274 434 274 325 279 321 279 320 279 312 273 311 273 310 273 308 273 202 278 202 318 200 334 344 330 354 335 358 336 359 336 361 336 402 335 477 331 481 334 484 336 484 337 485 337 486 337 654 339 655 339 657 339 671 334 675 332 678 334 701 340 703 340 704 341 766 341 766 340 767 340 769 340 769 339 775 334 844 340 845 340 846 340 859 332 860 323 859 284 729 276 728 276"/></Shape>
	    <String CONTENT="chander, uẽdre, nacheter, sil na la mar"
                    HPOS="200"
                    VPOS="273"
                    WIDTH="660"
                    HEIGHT="68"></String>
          </TextLine>

          
          
          <TextLine ID="eSc_line_e957724e"
                    TAGREFS="LT424"
                    BASELINE="202 367 475 367" 
                    HPOS="202"
                    VPOS="321"
                    WIDTH="273"
                    HEIGHT="61">
            <Shape><Polygon POINTS="436 321 434 321 433 321 399 327 378 321 377 321 376 321 375 321 373 321 361 330 349 321 348 321 347 321 345 321 307 328 286 321 284 321 283 321 282 321 280 321 269 330 202 330 202 367 202 382 246 374 300 374 307 381 307 382 308 382 310 382 311 382 312 382 315 382 339 374 474 379 475 367 475 331 446 331 437 322 437 321 436 321"/></Shape>
	    <String CONTENT="que de la beste."
                    HPOS="202"
                    VPOS="321"
                    WIDTH="273"
                    HEIGHT="61"></String>
          </TextLine>

          
          
          <TextLine ID="eSc_line_da9566c9"
                    TAGREFS="LT424"
                    BASELINE="255 410 863 415" 
                    HPOS="254"
                    VPOS="364"
                    WIDTH="609"
                    HEIGHT="66">
            <Shape><Polygon POINTS="408 368 395 368 383 368 382 369 376 372 255 369 255 410 254 420 269 426 270 426 272 426 273 426 300 420 406 427 408 427 452 421 521 427 522 427 523 427 541 421 558 429 559 429 560 429 701 422 703 422 711 430 713 430 714 430 715 430 861 422 863 415 861 370 713 375 690 369 676 365 675 365 673 365 653 369 630 375 605 375 598 369 594 367 594 365 593 365 592 365 591 365 572 369 555 373 550 369 545 365 545 364 544 364 542 364 500 364 499 364 498 364 497 364 490 369 483 374 420 374 411 369 408 368 408 368"/></Shape>
	    <String CONTENT="Toutesfoys afin q̃ nostre cas soit"
                    HPOS="254"
                    VPOS="364"
                    WIDTH="609"
                    HEIGHT="66"></String>
          </TextLine>

          
          
          <TextLine ID="eSc_line_d42f726f"
                    TAGREFS="LT424"
                    BASELINE="198 458 860 462" 
                    HPOS="197"
                    VPOS="419"
                    WIDTH="663"
                    HEIGHT="58">
            <Shape><Polygon POINTS="198 458 197 468 214 474 216 474 217 474 450 469 457 476 458 476 460 476 461 476 462 476 464 476 476 468 511 474 512 474 624 468 634 468 638 468 691 477 692 477 694 477 725 469 751 477 752 477 753 477 859 468 860 462 860 424 198 419 198 458"/></Shape>
	    <String CONTENT="bien fonde, clairement entendu ⁊ pro-"
                    HPOS="197"
                    VPOS="419"
                    WIDTH="663"
                    HEIGHT="58"></String>
          </TextLine>

          
          
          <TextLine ID="eSc_line_03019cb9"
                    TAGREFS="LT424"
                    BASELINE="199 509 863 509" 
                    HPOS="199"
                    VPOS="462"
                    WIDTH="664"
                    HEIGHT="62">
            <Shape><Polygon POINTS="742 462 741 462 739 462 738 462 713 469 677 462 676 462 675 462 673 462 663 469 626 462 625 462 549 468 531 462 530 462 528 462 527 462 509 469 488 462 486 462 424 462 423 462 422 462 420 462 408 471 347 471 339 463 339 462 338 462 336 462 282 462 280 462 279 462 259 471 199 471 199 509 199 515 225 523 226 523 227 523 228 523 244 516 306 523 307 523 308 523 326 516 344 523 345 523 347 524 439 524 439 523 441 523 442 523 452 516 842 523 844 523 845 523 863 515 863 509 863 471 751 471 743 463 743 462 742 462"/></Shape>
	    <String CONTENT="ue, il est necessaire toucher, declarer, ⁊"
                    HPOS="199"
                    VPOS="462"
                    WIDTH="664"
                    HEIGHT="62"></String>
          </TextLine>

          
          
          <TextLine ID="eSc_line_dcf53165"
                    TAGREFS="LT424"
                    BASELINE="199 554 860 554" 
                    HPOS="199"
                    VPOS="515"
                    WIDTH="661"
                    HEIGHT="57">
            <Shape><Polygon POINTS="199 554 199 567 689 563 691 563 714 571 715 571 717 572 846 572 846 571 847 571 849 571 860 563 860 554 860 518 199 515 199 554"/></Shape>
	    <String CONTENT="mõstrer en particulier aucuns poinctz"
                    HPOS="199"
                    VPOS="515"
                    WIDTH="661"
                    HEIGHT="57"></String>
          </TextLine>

          
          
          <TextLine ID="eSc_line_b1fc1231"
                    TAGREFS="LT424"
                    BASELINE="198 600 859 598" 
                    HPOS="197"
                    VPOS="556"
                    WIDTH="662"
                    HEIGHT="59">
            <Shape><Polygon POINTS="610 556 575 563 573 563 572 563 565 557 565 556 564 556 563 556 553 556 540 556 527 556 526 556 525 556 498 563 494 565 490 563 467 557 466 557 465 557 464 557 462 557 452 565 451 565 444 565 394 558 392 558 363 565 345 557 344 557 254 557 252 557 251 557 230 565 207 557 205 557 204 557 203 557 202 557 202 558 197 562 198 600 198 615 265 608 362 608 371 613 373 615 375 615 376 615 377 615 378 615 380 615 382 613 389 609 441 613 493 615 494 615 495 615 508 612 518 608 539 610 563 614 564 614 565 614 566 614 572 610 578 607 614 607 619 609 624 614 625 614 626 614 628 614 663 609 681 607 703 608 764 614 765 614 766 614 767 614 775 607 778 607 799 614 800 614 802 614 858 605 859 598 855 561 691 563 673 562 611 556 610 556"/></Shape>
	    <String CONTENT="dabomination, qui sont trouuez en ce-"
                    HPOS="197"
                    VPOS="556"
                    WIDTH="662"
                    HEIGHT="59"></String>
          </TextLine>

          
          
          <TextLine ID="eSc_line_c35d9206"
                    TAGREFS="LT424"
                    BASELINE="197 651 860 646" 
                    HPOS="195"
                    VPOS="600"
                    WIDTH="665"
                    HEIGHT="66">
            <Shape><Polygon POINTS="197 651 197 666 255 657 338 665 350 665 352 665 358 664 395 656 474 662 485 662 486 662 488 662 490 661 503 656 540 661 554 662 555 662 556 662 561 661 577 655 600 660 612 662 614 662 629 660 650 655 661 659 666 661 667 661 668 661 859 655 860 646 856 600 718 608 703 603 694 600 692 600 691 600 690 600 682 603 667 610 588 610 583 605 579 601 578 601 577 601 575 601 550 607 525 610 451 608 333 604 331 604 330 604 329 604 319 610 317 612 317 610 303 604 302 604 301 604 247 610 205 604 204 604 203 604 202 604 195 608 197 651"/></Shape>
	    <String CONTENT="ste Messe. Car de tout monstrer, il est"
                    HPOS="195"
                    VPOS="600"
                    WIDTH="665"
                    HEIGHT="66"></String>
          </TextLine>

          
          
          <TextLine ID="eSc_line_e5b7d917"
                    TAGREFS="LT424"
                    BASELINE="195 695 861 695" 
                    HPOS="195"
                    VPOS="650"
                    WIDTH="666"
                    HEIGHT="62">
            <Shape><Polygon POINTS="483 650 481 650 475 650 462 650 450 650 437 650 424 650 411 650 410 650 409 650 408 650 391 659 330 659 321 651 310 651 297 651 284 651 273 651 265 659 195 659 195 695 195 712 289 712 289 711 291 711 292 711 300 704 341 709 354 711 355 711 357 711 362 709 380 704 391 709 396 711 397 711 399 711 414 708 443 704 580 707 793 711 794 711 795 711 797 711 804 704 841 711 842 711 844 711 861 703 861 695 861 659 790 650 789 650 706 657 682 650 681 650 680 650 678 650 658 656 577 651 575 651 574 651 573 651 565 659 491 659 484 651 484 650 483 650"/></Shape>
	    <String CONTENT="quasi impossible, ⁊ croy quil nest hom"
                    HPOS="195"
                    VPOS="650"
                    WIDTH="666"
                    HEIGHT="62"></String>
          </TextLine>

          
          
          <TextLine ID="eSc_line_ff048c35"
                    TAGREFS="LT424"
                    BASELINE="193 742 859 739" 
                    HPOS="191"
                    VPOS="697"
                    WIDTH="668"
                    HEIGHT="58">
            <Shape><Polygon POINTS="638 697 630 703 612 698 611 698 610 698 608 698 587 704 437 697 436 697 434 697 401 706 392 698 391 698 390 698 315 698 314 698 261 706 252 698 251 698 250 698 249 698 247 698 246 698 236 706 202 701 200 701 199 701 198 701 191 704 193 742 193 755 858 751 859 739 856 704 671 704 647 697 638 697"/></Shape>
	    <String CONTENT="me qui le sceust faire, ou si a aucun e-"
                    HPOS="191"
                    VPOS="697"
                    WIDTH="668"
                    HEIGHT="58"></String>
          </TextLine>

          
          
          <TextLine ID="eSc_line_23e74aaf"
                    TAGREFS="LT424"
                    BASELINE="194 789 859 787" 
                    HPOS="193"
                    VPOS="741"
                    WIDTH="666"
                    HEIGHT="62">
            <Shape><Polygon POINTS="408 742 406 742 405 742 404 742 404 744 400 746 394 751 353 746 338 745 336 745 335 745 334 745 333 746 325 751 311 746 300 742 298 742 297 742 296 742 288 746 282 749 274 746 263 742 261 742 260 742 259 742 250 746 240 750 236 746 233 744 233 742 232 742 231 742 230 742 193 745 194 789 195 803 211 797 391 801 505 803 507 803 508 803 517 800 526 796 594 796 600 798 603 802 605 802 606 802 607 802 858 795 859 787 858 749 837 741 836 741 835 741 833 741 817 749 812 751 790 751 788 749 781 742 781 741 780 741 779 741 778 741 776 741 755 748 734 741 733 741 732 741 730 741 729 741 722 748 718 750 701 748 661 742 659 742 658 742 648 748 644 750 643 748 636 742 636 741 635 741 634 741 633 741 561 748 511 753 476 753 471 746 467 744 467 742 466 742 465 742 464 742 443 746 428 750 419 746 409 742 408 742"/></Shape>
	    <String CONTENT="stoit donne de le pouoir faire, si faul-"
                    HPOS="193"
                    VPOS="741"
                    WIDTH="666"
                    HEIGHT="62"></String>
          </TextLine>

          
          
          <TextLine ID="eSc_line_b8e0f089"
                    TAGREFS="LT424"
                    BASELINE="193 834 860 834" 
                    HPOS="193"
                    VPOS="791"
                    WIDTH="667"
                    HEIGHT="61">
            <Shape><Polygon POINTS="193 834 193 847 333 843 348 847 368 850 369 852 466 852 466 850 505 845 521 843 523 845 528 849 528 850 530 850 531 850 532 850 533 850 554 844 556 844 559 844 573 850 574 850 575 850 640 844 641 844 649 850 650 850 652 850 653 850 727 843 734 843 736 843 742 849 742 850 743 850 744 850 746 852 789 852 789 850 790 850 792 850 792 849 798 843 860 842 860 834 860 798 828 791 827 791 826 791 798 797 744 791 743 791 742 791 728 797 695 791 694 791 664 797 663 798 605 798 605 797 598 792 598 791 597 791 596 791 545 791 544 791 542 791 541 791 535 797 533 798 470 798 469 797 462 791 461 791 460 791 458 791 457 791 432 797 429 798 369 798 368 797 363 792 363 791 362 791 361 791 359 791 193 796 193 834"/></Shape>
	    <String CONTENT="droit il un tresgrand liure, tant y a de"
                    HPOS="193"
                    VPOS="791"
                    WIDTH="667"
                    HEIGHT="61"></String>
          </TextLine>

          
          
          <TextLine ID="eSc_line_6dc698a0"
                    TAGREFS="LT424"
                    BASELINE="189 882 861 880" 
                    HPOS="188"
                    VPOS="835"
                    WIDTH="673"
                    HEIGHT="62">
            <Shape><Polygon POINTS="584 835 583 835 553 839 535 842 531 839 526 835 525 835 523 835 522 835 486 840 466 843 410 842 260 836 259 836 188 844 189 882 189 891 326 896 327 896 329 896 341 891 344 890 437 890 438 890 443 895 443 896 444 896 446 896 447 897 521 897 521 896 608 890 625 889 630 890 658 895 659 895 661 895 680 889 681 889 682 889 694 895 695 895 696 896 798 896 798 895 799 895 800 895 800 894 807 889 860 889 861 880 858 835 605 842 596 839 586 835 584 835"/></Shape>
	    <String CONTENT="malediction enclose, ⁊ detestable perdi"
                    HPOS="188"
                    VPOS="835"
                    WIDTH="673"
                    HEIGHT="62"></String>
          </TextLine>

          
          
          <TextLine ID="eSc_line_5a30dfa2"
                    TAGREFS="LT424"
                    BASELINE="191 927 861 929" 
                    HPOS="190"
                    VPOS="882"
                    WIDTH="671"
                    HEIGHT="61">
            <Shape><Polygon POINTS="395 882 382 882 377 882 371 887 369 890 236 890 233 889 218 882 217 882 208 882 191 887 191 927 190 938 335 935 348 939 357 942 358 942 359 942 378 939 397 935 414 938 430 942 432 942 452 938 470 935 540 938 680 943 681 943 715 937 719 937 727 937 835 943 836 943 837 943 860 935 861 929 860 887 800 882 799 882 798 882 797 882 797 883 793 887 789 891 746 891 720 887 682 882 681 882 680 882 663 887 653 890 643 887 625 882 624 882 622 882 621 882 608 887 602 891 527 891 484 887 401 882 395 882"/></Shape>
	    <String CONTENT="tion, nonobstant que a plusieurs, elle"
                    HPOS="190"
                    VPOS="882"
                    WIDTH="671"
                    HEIGHT="61"></String>
          </TextLine>

          
          
          <TextLine ID="eSc_line_3d75db56"
                    TAGREFS="LT424"
                    BASELINE="191 976 861 974" 
                    HPOS="190"
                    VPOS="929"
                    WIDTH="671"
                    HEIGHT="60">
            <Shape><Polygon POINTS="804 929 803 929 778 935 720 929 719 929 718 929 704 935 690 929 689 929 687 929 686 929 685 929 676 935 676 937 594 937 593 935 583 929 582 929 580 929 572 929 559 929 546 929 533 929 525 929 523 929 522 929 507 935 503 937 495 935 469 930 467 930 466 930 446 935 438 937 429 935 401 930 400 930 399 930 381 935 373 938 324 938 321 935 317 932 317 930 316 930 315 930 314 930 190 934 191 976 191 989 860 980 861 974 859 937 805 929 804 929"/></Shape>
	    <String CONTENT="semble precieuse ⁊ belle: mais comme"
                    HPOS="190"
                    VPOS="929"
                    WIDTH="671"
                    HEIGHT="60"></String>
          </TextLine>

          
          
          <TextLine ID="eSc_line_7ae2fa5a"
                    TAGREFS="LT424"
                    BASELINE="194 1026 862 1026" 
                    HPOS="193"
                    VPOS="975"
                    WIDTH="668"
                    HEIGHT="62">
            <Shape><Polygon POINTS="479 975 477 975 466 979 453 984 330 984 326 980 322 976 322 975 321 975 320 975 319 975 193 980 193 1024 193 1037 861 1036 861 1024 861 976 825 975 823 975 822 975 821 975 821 976 813 984 780 984 772 976 771 975 770 975 769 975 767 975 766 975 762 976 746 982 738 976 737 975 736 975 734 975 733 975 704 976 641 981 629 977 621 975 620 975 619 975 617 975 616 975 614 977 606 982 570 977 546 975 545 975 544 975 532 977 514 982 497 979 480 975 479 975"/></Shape>
	    <String CONTENT="il est escript en S. Luc. Ce qͥ est hault"
                    HPOS="193"
                    VPOS="975"
                    WIDTH="668"
                    HEIGHT="62"></String>
          </TextLine>

          
          
          <TextLine ID="eSc_line_35429560"
                    TAGREFS="LT424"
                    BASELINE="188 1069 860 1066" 
                    HPOS="186"
                    VPOS="1023"
                    WIDTH="674"
                    HEIGHT="57">
            <Shape><Polygon POINTS="188 1069 188 1080 859 1076 860 1066 856 1027 675 1029 673 1028 668 1024 668 1023 667 1023 666 1023 664 1023 633 1028 625 1029 622 1028 610 1023 608 1023 607 1023 564 1029 558 1029 554 1029 525 1023 523 1023 522 1023 503 1029 498 1031 493 1029 467 1024 466 1024 465 1024 453 1031 451 1032 321 1032 306 1032 275 1024 274 1024 186 1032 188 1069"/></Shape>
	    <String CONTENT="aux hommes, est abomination deuãt"
                    HPOS="186"
                    VPOS="1023"
                    WIDTH="674"
                    HEIGHT="57"></String>
          </TextLine>

          
          
          <TextLine ID="eSc_line_58c60fe8"
                    TAGREFS="LT424"
                    BASELINE="197 1117 858 1117" 
                    HPOS="195"
                    VPOS="1069"
                    WIDTH="661"
                    HEIGHT="58">
            <Shape><Polygon POINTS="195 1116 195 1127 856 1125 856 1116 856 1076 813 1076 813 1075 807 1070 807 1069 805 1069 804 1069 803 1069 802 1069 784 1075 783 1076 682 1076 681 1074 676 1070 676 1069 675 1069 673 1069 672 1069 671 1069 655 1074 652 1075 649 1074 639 1069 638 1069 539 1069 537 1069 536 1069 535 1069 531 1073 528 1074 526 1073 521 1069 519 1069 518 1069 517 1069 493 1073 471 1075 448 1071 425 1069 424 1069 392 1071 349 1075 329 1071 319 1069 317 1069 316 1069 308 1070 289 1075 195 1070 195 1116"/></Shape>
	    <String CONTENT="dieu. Et S. Paul ose biẽ dire que lan"
                    HPOS="195"
                    VPOS="1069"
                    WIDTH="661"
                    HEIGHT="58"></String>
          </TextLine>

          
          
          <TextLine ID="eSc_line_b5176f0f"
                    TAGREFS="LT424"
                    BASELINE="188 1164 859 1159" 
                    HPOS="186"
                    VPOS="1120"
                    WIDTH="673"
                    HEIGHT="58">
            <Shape><Polygon POINTS="188 1164 188 1172 340 1178 341 1178 406 1172 420 1170 428 1172 456 1177 457 1177 489 1172 495 1170 499 1172 519 1177 521 1177 522 1177 523 1177 539 1170 542 1169 545 1170 551 1176 553 1176 554 1176 555 1176 583 1170 596 1169 607 1170 638 1176 639 1176 672 1170 690 1168 695 1170 703 1174 704 1174 705 1174 706 1174 720 1170 728 1168 737 1170 750 1174 751 1174 752 1174 753 1174 766 1170 774 1168 776 1170 780 1174 781 1174 783 1174 784 1174 858 1169 859 1159 855 1120 186 1123 188 1164"/></Shape>
	    <String CONTENT="ge de satan se transfigure en Ange de"
                    HPOS="186"
                    VPOS="1120"
                    WIDTH="673"
                    HEIGHT="58"></String>
          </TextLine>

          
          
          <TextLine ID="eSc_line_b759f558"
                    TAGREFS="LT424"
                    BASELINE="185 1205 860 1207" 
                    HPOS="184"
                    VPOS="1163"
                    WIDTH="676"
                    HEIGHT="61">
            <Shape><Polygon POINTS="274 1164 268 1164 258 1170 256 1170 252 1170 217 1164 211 1164 203 1164 185 1169 185 1205 184 1219 277 1216 292 1220 302 1223 303 1223 305 1223 306 1223 315 1220 326 1216 375 1220 420 1223 422 1223 444 1219 462 1216 466 1219 469 1221 469 1223 470 1223 471 1223 472 1223 493 1219 502 1217 514 1219 558 1224 559 1224 628 1217 640 1217 644 1217 664 1224 666 1224 667 1224 668 1224 669 1224 676 1217 677 1217 732 1217 736 1217 786 1224 788 1224 817 1217 825 1224 826 1224 827 1224 828 1224 859 1216 860 1207 860 1170 844 1163 842 1163 719 1163 718 1163 717 1163 703 1170 701 1170 700 1170 680 1163 678 1163 677 1163 676 1163 675 1163 664 1170 662 1172 652 1170 612 1163 611 1163 610 1163 608 1163 608 1164 602 1170 600 1173 560 1173 555 1170 537 1163 536 1163 535 1163 533 1163 532 1163 523 1170 521 1172 512 1170 483 1165 481 1165 324 1170 294 1170 293 1170 280 1164 274 1164"/></Shape>
	    <String CONTENT="lumiere: ce que en cest endroit est forte"
                    HPOS="184"
                    VPOS="1163"
                    WIDTH="676"
                    HEIGHT="61"></String>
          </TextLine>

          
          
          <TextLine ID="eSc_line_22d9d9c4"
                    TAGREFS="LT424"
                    BASELINE="185 1254 861 1252" 
                    HPOS="184"
                    VPOS="1209"
                    WIDTH="677"
                    HEIGHT="76">
            <Shape><Polygon POINTS="184 1226 185 1254 185 1271 223 1267 231 1271 241 1276 242 1276 244 1276 245 1276 246 1276 251 1271 254 1270 255 1271 264 1278 265 1278 266 1278 268 1278 269 1278 270 1278 283 1271 288 1267 297 1270 319 1277 320 1277 321 1277 322 1277 343 1270 366 1283 367 1283 368 1283 369 1283 416 1275 434 1283 436 1283 437 1285 509 1285 509 1283 511 1283 512 1283 533 1270 580 1282 582 1282 583 1282 584 1282 603 1275 687 1282 689 1282 690 1282 691 1282 713 1266 734 1266 803 1266 823 1273 825 1273 826 1273 827 1273 861 1263 861 1252 858 1212 826 1216 812 1212 799 1209 798 1209 797 1209 772 1212 753 1216 743 1214 729 1209 728 1209 727 1209 725 1209 710 1214 701 1216 695 1214 683 1209 682 1209 681 1209 680 1209 657 1214 654 1215 653 1214 647 1209 645 1209 644 1209 578 1209 577 1209 476 1216 456 1217 452 1216 430 1210 429 1210 428 1210 427 1210 425 1210 415 1217 410 1217 371 1211 369 1211 292 1217 277 1210 275 1210 274 1210 273 1210 272 1210 260 1217 202 1211 200 1211 199 1211 190 1215 184 1226"/></Shape>
	    <String CONTENT="ment accomply, quand soubz lombre"
                    HPOS="184"
                    VPOS="1209"
                    WIDTH="677"
                    HEIGHT="76"></String>
          </TextLine>

          
        </TextBlock>
        
        <TextBlock HPOS="689"
                   VPOS="1257"
                   WIDTH="175"
                   HEIGHT="65"
                   ID="eSc_textblock_c0dff23a"
                   TAGREFS="BT1167">
          <Shape><Polygon POINTS="689 1257 689 1322 864 1322 864 1257"/></Shape>
          
          
          <TextLine ID="eSc_line_ae3f876c"
                    TAGREFS="LT424"
                    BASELINE="701 1301 859 1299" 
                    HPOS="701"
                    VPOS="1253"
                    WIDTH="158"
                    HEIGHT="100">
            <Shape><Polygon POINTS="776 1253 772 1253 750 1264 738 1254 737 1254 736 1254 734 1254 733 1254 709 1263 701 1290 701 1301 701 1353 752 1351 753 1351 757 1350 793 1332 858 1338 859 1299 855 1262 827 1264 818 1263 784 1253 776 1253"/></Shape>
	    <String CONTENT="de sain-"
                    HPOS="701"
                    VPOS="1253"
                    WIDTH="158"
                    HEIGHT="100"></String>
          </TextLine>

          
        </TextBlock>
        
        <TextBlock HPOS="68"
                   VPOS="209"
                   WIDTH="131"
                   HEIGHT="91"
                   ID="eSc_textblock_b02111d6"
                   TAGREFS="BT1175">
          <Shape><Polygon POINTS="68 209 68 300 199 300 199 209"/></Shape>
          
          
          <TextLine ID="eSc_line_a3ea8f8a"
                    TAGREFS="LT424"
                    BASELINE="82 271 199 271" 
                    HPOS="81"
                    VPOS="214"
                    WIDTH="117"
                    HEIGHT="70">
            <Shape><Polygon POINTS="81 270 81 279 150 284 151 284 152 284 166 278 176 284 177 284 179 284 180 284 181 284 198 276 198 270 197 219 123 224 111 218 106 214 105 214 104 214 102 214 81 217 81 270"/></Shape>
	    <String CONTENT="Apoc.13"
                    HPOS="81"
                    VPOS="214"
                    WIDTH="117"
                    HEIGHT="70"></String>
          </TextLine>

          
        </TextBlock>
        
        <TextBlock HPOS="65"
                   VPOS="983"
                   WIDTH="122"
                   HEIGHT="67"
                   ID="eSc_textblock_713e55b4"
                   TAGREFS="BT1175">
          <Shape><Polygon POINTS="65 983 65 1050 187 1050 187 983"/></Shape>
          
          
          <TextLine ID="eSc_line_3fa89b80"
                    TAGREFS="LT424"
                    BASELINE="80 1031 188 1035" 
                    HPOS="77"
                    VPOS="975"
                    WIDTH="111"
                    HEIGHT="70">
            <Shape><Polygon POINTS="78 1029 77 1045 185 1045 186 1033 188 991 155 990 150 986 128 975 127 975 125 975 80 979 78 1029"/></Shape>
	    <String CONTENT="Luc.16"
                    HPOS="77"
                    VPOS="975"
                    WIDTH="111"
                    HEIGHT="70"></String>
          </TextLine>

          
        </TextBlock>
        
        <TextBlock HPOS="53"
                   VPOS="1064"
                   WIDTH="134"
                   HEIGHT="80"
                   ID="eSc_textblock_4d047915"
                   TAGREFS="BT1175">
          <Shape><Polygon POINTS="53 1064 53 1144 187 1144 187 1064"/></Shape>
          
          
          <TextLine ID="eSc_line_cd376c9f"
                    TAGREFS="LT424"
                    BASELINE="66 1112 187 1117" 
                    HPOS="63"
                    VPOS="1065"
                    WIDTH="123"
                    HEIGHT="69">
            <Shape><Polygon POINTS="64 1111 63 1134 185 1132 186 1116 186 1076 114 1065 113 1065 66 1070 64 1111"/></Shape>
	    <String CONTENT="2.Cor.11"
                    HPOS="63"
                    VPOS="1065"
                    WIDTH="123"
                    HEIGHT="69"></String>
          </TextLine>

          
        </TextBlock>
        
        <TextBlock HPOS="325"
                   VPOS="1480"
                   WIDTH="69"
                   HEIGHT="44"
                   ID="eSc_textblock_4df51c9c"
                   TAGREFS="BT1166">
          <Shape><Polygon POINTS="325 1480 325 1524 394 1524 394 1480"/></Shape>
          
        </TextBlock>
        

        
      </PrintSpace>
    </Page>
  </Layout>
</alto>
