1134 1530
303 682 205 209 O

530 71 217 57 de la messe.

295 123 669 64 que cela uient non pas de la uertu de

295 173 668 56 celuy qui faict telle oeuure: mais par

295 218 669 53 la uertu de la chose oeuuree, cest adire

298 265 666 63 offerte a Dieu, sacrifiee ⁊ presentee, ⁊

299 312 664 56 en leur latin disent: Non uirtute operis

299 357 665 56 operantis: sed uirtute operis operati. Qui

299 400 665 62 est toute faulsete songee ⁊ inuẽtee par

301 450 663 63 inuẽtion humaine, ainsi que dessus est

306 497 385 62 efficacement monstre,

345 544 584 60 ¶ Seconde declaratiõ/ si au sacremẽt

344 591 584 59 du pain ⁊ du uin il y a transubstantia

345 634 84 45 tion.

505 683 468 64 Ultre, poͬ cõfondre erreur

506 735 467 51 apres etreur, nõobstãt q̃ ce

505 781 464 61 p̃mier point soit suffisant,

497 827 473 55 pour entierement abolir,

309 873 660 56 non pas le sacremẽt de Iesus Christ,

311 921 663 55 cela naduiẽne: mais ceste triumphan-

311 965 666 61 te messe papalle, iceux paoures sacri-

313 1012 662 60 ficateurs, comme enchanteurs, gens

316 1056 659 62 occieux, qui des sainctes Escriptures

315 1105 660 53 nont iamais tenu compte, ⁊ pour ac-

317 1151 658 58 croistre ⁊ publier leur folle frenaisie,

317 1197 662 53 quasi uoulans faire place au corps de

324 1241 665 104 Iesus Christ, on dit, mis par escript,

846 1300 133 80 presche
