988 1528
365 66 187 52 Lecteurs.

109 105 662 77 delaissez ⁊ abãdonnez telle idolatrie,

112 165 659 66 sortans de Babylonne: ou bien en o-

113 212 662 64 stant le mal dentre uous, resistez de

117 255 659 67 uostre pouuoir ⁊ labolissez, comme ce

117 305 656 64 uray Ministre Moyse, ⁊ ces urays

116 351 654 64 Roys Asa, Iosaphat, Iosias, Eze-

114 396 666 58 chias, ⁊ Manasse. Mais plus par la

121 445 665 65 uiue ⁊ puissante parolle de dieu: ainsi

118 488 672 68 que a uous appartient, combien que

118 538 674 56 aux princes ⁊ gouuerneurs est enioĩct

119 583 673 61 de ruiner ⁊ aneãtir telle idolatrie, par

121 629 673 61 tout moyen qui soit. Autrement si ain

123 677 671 61 si perseuerez iamais nentrerez en la ter

123 723 666 62 re de promission, non plus que Aaron

128 769 667 63 ⁊ les siens. Mais encore qui est plus a

126 816 669 61 estimer, au royaume de dieu la spiri-

126 862 665 61 tuelle ⁊ uraye terre de promission. En

127 910 668 57 laquelle dieu par sa grace nous reti-

128 956 668 53 rant de cest Egypte mondain nous

132 1000 662 61 conduise par le grand Moyse, ⁊ puis-

135 1047 665 63 sant Iosue, qui est Iesꝰ Christ. Amẽ.

170 1096 626 60 Mais afin que mieux ⁊ en brief lon

133 1138 667 60 cõgnoisse le noir du blanc: les tenebres

133 1186 668 64 de la lumiere ⁊ mensonge de uerite, ie

135 1231 669 77 redigeray en epilogue ⁊ petit recueil

645 1279 159 89 despain-

780 112 145 62 2.par.9.a

778 164 143 60 4.Regũ.

775 210 79 47 23.a.

782 249 143 54 4.Regũ.

782 292 78 46 18.a.

785 322 129 62 In or̃o-

781 369 144 55 ne Ma-

784 411 98 75 nasse.
