984 1536
374 56 273 63 De lassistence

244 106 617 69 Semblablement il est dit de Phi-

188 158 671 63 lippe, apres auoir baptise le Eunuche

188 207 671 57 de Cãdace royne des Ethiopiens, que

193 250 665 63 Lesprit de nostre Seigneur le rauist

192 296 575 63 soubdain, ⁊ fut trouue en Azote.

190 343 672 62 Mais que un mesme corps ayt este en

190 389 674 65 plusieurs lieux tout en un coup, ia-

190 437 674 63 mais ne fut leu. Parquoy, dire que

193 482 670 64 Dieu face un tel miracle, sans sen ap

194 532 673 61 perceuoir, sans rien en ueoir, sans riẽ

194 576 673 61 en scauoir, cest trop songe . Les oeu-

194 622 670 61 ures de dieu sont manifestes, claires,

194 666 673 61 apertes, ⁊ certaines. Et iamais ne fist

196 712 672 63 miracle sur le corps de quelcun, sans

194 766 674 50 le manifester. Les oeuures de dieu ne

199 806 670 64 sont point couuertes (signantement

197 853 674 60 quand elles concernent choses corpo-

198 899 673 62 relles) mais comme iay dict claires,

201 945 671 67 ⁊ patentes. Donc de dire ⁊ affermer

203 993 672 57 un tel miracle sans euidẽce ⁊ tres grã

199 1038 676 64 de certitude, cest trop erre. Et de con-

202 1084 670 65 traindre le peuple a ainsi croire, ꝑ feu,

203 1132 672 64 par eaue, par sang, par mort, par pri-

206 1178 669 68 sons, cordes, ⁊ bourreaux, cest cruelle

207 1228 291 77 ment tyrannise.

707 1267 159 78 Oultre,

69 252 118 82 actes.8
