1194 1536
585 61 222 70 de la messe.

353 116 669 63 teux de leur cas, pour couurir ⁊ excu-

354 168 664 57 ser leur malice, pour de rechef abuser

354 213 664 59 ⁊ trõpet le monde (ainsi que leur ma

351 259 664 58 niere a este, ⁊ est tousiours de resister

351 303 663 59 ⁊ cõtredire a uerite) nont pas main-

349 350 665 55 tenant uergoigne dire que propremẽt

349 398 664 57 a parler ilz nont point sacrifie: mais

351 441 662 62 seulement ont offert sacrifice de louẽ-

352 487 661 60 ge, qui est appertemẽt contre le Canõ

349 535 663 58 de leur messe, par lequel ilz nõment ⁊

344 583 666 57 appellent ce pain (apres auoir pronõ-

343 627 665 61 ce les parolles quilz disent sacramen-

342 675 667 61 telles) sainct sacrifice, saincte oblatiõ

343 720 666 58 presentee ⁊ donnee a Dieu, comme le

345 766 663 62 sacrifice Dabel, ⁊ Abraham. Et com-

342 814 666 57 munement le nomment, corpus domi

343 858 662 62 ni, la saincte hostie, ⁊ telles manieres

342 907 181 54 de noms.

394 944 611 68 Item pour prier Dieu, ⁊ luy offrir

339 998 662 61 sacrifice de louenge, il ne fault ne pain

338 1043 666 61 ne uin, il ne fault lumiere ne chandel-

338 1090 662 59 le, il ne fault point estre tõdu ne rase,

339 1140 662 56 nestre desguise par accoustremẽs ina-

338 1185 662 60 coustumez ⁊ sauuages. Parquoy ne

339 1230 661 73 pourrõt plus couurir leurs abuz, leͬs

848 1276 152 71 malices
