972 1532
380 61 266 62 De lassistence

192 103 667 77 che, celuy duquel laduenement est se-

192 165 667 62 lon loperatiõ de sathan, en toute puis-

195 213 667 57 sance ⁊ signes, ⁊ miracles de menson-

194 257 668 55 ges, fust comme Dieu exalte ⁊ adore.

194 307 668 54 Notammẽt le S. Apostre a dict signes

195 352 668 53 ⁊ miracles de mensonges: car en ceste

190 399 670 54 messe, ⁊ pain souffle, grandz miracles

191 444 671 61 par mensonges il a imagine. Nest ce

191 490 668 57 pas bien songe, bien menty ⁊ resue da

190 536 667 60 uoir dit que toꝰ les accidens du pain

191 582 664 61 ⁊ du uin, cõme blancheur, rotundite,

192 629 663 62 pesanteur, goust, saueur, moyteur ⁊c,

191 676 664 60 soyent ⁊ demeurent las sans subiect,

190 721 669 61 cest adire sans fondement ⁊ substan-

191 767 669 62 ce? Nest ce pas bien hardimẽt parle de

191 814 668 57 dire quon tient, quon porte, ⁊ quon en

190 860 670 60 ferme le corps de Iesus Christ, tout

191 906 664 62 grãd, tout entier, tout uiuãt, en chair

194 952 596 62 ⁊ en os, ainsi ⁊ la ou on uouldra?

242 1000 615 60 De rechef ie demande quentend ⁊

192 1045 663 60 ueult dire ce paoure Sacrificateur,

191 1092 671 62 quand il prononce les parolles sur le

194 1140 664 61 pain, disant. Cecy est mon corps, lais-

192 1191 667 52 sant le demourant du texte euangeli-

192 1231 667 94 que, ⁊ adioustãt temerairemẽt ce mot

738 1279 111 81 enim,

47 105 136 97 2.Tes.2.
