1124 1534
502 66 231 60 de la messe.

273 117 671 67 nauray plus souuenance de leurs pe-

274 164 669 66 chez, ⁊ de leurs iniquitez. Et la ou est

273 210 668 68 remission dicelles, il ny a plus dobla-

276 265 330 53 tion pour le peche.

319 305 620 63 Et afin que excuse de ignorance ne

276 352 662 63 soit en nous, considerons que ces pao

273 396 669 62 ures sacrificateurs, par cy deuant ont

272 441 670 60 dict: que bien uray est Iesus Christ a-

272 494 670 56 uoit donne son corps en sacrifice, prin

272 534 670 68 cipalement pour le peche de Adam (⁊

271 582 670 62 ainsi quilz parlent) pour le peche ori-

272 631 667 60 ginel: mais non pas du tout pour les

271 680 668 56 pechez, que actuellemẽt nous commet

269 719 670 63 tõs de iour en iour, qui nest autre cho-

276 768 665 57 se, sinon dire ⁊ blasphemer, que nostre

271 813 668 57 Seigneur Iesus Christ na point faict

272 860 665 60 ⁊ trouue entiere ⁊ parfaicte redẽption.

271 907 667 61 Et pourtant ainsi quilz disent (com

269 951 669 62 me silz estoyent adioinctz auec Iesus

269 998 670 59 Christ, pour luy ayder a faire nostre

269 1045 668 58 redemption, ⁊ quilz fussent noz redem

272 1090 665 63 pteurs) ilz offrent a Dieu, en leur

272 1136 664 61 messe, sacrifice poͬ la remission de noz

271 1186 667 60 pechez: qui est une meruEilleuse auda

272 1229 619 76 ce, ⁊ trop malheureuse arrogance.

663 1275 273 73 B 3 Pour
