994 1540
396 46 160 61 Preface

160 96 669 63 nostre salut. A laquelle chose par gra-

163 147 667 66 de fidelite, noꝰ exhorte le S. Apostre

164 193 668 64 de Iesus Christ, disant en ceste manie

165 243 662 57 re: Procedons dune mesme reigle a ce

168 292 660 63 a quoy nous sommes paruenus: afin

172 334 475 68 que nous soyons tous un.

223 374 613 67 Or est il certain, que en suyuãt les

170 424 666 71 opinions ⁊ fantasies des hõmes (les-

172 473 667 66 quelles entre elles mesme, sont tant

174 518 660 69 differentes, tant uariables ⁊ contrai-

172 563 666 70 res les unes aux autres) que iamais

172 610 667 67 ne pourrons estre dun accord: mais

173 657 666 69 noꝰ est besoing prẽdre une seule escri-

175 705 667 65 pture poͬ nostre clarte ⁊ lumiere, pour

175 750 668 67 nostre direction ⁊ adresse: laquelle seu

175 796 668 68 le soit nostre parfaicte ⁊ entiere reigle

178 844 668 68 qͥ ne peult, ny ne doibt estre autre que

178 890 669 67 la seule parolle de dieu, pourtant que

179 936 666 70 en cela qui concerne choses Diuines,

183 983 659 59 tout homme est mẽteur, ⁊ le seul dieu

187 1031 656 59 ueritable. Parquoy tres bien conclud

183 1081 659 59 iceluy S. Apostre, que quicõques suy-

184 1122 662 67 uront ceste relgle, paix sera sur eulx,

187 1170 661 68 ⁊ miserisorde. Sur eulx dit il, ⁊ non

188 1212 666 99 sur autres: car il ny a que une seule

749 1269 102 70 uoye

34 243 109 73 Phil.3

44 986 133 72 Psal.116

46 1049 131 56 Rom.3.

44 1090 135 62 Gal.6
