988 1530
380 61 273 62 De lassistence

186 110 667 63 ce dun ardãt coeur, pour nostre redemt

186 161 669 65 ption a son pere. Et tres proprement

187 210 663 64 il appelle sa chair, pain du ciel ⁊ pain

192 257 663 63 uiuant: pourtant que luy ⁊ son pere

190 303 666 62 sont une mesme chose. En laquelle

190 350 666 63 significatiõ, le S. Apostre appelle Ie-

195 397 658 60 sus Christ homme celeste. Car autre-

188 444 667 59 ment il ne seroit point nr̃e uie ⁊ nour-

188 490 668 63 riture. Et tout ainsi que le pain nest

191 536 668 61 point faict pour soymesme: mais pour

188 583 669 60 la nourriture dautruy, aussi Iesus

190 629 667 58 Christ ueritable filz de Dieu est faict

190 677 667 62 hõe pour nostre redemption ⁊ uie cõe

188 722 669 62 il est dit: Uerbum caro factum est. Uoy-

190 770 669 65 re si ꝑ uiue foy asseuree ⁊ certaine cõfi-

205 817 647 60 dence noꝰ sõmes unyz ⁊ ioinctz a luy.

242 865 615 54 Lintelligence donc ueritable ⁊ sen

191 910 666 60 tence tres certaine de ce chapitre est nõ

194 956 666 62 point de la comestiõ corporelle ⁊ char

192 1005 669 59 nelle: mais de la comestion spirituelle

195 1049 665 66 qͥ se faict par uiue, entiere ⁊ ferme foy

195 1096 667 55 qui nous unist incorpore ⁊ conioinct

195 1143 667 61 a Iesus Christ, qui nous faict gouster

196 1193 666 52 sa saincte parolle. Cõe luy mesme de-

199 1235 667 88 clare en iceluy passage ou il dit: Les

735 1282 130 69 parol-

47 195 136 80 Iehã.10.

42 393 141 77 1.Cor.15.

49 807 130 104 Iehã.1.
