984 1534
403 39 229 70 de la messe.

133 89 671 82 ce baisedoigt, quilz nomment loffertoi

134 149 670 68 re de la messe. Pas nõt soucy ces gros

134 193 670 66 paillars pour la sepmaine, de nourrir

134 245 668 56 leur ribauldaille. Las combien de pao

135 286 664 71 ures femmes leur apportẽt ce dequoy

135 337 668 60 deburoyent nourrir leur petitz enfans

135 379 634 68 ou subuenir aux paoures indigens.

134 426 656 67 Et de faict ceste maniere doffrir en le-

134 474 667 65 glise, est uenue de la premiere eglise de

140 522 661 67 Iesus Christ, la uo les fideles appor

133 568 668 66 toyent de leurs biens ⁊ les bailloyent

133 617 666 61 au diacre qui estoit ordonne seruiteur

133 660 666 67 des paoures, pour leur distribuer cela

135 704 662 65 quon luy bailloit. Mais ceulx icy prẽ-

133 754 661 65 nent tout, ⁊ retiennent tout: en quoy

133 797 665 70 ilz sont larrons publicques. Car ilz re

133 848 659 66 tiennent a eulx, le bien des paoures,

133 893 661 67 pour nourir ⁊ entretenir leur ordure.

134 943 434 63 Uoyla le premier fruict.

181 984 617 64 Un autre fruict assez ꝓchain de ce

133 1031 662 72 premier apporte ceste fertile messe, par

131 1077 667 65 lequel ces uenerablcs missatiers ont

133 1124 662 72 bien cueilly ⁊ moyssonne: quãd soubz

136 1176 663 67 umbre de longues oraisons ilz ont ra

131 1224 658 81 uy ⁊ deuore les maisons des paoures

653 1268 139 74 uefues

811 84 121 75 corbam

812 145 115 55 corbam

811 187 119 72 marc.7.

804 1202 122 103 Mat.23
