958 1514
376 36 231 67 Des fruictz

179 99 667 65 cela est a leur estat, fort conuenable:

180 148 668 58 mais de trauailler iamais: pourtant

180 195 669 61 quilz ont les mains oinctes, bien en-

181 242 667 59 gressees, ⁊ la teste plumee. Et tout ce

180 288 665 60 solatieux bien, ceste belle messe leur ap

180 335 666 61 porte. O messe messe, tant a telles

180 382 665 58 gens tu es doulcete, tant tu leur es fe

179 430 665 57 conde ⁊ grassette. Et cõment te pour-

176 479 667 54 royent ilz hayr? cõment te pourroyent

175 519 663 58 ilz laisser? comment te pourroyent ilz

172 566 669 62 abandonner, puis quen tel repos tu

170 613 670 56 les as mis, qͥl ne leur fault point tra-

169 659 670 63 uailler? Et que plus est, mais quilz sa

169 707 665 60 chent lire une messette, leuer les bras

169 755 661 62 ⁊ soupplier, ⁊ qͥlz soyent fournis dun

165 802 662 57 breuiaire pour leurs heures barbeter,

167 847 664 53 dautre chose nõt ilz affaire. De liures

164 891 667 62 de uolumes, ⁊ cayers, pour uisiter, ⁊

162 938 668 57 estudier, nont ilz que besongner. Car

161 985 666 54 la messe point cela ne demande. Da-

159 1030 667 62 uãtage, estudier, est un ouuraige trop

160 1077 662 62 melancolieux, facheux, ⁊ ennuyeux,

156 1122 669 62 non conuenable a telles bestes qͥ ueu-

157 1173 397 54 lent uiure sans soucy.

208 1214 614 76 O que S. Paul leur est contraire,

699 1266 127 75 lequel
