996 1536
436 61 201 59 corporelle.

76 110 763 71 igne de laccord. Parquoy si a un per

75 158 760 66 onnage scauant ie demandoy lintel-

76 204 758 68 ligence parfaicte ⁊ facile de ces parol-

79 250 754 68 les la: Hoc est fedus meum/ il me diroit.

94 298 739 69 Hoe esi signum federis mei/ Dõc tout ain

101 344 728 66 si qͥl me dira: de cecy, hoc est fedus meũ/

112 391 716 69 Hoc est signum federis mei/ ainsi ie luy di-

113 439 715 67 ray de cestuy: Hoc est corpus meum/ Hoc

129 483 698 66 est signum corporis mei. Car cest une mes

133 532 695 61 me maniere de parler, si grandement

143 576 681 66 ⁊ parfaictement en toutes choses sem-

145 622 678 66 blable, qui nest homme, qui sceust rai-

156 668 665 66 sonnablement dire du contraire. Assez

158 715 662 67 daultres passages il y a aux sainctes

167 760 652 68 Escriptures, ou telle maniere de par-

170 806 649 65 ler est usitee. Parquoy nestoit pas ne

175 852 644 68 cessite, de ainsi prendre durement a la

177 907 635 55 lettre ce passage: Hoc est corpus meum/

185 944 631 65 sans plus doulce intelligence mysti-

186 992 630 56 cque ⁊ spirituelle: mais il a fallu ainsi

193 1040 623 62 faire pour engresser le uentre de ces

193 1085 607 63 gras taureaux, ⁊ rauir le mõde en ad

197 1130 603 62 miration. Aussi afin que lydole de abo

200 1175 611 69 mination, fust esleue au lieu sainct, ⁊

202 1227 610 81 que par cela lhomme dorgueil ⁊ de pe

558 1273 242 87 D 2 che,

819 1085 134 81 Psal.21.
