980 1534
373 66 175 61 est messe.

103 120 672 57 pour les confesseurs: les blancz, pour

102 172 670 56 les uierges: les noirs, poͬ les trespas-

108 218 663 60 sez, ⁊ ainsi consequammẽt des autres.

107 263 513 55 Cest un songe que dy penser.

158 311 608 59 Or est il tant manifeste, que mes-

107 357 665 59 me les aueugles le uerroyent, que des

107 402 665 62 choses predictes, iamais Iesus Christ

106 456 668 51 ne parla, ne de tout cela na rien ordon

104 497 670 59 ne. Parquoy de reiecter toutes ces fan

106 544 669 58 tasies humaines, ce nest pas reiecter ce

110 588 661 61 que Iesus Christ a institue. Et si on

108 636 668 59 faict obiection, quen la messe il y a de

107 681 669 52 bonnes choses, a tout le moins com-

108 727 668 59 me Lepistre, Leuãgile, Le Credo, Le

110 778 666 56 Pater ⁊ choses semblables. Pour les-

110 820 667 60 quelles choses, elle ne doibt pas estre

110 867 670 62 ainsi desprisee. A cela ie respondz quil

108 915 668 59 ne suffist pas auoir de bonnes choses:

110 958 667 59 mais il en fault bien user, ⁊ les fault

110 1012 666 51 bien applicquer ainsi quil appartient.

111 1055 665 57 Autrement les enchanteurs, ⁊ necro-

113 1101 664 54 mantiens, qͥ en leurs malefices usent

113 1149 663 57 daucunes bonnes parolles, seroyent

113 1193 663 57 excusez de crime, ce que homme pru-

116 1239 660 72 drẽt ne uouldroit dire. Et toutesfoys

539 1287 240 73 E 3 ainsi
