976 1530
368 45 231 60 Aux fideles

170 75 664 86 seruir a luy: si Baal est Dieu, le suy-

172 147 663 62 ure. Si aussi la Cene de Christ, est de

174 196 659 58 Dieu, la tenir: si la messe nest uraye,

170 239 668 63 la laisser, sans uarier des deux costez

174 283 668 65 comme gens a deux uisages. Dont

174 334 659 57 S. Paul reprenant les Corinthiens,

174 376 666 66 qui semblablement uoloyent assister

173 424 665 60 a lun ⁊ a lautre, dict: Uous ne pouez

174 470 668 57 boire le calice de nostre Seigneur: ⁊ le

174 518 666 58 calice des diables. Uous ne pouez e-

178 562 662 62 stre participans de la table de nostre

176 608 664 61 Seigñr, ⁊ de la table du diable. Uou-

174 656 668 60 lons noꝰ ꝓuocquer a ire le Seigñr ⁊c.

177 705 665 61 Et encore sur tout, toy miserable qui

177 748 666 60 as entiere intelligence de uerite, com-

177 795 666 60 me ose tu procurer, prendre ⁊ retenir

177 841 667 59 les benefices qͥ iustement on deburoit

177 887 668 59 nommer uenefices, procedans de ceste

179 934 664 59 orde, uillaine, ⁊ abominable source de

181 979 662 60 Romme? Tu scais que ce sont biens

182 1026 662 62 de anathema plus horrible que celuy

182 1072 665 60 de Hierico, cõquis. Tu nignore point

183 1118 660 57 en receuant Euesche, Abbaye, Cure,

186 1165 662 60 Chanoierie, que tu consens a toutes

184 1212 665 83 les abominations qui se font iournel-

719 1257 133 70 lemẽt

22 99 134 66 3.roy.18.

31 438 139 51 1.Cor.10.
