972 1532
422 30 237 74 Du sacrifice

191 93 672 74 Iesus Christ, qui est le uray aigneau

189 142 673 69 tressainct, innocent, ⁊ sans macule, le-

190 186 672 71 quel seul oste les pechez du monde, sest

194 236 670 67 offert poͬ nous a dieu son pere, a don

195 279 670 73 ne son ame, ⁊ espandu son sang pour

196 329 668 66 nostre redemption, mettant fin ⁊ con-

199 374 669 67 summation a tout sacrifice exterieur

199 418 665 72 ⁊ uisible, comme reputans cela insuf-

199 465 670 71 fisant, se mettãs en la place de Iesus

201 515 668 67 Christ, ilz ont de la messe, ou en leur

201 561 668 63 messe, faict ⁊ inuente un sacrifice uisi

201 605 670 69 ble, ainsi quilz ont dit utile ⁊ proffita

204 651 665 70 ble pour la redẽption tant des uiuãs

205 697 667 75 que des trespassez, qui est appertemẽt

206 745 666 66 contre la saincte escripture, ⁊ un oul-

206 794 668 61 trageux contemnemẽt, ⁊ droict renon

206 842 667 63 cement de la mort ⁊ passion de Iesus

206 883 670 71 Christ. Ce que en brief il est facile de

206 942 188 58 monstrer.

256 971 621 78 Au septiesme Chapitre de lepistre

209 1022 665 73 aux Hebrieux, en parlant de Iesus

210 1069 667 69 Christ, entre autres choses, il est ainsi

210 1124 667 56 escript: Il estoit conuenable que nous

213 1165 663 68 eussiõs un Euesque sainct, innocent,

213 1211 668 97 sans macule, separe des pecheurs, ⁊

781 1257 96 73 plus

47 194 135 86 Iehan.1

65 1017 112 91 Ebri.7
