970 1532
415 45 239 66 Du sacrifice

191 100 674 60 il est bien euident que pour nostre re-

195 151 666 62 demption, nauons point besoing de

196 199 665 57 ces paoures sacrificateurs, offrans ⁊

196 246 665 57 sacrifiãs pour eulx ⁊ pour nous iour

195 289 666 62 nellement, comme silz estoyent noz re-

198 335 655 60 dempteurs: si noꝰ ne uoulons renon-

196 384 666 53 cer a loblation de Iesus Christ, ou re-

199 427 663 64 puter icelle non suffisante, ce qͥ est cler

199 476 661 60 ⁊ manifeste par le texte diceluy mes-

199 522 663 60 me chapitre, ou par apres il est ainsi

198 568 662 61 dict: Iesus nest point entre aux san-

198 614 663 57 ctuaires faictz des mains, figures des

200 662 661 58 urays: mais au ciel mesme: afin que

196 708 662 59 maintenant il apparoisse pour nous,

198 754 665 56 deuant la face de son pere, ⁊ non point

196 800 666 57 afin quil se offre souuentesfoys autre

194 846 668 57 mẽt (dit il par apres) il luy eust fal-

195 892 667 61 lu souffrir souuentesfoys depuis le cõ

192 939 666 59 mencement du monde. Mais mainte-

191 984 666 59 nant en la consummation des siecles,

194 1031 669 60 il est apparu une foys par son sacrifi-

194 1078 668 58 ce, pour la destructiõ de peche. Et ain-

191 1123 671 61 si quil est ordonne aux hõmes de mou

192 1169 666 61 rir une foys, ⁊ apres ce, le iugement,

194 1215 667 85 ainsi aussi Christ a este offert une fois

751 1266 110 65 pour

57 556 98 93 Ebr.6
