972 1532
395 35 232 68 Aux fideles

181 85 670 61 fruict dicelle bien entendu, La mort ⁊

183 135 666 66 passion du saulueur (afin q̃ ne soyõs

182 182 669 63 ingratz) amplement rememoree, les

186 227 663 65 ꝓmesses diceluy ainsi quil appartiẽt,

181 274 672 61 annõcees ⁊ declarees: La messe tãt ce-

182 320 671 61 remonieuse, fortement chastiee ⁊ corri

185 368 670 60 gee: certes le paoure monde qui tant

186 411 669 66 par icelle est trouble ⁊ degaste, seroit

186 462 667 60 en repos, ⁊ dun grãd malheur retour-

185 504 672 62 neroit en trãsqͥlite ⁊ felicite. Ce qͥ plai-

187 557 671 58 se au Pere Eternel noꝰ dõner, poͬ la

186 597 669 63 reuerẽce ⁊ dignite de sõ seul filz biẽ ay

186 642 673 69 me, son uray Christ nr̃e Seigñr, auq̃l

192 693 661 67 soit hõneur ⁊ gloire a ꝑpetuite. Amen.

295 743 458 60 ¶ C. G. aux fideles lecteurs.

292 788 567 64 Reschers freres ⁊ amys, rache-

295 841 564 55 tez )cõe dit S. Pierre) nõ par or

194 886 666 58 ou argent: mais du precieux sang de

203 929 655 66 Iesus Christ, ne permettez point estre

191 975 669 60 ainsi marchandez cõme iusque auiour

195 1027 665 59 dhuy ont de nous, marchande les sa-

194 1068 668 65 crificateurs, ⁊ ne soyez seruiteurs des

196 1115 666 64 hõmes, comme uous assubiectissans

196 1163 666 62 a eux pour desplaire au Seigñr dieu.

201 1205 661 97 Mais cõsiderez uostre liberte ⁊ digni

194 797 95 100 T

745 1257 112 82 te spi-

47 827 136 115 1.Pier.1.
