976 1542
421 57 252 71 Quelle chose

207 113 669 68 ainsi en prendroit a ce ꝓpos si on uou

208 164 670 63 loit excuser la messe pour les bonnes

209 209 664 68 parolles quon y dit, quand dicelles on

208 260 668 59 abuse totalement ⁊ faict on autremẽt

210 305 666 62 que la parolle de dieu ne porte. Qui

213 348 663 63 soit ainsi, il appert clairement quand

213 395 665 67 Iesus Christ a commande quon pre-

213 445 665 63 sche, quon declaire, quon annonce Le-

217 489 661 64 uãgile ⁊ sa saincte parolle a toute crea

213 534 666 68 ture, non point quon la crie ou chante.

214 580 665 68 Et toutesfoys ces paoures sacrifica-

214 629 662 64 teurs de cela rien ne font, sinon quen

213 673 665 67 leur messe ilz en lisent ou chantent q̃l-

213 720 666 70 que lopin. Uoire ⁊ en un langage, ou

210 765 666 62 le peuple, ⁊ eulx mesme pour la plus

214 813 666 67 part rien ny entend: ia soit q̃ S. Paul

213 860 666 65 ait en la puissance de Dieu comman-

216 904 662 68 de quon ne parle point en leglise, cest

227 954 646 59 adire en la congregation des fideles,

216 999 663 66 sinon en langage que un chascun en-

216 1049 664 62 tende, ou au moins par apres soit ex-

214 1089 669 70 pose ⁊ declaire. Car que uauldroit il

217 1138 665 63 (combien quon dit de fort bonnes cho

218 1186 664 61 ses) parler Breton, Angloys, ou Es-

219 1231 664 78 cossoys, en la presence de ceulx qui riẽ

817 1288 59 74 ny

74 474 138 73 Mat.16.

75 958 146 63 1.Cor.14.
