1010 1530
363 52 172 53 la messe.

131 91 677 69 diligẽs. Car leur seul espoir est du tout

131 147 674 58 aux hommes: en quoy fort se manife-

132 196 673 56 ste leur ineuitable ⁊ prochaine ruyne.

132 240 668 60 Car mauldict est lhomme qui prẽd la

132 290 668 58 chair pour son bras ⁊ sa force. Il est

131 332 669 64 aussi dit que toute plantation, laquel-

132 381 676 61 le le pere celeste na point plantee, sera

133 427 672 54 arrachee. Cela sentend tant des ini-

132 475 497 59 ques, que de leurs oeuures.

181 515 624 66 Dauãtage il fault bien esperer que

130 564 670 62 dieu par sa grande bonte, nous enuoy

130 612 669 63 ra quelque uertueux Ezechias, ou su

132 659 666 62 scitera un uray Iosias, qui de grand

131 711 667 51 courage mettra ordre par tout. Alors

130 756 667 56 on uoirra la face du Seigneur reluy-

128 800 669 58 re sur nous, cõme le beau soleil apres

131 850 668 51 un tẽps tout tenebreux. Car si le saĩct

130 896 667 55 sacrement qui non seulement nous re-

128 939 665 59 presente, mais aussi nous presente,

126 989 671 56 le precieux corps ⁊ digne sang de no-

128 1034 667 54 stre redempteur ⁊ seul sauueur Iesus

128 1079 667 59 Christ, estoit garde en sa purete: si icel-

126 1124 671 63 le saĩcte ⁊ sacree Cene de Iesus estoit

126 1175 663 54 en sa simplicite bien remise en auant,

124 1218 671 86 lusage dicelle bien obserue, lefficace ⁊

552 1266 241 82 F 5 fruict

813 235 111 68 Iere.17.

812 332 131 86 Mat.15.
