1176 1536
585 66 216 60 de la messe.

331 116 672 59 mesme sest offert pour nous a son Pe

334 167 667 60 re, une seule foy, laq̃lle oblation pour

334 213 669 54 tous temps, est tressuffisante ⁊ par-

334 259 665 55 faicte, autrement il la fauldroit reite-

333 309 659 55 rer, pourtãt quelle seroit imparfaicte,

334 352 666 53 ou certes en conuiendroit cercher une

329 396 671 60 autre, ce que par efficax argument de

331 449 490 55 lescripture, ie monstre ainsi.

377 490 620 57 En lepistre aux Ebrieux par plu-

330 537 669 58 sieurs argumens, il est conclud, que

329 583 665 60 pour la mort du grand Euesque, en

329 628 667 61 failloit ordonne un autre. Et par la

327 677 669 59 mort de cestuy cy, encore un autre, ⁊

325 721 670 61 ainsi consequamment: iusques a ce qͥl

327 768 668 53 en soit uenu un totallement immor-

325 816 666 56 tel, qui est nostre seul mediateur Ie-

327 860 663 62 sus Christ: lequel tousiours assiste poͬ

324 907 667 56 nous en la presence de Dieu. Sembla

322 953 668 62 blement pour limperfection des sacri-

325 999 665 63 fices de lanciẽne loy, failloit tous les

324 1048 668 59 iours recommencer, iusques a ce quil

325 1098 666 56 en ayt este offert un, du tout parfaict

325 1139 662 61 ⁊ consumme, qui ne fault point reite-

322 1185 665 63 rer. Leq̃l tressainct ⁊ tresparfaict sacri-

325 1235 660 83 fice, a este faict par nostre grãd Eues-

731 1278 257 80 B 5 que,
