974 1536
410 81 235 63 Aux fideles

180 136 668 67 enfouissant ce pendant ⁊ cachant le ta

180 190 667 60 lent du Seigneur, quelque Euangile

180 236 665 60 ⁊ uerite q̃ tu die auoir, tu en es moins

179 282 668 58 excuse. Car comme aueugle ⁊ condu-

178 328 667 61 cteur des aueugles, mettant offense ⁊

179 373 665 62 scãdale deuãt ton prochain, tu ne ido-

176 421 669 60 latre pas tant seulement, mais fays

176 467 665 61 les autres idolatrer, seruant a lidole,

179 515 665 59 quand tu dis, par parolles, ou faictz

184 559 659 61 dun peu de pain: Uoicy ton Dieu, ton

181 606 663 57 sauueur, qui ta rachete. Si comme Aa

179 655 662 59 ron qui lors par trop grande infirmi-

179 701 662 59 te ⁊ desobeissance, uoulant plus com-

179 747 659 60 plaire aux hõmes que a dieu. Et aus-

178 792 661 66 si Ieroboam meu plus par ambition

174 837 669 65 ⁊ cõuoitise, que par ignorance, disoyẽt

171 887 668 62 a leur peuple, leur ꝓposans un ueau:

174 933 664 61 Uoicy les dieux o Israel, qui tont re-

171 979 441 64 tire de la terre Degypte.

217 1020 626 70 Las mes tresaymez considerez en q̃l

169 1071 670 57 espouentable inconuenient, en quel pe

169 1117 666 60 ril ⁊ danger de perdition uous estes,

174 1164 664 63 uoyans deuant uoz yeux ⁊ commu-

167 1209 671 62 nicans a telz horribles blasphemes cõ

181 1255 653 89 tre la maieste ⁊ bõte de dieu. Parquoy

675 1300 159 72 delaissez

32 550 139 73 exo.32.

38 611 137 58 Psal.105

30 751 151 79 3.reg.12.g

25 1248 144 90 3.reg.12.g
