980 1534
396 61 241 60 Du sacrifice

185 113 668 71 que, ⁊ pasteur Iesus Christ, qui sest

186 166 666 62 offert soymesme, en sacrifice, ⁊ non au

185 212 668 62 tre chose: pourtant que chose meilleu-

188 256 665 63 re, ou aussi bonne, neust sceu trouuer

190 301 665 60 apres Dieu. Tout cecy est deduict am

190 348 665 64 plement au .u.ui.uiii. ⁊ .x. chapitres

191 400 283 61 dicelle Epistre.

197 437 658 69 Donc maintenãt ie demande a toꝰ

197 488 656 65 sacrificateurs, si leur sacrifice est par-

193 536 670 63 faict, ou imparfaict, pourquoy abusẽt

195 577 668 62 ilz ainsi le paoure monde, uendre une

197 625 666 67 chose, qui ne uault rien? Sil est par-

197 669 666 71 faict a quoy le fault il ainsi iournelle-

198 717 668 65 ment reiterer, ⁊ tant souuẽt a milliõs

199 763 670 69 recommencer? Mettez uous en auant

200 810 669 68 paoures sacrificateurs, ⁊ si uous auez

202 856 667 70 puissance de respondre respondez: car

204 902 668 70 uoluntiers ie orray sur cecy uostre re-

204 949 668 69 sponce, laquelle ie scay que uous ap-

204 995 669 72 porterez, ad Grecas Calendas, selon

205 1045 478 60 uostre honneste coustume.

258 1084 619 74 Pour lesquelles choses qui sont tãt

211 1140 669 62 apertes ⁊ manifestes, que tout hom-

212 1179 669 64 me doibt auoir honte dy contredire.

217 1228 665 73 Aucuns cauteleux regnardz, toꝰ hon-

782 1277 94 74 teux

49 424 140 80 Non est

49 497 140 45 dare me-

58 535 84 59 dium

63 1029 103 48 i.a ia-

67 1072 95 51 mais
