1004 1534
401 76 188 59 Lecteurs.

133 125 671 66 lement esdictz lieux contre lhonneur

135 173 696 66 de Dieu. Quelle excusation peulx tu

135 219 668 64 pretendre deuãt dieu, ⁊ deuant les hõ-

134 264 669 67 mes, ueu que tu scais par la parolle

134 311 665 67 de dieu, que ce ne sont que abuz? Au-

133 357 667 67 cun dira, si ie ne recoy ce benefice, un

133 403 668 68 autre laura, qui persecutera les Chre-

134 449 669 66 stiens, qui gaudira du reuenu, ⁊ qui

133 499 668 58 nen donnera rien aux paoures. A toy

131 542 672 66 ie respõdz paroy blãche, cault regnart

135 586 672 68 sepulchre paint, ⁊ faulx hypocrite, que

133 634 670 57 nullemẽt tu ne doibs ce faire. Car La-

134 678 669 64 postre dit, quil ne fault point faire des

134 724 666 66 maulx afin quil en resourde du bien.

136 772 671 65 Puis, qui est celuy qui ne scait que les

134 818 671 67 richesses font dãner leurs possesseurs

136 864 668 70 par orgueil, auarice, gourmandise, ⁊

136 912 668 63 par luxure qui delles, comme dun ord

135 957 668 68 bourbier, procedent? Toy donc qui re-

136 1003 668 68 coys les benefices ⁊ chante la messe,

136 1049 668 65 ou a tout le moins tu consens ⁊ assi-

139 1095 660 69 ste a ceulx qui la chãtent, soit pour en

138 1142 663 66 auoir la commodite, soit pour tempo-

138 1187 661 69 riser ⁊ uiure, faisant la court a Leuã-

140 1236 658 92 gile, auec les autres en paix ⁊ repos,

643 1288 153 91 enfouis-

809 663 118 86 Rom̃.3.
