974 1528
379 61 164 54 Preface

158 101 679 74 trouuee ⁊ mise au lieu, de la saĩcte Ce-

164 162 676 59 ne de Iesus Christ, de la saincte Ta-

167 207 673 62 ble du precieux ⁊ sainct pain de actiõ

169 253 671 60 de graces. Lequel debuoit estre prins

169 300 672 64 de la congregation des fideles Chre-

172 346 671 66 stiens, en memoire ⁊ recordation de la

170 392 672 66 mort ⁊ passiõ de Iesus Christ, en sou-

170 440 671 62 uenance aussi de la charite ⁊ dilection,

172 486 673 64 dont il nous a tant aymez quil a mis

175 529 670 69 sa uie pour nous. Pareillement en si-

175 578 670 67 gnification de la charite ⁊ amour fra

175 629 670 59 ternelle, dont nous debuõs aymer les

181 674 665 64 unz les autres, comme membres du

179 719 409 65 corps de Iesus Christ.

225 762 622 65 Au lieu de laquelle tant salutaire ⁊

182 811 667 59 consolable instruction, en põpeuse ce-

182 856 667 67 remonie, ilz ont pour leur plaisir faict

183 902 666 68 adorer un peu de pain: comme sil fust

184 952 658 60 le uray dieu, en quoy toute ydolatrie,

184 998 644 63 toute iniquite, ⁊ impiete sest esleuee.

186 1044 668 62 Et ce ont ilz faict poͬ mieulx authori

188 1088 661 70 ser leur regne, ⁊ seigneurie, poͬ mieulx

188 1144 661 58 exercer leu tyrannie, pour plus aysee-

188 1182 663 62 ment marchander de noz ames, ⁊ de-

191 1228 660 82 uorer la substãce du peuple, ⁊ finable-

745 1277 105 63 ment
