1028 1556
343 51 252 59 de Lautheur.

142 101 669 66 ment pour eulx mesmes se faire ado-

144 154 654 62 rer: Car comme gentz effrontez, sans

145 200 662 60 honte ne uergongne, ayans front de

144 247 665 59 paillarde, ilz ont ose dire ⁊ publier qͥlz

144 294 663 57 sont plus dignes que les Anges, mes-

142 347 669 48 me que la Uierge Marie: pourtãt que

146 386 666 63 si un deulx (ia soit quil soit infect

144 433 668 62 paillard remply de punaisye) tenoit

149 481 663 55 un morceau de pain, il est en sa puis-

146 529 667 58 sance (se il ueult) de incontinent ⁊

149 571 667 64 sans dilation a sa seule parolle, faire

146 619 667 57 illec uenir ⁊ descendre le filz de dieu,

149 666 667 56 en corps ⁊ en ame tout uiuant, aussi

149 711 668 63 grand ⁊ entier, comme il pendit en la

149 758 664 64 croix, le porter ca ⁊ la, le garder en un

149 805 670 58 coffre ou armaire, le mãger ⁊ aualler

149 850 670 60 quand il luy plaira: bref, en faire du

147 901 673 58 tout ce quil uouldra, qui est chose hor

147 945 674 56 rible de penser. Et se on leur demãde

149 991 672 56 dont ilz ont ⁊ leur uiẽt ceste merueil-

149 1038 672 55 leuse puissance, plus que aux autres

151 1085 671 61 qui ne sont point desguisez, oingtz, ra

154 1134 666 61 sez, ou tonduz: Ilz respondent mieulx

151 1178 673 61 qui ne pensent. Car ilz dient que cest a

151 1224 673 73 cause du caractere: cest adire du signe

694 1274 127 86 ⁊ mer-

812 151 129 70 Ierem.3
