964 1528
357 72 264 59 De lassistence

183 118 638 70 nem Ce nest pas respondu a propos.

184 175 659 58 Car il est tres manifeste quil ne parle

184 220 659 58 point la, ⁊ ne faict aucun commande-

184 266 660 59 ment, quil faille sacrifier: mais parle

183 310 660 63 de la comestion de ce pain qui doibt e-

185 357 656 60 stre faicte en cõmemoration de la cha-

183 406 653 60 rite, mort ⁊ passion de Iesus Christ,

183 452 654 58 en annonceant icelle (comme dit S.

193 496 646 62 Paul) iusque a ce quil uienne, cest as-

184 546 657 58 sauoir appertement ⁊ manifestement

180 593 660 56 au grand iour du iugement. Et ne se

182 637 657 55 fault tant arrester a ce uerbe substan-

180 683 663 59 tif: Sum/ es/ est: uoulant conclure que

179 729 664 60 la il soit corporellemẽt, puis quil a dit:

179 776 662 58 Hoc est corpus meum. Car ce uerbe sub-

179 822 661 62 stantif, combien quil soit expres, tou-

178 868 663 61 tesfoys ne preuue il point presence cor

178 914 663 61 porelle: mais bien souueraine, ⁊ spiri-

177 961 663 58 tuelle, ainsi qͥl disoit: La ou deux ou

177 1007 664 60 troys sont assemblez en mon nom, la

177 1056 663 59 ie suis au millieu deulx. Il dit exp̃sse

183 1101 653 59 ment in medio eorum sum: ⁊ toutesfoys,

177 1147 664 60 il est bien certain quil ne ueult donner

175 1191 666 61 a entendre autre chose, sinon son assi-

179 1237 662 83 stence spirituelle: non pas personnel-

736 1294 105 69 le ou

40 481 138 76 1.Cor.11.

36 1087 142 95 Mat.18.
