1084 1536
486 76 218 60 de la messe.

224 126 642 66 pour abolir les pechez de plusieurs.

279 177 603 61 Uoicy certes un texte fort expres,

222 221 663 52 ou il dict tres clairement, que Iesus

224 264 658 64 Christ ne soffre point souuentesfoys,

222 313 660 55 autrement mourir luy fauldroit sou-

221 358 656 64 uẽtesfoys. Car Iesus Christ mourir,

225 405 650 58 ⁊ estre offert a son pere, cest tout un.

229 454 647 54 Or ne mourra il iamais. Parquoy

221 497 650 61 iamais ne sera sacrifie, ⁊ iamais en sa

222 541 660 63 crifice ne se offrira. Dõt il sensuit biẽ

222 590 663 60 q̃ les hões ne le peuuent point offrir

225 636 655 61 ⁊ sacrifier. Car se luy mesme ne soffre,

225 684 546 53 comment le pourroit on offrir?

271 730 613 59 Et ne fault point dire que le sacri-

221 774 664 56 fice que maintenant on faict, soit la

224 823 657 58 memoire de ce premier sacrifice. Car

222 872 663 52 memoire de sacrifice nest point sacrifi

221 913 660 62 ce. Parquoy sensuyt dauantage que

222 965 660 55 tous noz sacrificateurs qui font enten

221 1003 660 63 dre au peuple, que il presentent ⁊ font

222 1052 654 60 sacrifice poͬ les uifz ⁊ poͬ les mortz,

226 1099 655 54 uoire ⁊ encore pour estre plus galans

225 1145 655 56 seulement pour ceulx quil leur plaist

224 1191 656 60 choisir ⁊ nommer, trop plus que ma-

224 1236 656 72 nifestement appert, quilz sont sedu-

591 1285 286 73 B 3 cteurs,

886 340 132 73 Christũ

881 400 146 53 mori ⁊ e-

885 441 134 49 undem p̃

889 481 124 55 sentari/

886 522 83 52 idem.
