958 1530
414 40 271 67 De lassistence

190 96 676 65 ou (ainsi quilz disent) il demeure a-

190 146 674 61 uec nous en corps ⁊ en ame perpetuel

190 191 672 62 lement, ia soit quil se cache, ⁊ quil ne

190 244 671 53 se monstre point, cela est un dit a plai

190 289 671 57 sir, dont on noꝰ a abuse le temps pas-

190 337 669 58 se: ⁊ cõme trop faciles ⁊ legiers a croy

187 385 672 52 re, par cy auant nous lauõs creu, par

187 425 496 59 la seduction des hypocrites.

241 471 618 60 Item cela dire est blasphemer ⁊ fai

186 520 671 61 re Iesus Christ menteur, qui a dit ex-

186 566 669 62 pressement que nous aurõs tousiours

186 612 668 61 des paoures auec nous: mais luy, noꝰ

184 657 671 64 ne laurons pas tousiours. Lesquelles

186 706 668 59 parolles fault necessairement enten-

183 754 666 58 dre de son corps, ⁊ de son humanite,

182 800 670 61 Car quand a son S. Esprit, il est par

181 845 672 55 tout, ⁊ tousiours auec les siens, com-

181 891 668 60 me is est dit en S. Matthieu. Uoicy ie

179 938 671 61 suis auec uous, tous les iours iusque

177 985 555 60 a la consummation du monde.

232 1031 618 61 Or est ce trop abesty ⁊ enchaine le-

174 1077 676 62 sprit ⁊ intelligence du peuple: de le lier

174 1124 673 64 ⁊ ainsi faire arrester, a un peu de pain

173 1170 676 61 a une chose uisible ⁊ corruptible, pour

173 1217 676 74 illec cercher celuy qui est de souueraine

682 1264 154 70 maieste,

47 555 127 71 mat.26

38 887 120 76 mat.28
