974 1530
419 47 233 72 Des fruictz

179 108 492 62 ien declareray quelque peu.

222 155 621 61 On dit communement que toutes

186 206 662 57 choses se font pour la uie, ⁊ ainsi di-

186 248 664 61 royẽt ceulx, desquelz S. Paul dict que

182 293 669 62 leur dieu est le uẽtre, lequel uentre est

185 341 667 60 un terrible dieu, auquel certes fault

183 386 668 65 sans cesser beaucoup offrir, beaucoup

183 433 669 68 presenter ⁊ sacrifier: nonobstant quil

183 481 671 55 tourne tout en corruptiõ, ⁊ iamais ne

185 529 669 62 dõne repos a ces miserables seruiteͬs

185 575 666 58 qui mettent toute leur cure a luy satis-

188 620 664 64 faire, a lengresser ⁊ luy complaire, cõ-

186 666 669 65 me paresseux, frians, yurõgnes, gour

186 716 668 61 mans, gros ueaulx, gras toreaux, ⁊

187 761 497 66 telle maniere de pourceaux.

241 800 614 70 Or si iamais fut inuention, subti-

188 849 668 67 le pour sans peine, sans labeur ⁊ sou-

194 896 660 70 cy, biẽ fournir la cuisine, pour engres-

194 944 665 65 ser la souppe, ⁊ bien nourir ces grasses

192 989 664 66 tripes, cest ie uous asseure ceste plan-

194 1036 666 69 teureuse messe: laquelle tant de fruict

195 1085 665 65 mortel apporte q̃ par icelle, soubz ap-

196 1132 664 66 parence de sainctete, le paoure monde

197 1179 664 62 est deuore ⁊ ronge. Pensez (ie uous

202 1222 659 92 prie) combien de fruict leur apporte

726 1268 134 89 ce baise

43 145 138 66 Quere-

35 205 146 46 mini nõ

38 243 143 60 cibũ qui

37 291 93 49 perit.

40 326 123 55 Iehã.6.

43 372 107 74 Phi.3.

53 1216 138 88 Corban
