966 1532
401 71 240 59 Du sacrifice

177 120 671 63 cteurs, trompeurs, ⁊ menteurs. Car

177 171 668 61 pour certain depuis la mort de Iesus

180 213 668 67 Christ, tout sacrifice uisible a cesse, ⁊

182 262 667 62 lestat des Sacrificateurs est expire.

184 307 666 67 Parquoy en uain ilz sont tondus, ⁊

185 356 665 62 desguisez; sinon afin quon congnoisse

187 399 661 72 quilz sont folz insensez ⁊ malheureux

189 451 196 64 esceruelez.

237 488 615 63 Mais pour plus ample probation,

199 537 654 64 il fault considerer le dixiesme chapi-

192 582 665 66 tre dicelle mesme Epistre: la ou quasi

191 631 666 66 par tout, il est faict mention du sainct

192 675 665 65 sacrifice de Iesus Christ, lequel a mis

195 722 662 68 fin a tous sacrifices, sans que iamais

195 768 663 64 sacrifice uisible soit demeure. Et en-

196 814 660 65 tres autres choses, il est ainsi dict en

205 859 652 65 la personne de Iesus Christ: Uoicy

205 907 657 59 ie uiens, afin sire Dieu que ie face ta

203 953 662 64 uolunte. Puis sensuit: Par laquelle

201 1000 664 64 uolunte nous sommes sanctifiez par

199 1048 667 63 loblation, une foys faicte du corps de

205 1094 661 65 Iesus Christ: Puis apres il dict: Car

201 1137 665 65 par une oblation il a parfaict eternel-

200 1184 667 63 lement les sanctifiez. Et aussi le S.

210 1231 660 73 Esprit le testifie. Car apres il dit: Ie

723 1286 142 67 nauray

77 529 115 96 Ebr.10

89 868 111 57 Ebr.10

89 917 111 66 psal.39
