970 1528
295 50 417 59 Le moyen de maintenir

192 90 660 78 demeure dõc que la force qui nest pas

187 148 665 67 la meilleure partie. Dõc ie ne scay que

188 197 663 70 puissiez faire, sinon que par uostre e-

188 241 659 72 sprit maling (ainsi que ia auez bien

189 289 663 66 commence) a la force, uous uous tiẽ

191 331 663 66 drez, ⁊ autant que faire ce pourra, le

191 382 660 66 cõcil general ẽpescherez. Par ce moyẽ,

191 427 663 69 pour un temps la maintiẽdrez: mais

189 471 667 66 le Seigneur (contre qui uous batail

191 520 598 68 lez) finablement uous destruira.

201 564 650 62 ¶ O Chrestiens considerez par quel

189 612 665 66 moyen ces gallans maintiẽnent leur

189 658 665 69 cas, nest ce point tout a la force? Ilz

189 705 665 65 emprisonnent, ilz destruisent, ilz pil-

189 752 663 69 lent, ilz dechassent, ilz bannissent, ilz

189 798 667 67 bruslent, ilz tuent, ilz noyent, ilz mur-

191 846 663 68 trissent autãt quilz peuuẽt, tous ceux

191 893 665 67 qui a eulx contredisent. Par impuden

189 938 666 64 tes menteries aussi, telz ouuriers di-

189 984 666 69 niquite (pourtant quilz nosent atten

191 1031 663 67 dre la lumniere) diffament tous ama-

191 1075 663 69 teurs de uerite, qui est extreme mali-

193 1123 662 61 ce. De donner or, argent, dons ⁊ pre-

193 1170 663 70 sens a ceux qui congnoissent auoir au

193 1218 661 94 cun pouoir de les maintenir, sont fort

681 1263 173 62 diligens.

47 105 127 69 3.Esd.3.
