1064 1532
388 61 200 51 corporelle.

74 107 726 67 duquel Iesus Christ est le chef. Qui

79 162 719 56 soit ainsi, les mesmes parolles le don-

80 206 715 60 nent a congnoistre. Car il est certain

88 252 705 59 que cela quon uoit, cest adire le pain,

93 302 705 56 ou ainsi quilz disent, la blancheur du

98 347 701 64 pain, nest pas le corps de Iesꝰ Christ.

139 391 652 62 Parquoy si lõ me dit, il est biẽ uray

107 440 684 61 que cela quon uoit nest pas le corps,

109 486 682 61 mais soubz cela, ou dedans cela quon

116 531 675 56 uoit, est enclos ⁊ cõtenu le corps. Cest

114 579 677 64 bien glose, ⁊ trop change de propos, ⁊

120 628 680 58 ne prent on plus les parolles de Ie-

125 674 670 60 sus Christ, en leur purete ⁊ simplicite,

127 720 668 58 comme il les a proferees, sans glose,

132 766 666 58 ou addition. Car il na point dit soubz

134 811 663 60 cela, ou dedans cela est contenu mon

137 857 658 60 corps: mais simplement il a dict: Ce,

140 903 655 64 est mon corps: Ainsi quon disoit de lai

144 951 651 62 gneau pascal: Cecy est le passage, du

149 995 648 64 Seigneur Dieu. Et toutesfoys il est

152 1046 645 60 bien euident q̃ laigneau nestoit point

154 1094 643 60 le passage: mais q̃ tant seulement il si

159 1138 640 62 gnifioit le passage, En ceste maniere

158 1192 632 54 aussi le pain nest point le corps: mais

163 1231 628 80 il signifie le corps, cõme en autre lieu,

616 1274 179 77 D il est

799 389 125 74 Ce sont

800 448 92 46 iolies

799 486 107 65 Corti-

798 533 71 63 nes.

804 852 119 72 Exo.12.

805 911 127 52 Agneau

805 949 127 76 Passage

797 1192 100 74 Pain.
