976 1538
230 46 449 64 Du sacrifice de la messe.

117 97 675 69 de sainctete, soubz apparence de ueri-

120 149 670 61 te, tant de mensonge ⁊ faulsete en hy-

121 197 669 55 pocrisie est trouuee. Et qui pis est, ce

120 242 671 56 mal est tant espandu, ce chancre est tãt

120 289 668 59 seme par tout le corps de la, Chrestiẽ-

120 335 667 54 te, ceste malheureuse herbe a iecte raci-

119 383 669 52 nes si auant, que aux hommes il est

112 426 667 61 impossible y remedier: mais ce qui est

120 474 670 61 impossible aux hommes, est facile au

123 520 667 58 Seigneur Dieu. Pourtãt retournõs

120 566 668 54 a luy, ⁊ de coeur humilie le supplions

120 619 670 52 quil luy plaise nous regarder en sa mi

121 660 661 60 sericorde, nous donner sa benediction.

120 707 668 56 nous ouurir les yeulx, tellement que

120 753 666 62 puissions appertement, congnoistre

119 799 345 66 la uerite. Amen.

171 902 569 55 ¶ Premiere declaration du sacrifice

168 942 570 51 quotidien/ que les sacrificateurs don-

168 984 569 59 nent entendre en leur messe estre faict/

171 1027 371 64 pour le salut du peuple.

279 1127 509 59 Es sacrificateurs donc: com-

277 1170 513 53 me non contens du uoluntai

277 1216 514 73 re ⁊ sainct sacrifice, par lequel

128 1230 141 63 L

674 1262 112 79 Iesus

795 421 107 69 Luc.18
