964 1534
356 40 265 67 De lassistence

158 97 667 64 pe est le nouueau testament en mon

161 147 668 62 sang, qui est respandu poͬ uous. Aus-

161 195 671 55 quelles Escriptures, ⁊ toutes autres

162 241 671 56 du nouueau testament, parlantes de

163 288 670 53 ceste matiere, est tres euident que ia-

162 338 672 58 mais ne parla au pain, ne au uin, dõc

163 379 670 62 fault bien dire que ces paoures gentz

164 425 668 63 sont bien incensez, quand en cachons

163 471 670 63 secretement ⁊ a part, sans quilz ueuil

163 520 666 55 lent estre ouys ⁊ entenduz daucuns,

166 568 666 58 soufflent ⁊ parlent ainsi sur le pain, ⁊

163 613 669 59 sur le uin, dequoy nostre Seigñr Ie-

162 660 667 59 sus ne leur dõna iamais ny exemple,

161 705 672 62 ny parolle: mais cest la coustume que

162 751 671 64 tousiours erreur, engendre une autre

162 805 139 50 erreur.

207 833 581 69 ¶ Troisiesme declaratiõ/ de lassistẽce

204 888 584 50 ou p̃sence corporelle de Iesꝰ Christ au

207 928 575 60 sacremẽt du pain ⁊ du uin a la messe.

366 986 461 63 N ce passage plus que ia-

366 1039 467 60 mais on a failly ⁊ grande

369 1086 460 59 ment erre, quand on a dit,

368 1131 466 64 escript, presche, donne a en

166 1179 665 58 tendre ⁊ enseigne, quau lieu du pain

167 1224 662 79 ⁊ du uin (ainsi quilz parlent) soubz

168 980 200 221 E

761 1278 68 61 les
