958 1528
278 40 487 65 De la transsubstantiation

165 95 678 66 luy sainct sacremẽt, qui est la consum

168 150 674 56 mation de tous autres, en deux cho-

169 193 671 56 ses uisibles, assauoir en pain, ⁊ uin.

169 239 674 62 Lesquelles choses ne falloyt iamais

170 285 673 62 separer: ainsi quõ a faict en leglise pa-

170 332 674 60 pale, qui est grande impiete ⁊ extre-

169 378 675 60 me sacrilege, appertemẽt contre linsti-

171 424 671 56 tutiõ ⁊ ordõnãce de Iesꝰ, qͥ tãt exp̃sse

170 472 672 52 mẽt, tãt euidãmẽt les auoit cõioĩctes.

170 519 670 54 Mais que ce soucyent gentz ingratz,

171 565 672 58 ennemys de uerite, des ordonnances

170 609 675 60 diceluy? car eulx sont sages, ⁊ luy in-

171 655 673 58 sipiens. Si S. Paul uiuoit, o com-

170 702 674 54 ment il crieroyt contre un tant execra

169 751 673 58 ble abuz aussi feroit S. Augustin. S.

171 795 669 59 Cyprian, ⁊ tous autres menez du bon

173 844 150 60 Esprit.

225 886 614 61 Mais pour retourner au propos,

171 933 674 57 comment il est certain, que du mesme

171 981 674 63 pain de quoy ilz auoyent use en man-

171 1027 674 62 geant laigneau du passage, quon dict

170 1073 674 62 laigneau Pascal, Iesus print ⁊ rom-

171 1120 669 64 pit: disant, prenez mangez, ce est mon

171 1167 669 61 corps. Surquoy, au sermõ prealegue,

173 1213 671 71 ce bon docteur Cyprian dict ainsi. Ante

719 1266 125 69 uerba
