986 1534
392 56 216 69 de la messe.

125 117 674 60 lobeissance que par le commandemẽt

127 167 671 60 de dieu ilz deuoyent ⁊ doyuẽt (uueil-

126 213 670 55 lent ou nõ) aux princes ⁊ seigneurs.

126 259 670 56 Car S. Paul escript ainsi, Omnis ani-

127 306 672 51 ma potestatibus/ supereminentibus subdi

129 346 672 57 ta sit. Cest adire: Toute ame soit subie

129 395 674 61 cte aux puissances superieures. Et na

131 441 674 61 point dit le sainct Apostre: Omnis ani

131 488 673 61 ma laica/ ainsi que respondit quelque

134 531 670 63 foys a la Sorbonne a Paris, un mai

136 581 667 60 stre asne, auq̃l on deburoit auoir fen-

135 626 669 65 du les narines auec les piedz, ⁊ len-

136 673 257 64 uoyer paistre.

189 720 620 57 De tout cecy est ensuiuy un autre

140 768 669 64 fruict fort plaisant, aggreable, ⁊ deli-

139 816 670 60 cieux a tous ces beaux mõsieurs qui

141 861 668 55 tant sont delicatz ⁊ tendres. Cest que

141 911 668 56 tous par cõmun accord (uoire ⁊ par

141 953 671 59 loy publicque, queulx mesmes ont fai

143 1000 669 61 cte) ilz doibuent uiure en ioyeuse la-

145 1046 667 57 sciuite, ⁊ uoluptueuse occiosite, sans

145 1094 667 60 labourer ne trauailler. Car ilz ont les

147 1146 666 51 mains trop doulcettes. Bien de iouer

147 1187 662 56 a la paulme, a la boulle, au tablier,

148 1233 664 76 aux cartes ⁊ dez, de saulter ⁊ dancer,

731 1283 84 56 cela

805 247 134 98 Rom̃.13.
