966 1534
382 61 163 64 Preface

136 113 670 68 gile de salut: lequel en aucun temps

136 161 670 69 par la permissiõ de dieu a este despri-

140 209 671 64 se, cõtemne, mis soubz le pied, corrom

139 254 670 64 pu ⁊ oublie) disent ces parolles de

139 300 669 68 blaspheme, ou autres semblables. Et

142 347 666 67 pourquoy a il tant attẽdu: pourquoy

142 392 667 68 na il reuele cecy plustost? noz predeces-

143 439 668 65 seurs nont il pas bien uescu? Il nous

145 487 668 66 suffist de uiure ainsi cõme eulx, tant

144 533 667 69 de grãdz clercz, ⁊ sages gentz suyuãtz

144 580 669 64 les conciles ⁊ determinatiõs, des uni

144 626 668 65 uersitez, les ceremonies, ⁊ ordonnan-

145 672 667 66 ces du Pape, pourroyent ilz bien fail-

144 722 667 57 lir? Qui sont parolles de gens igno-

147 767 668 65 rans, ou mocqueurs, de coeurs endur-

148 813 667 62 cis ⁊ obstinez, par lesquelles parolles

148 857 668 63 leur ignorance, tant clerement se de-

149 906 666 65 monstre, quil est tout notoire que aux

150 951 665 66 choses de Dieu, rien ilz nentendent:

150 995 665 66 mais par infidelite: cõme mis en sens

150 1044 666 61 reprouue, sans crainte ne reuerẽce, pro

153 1090 659 68 ferẽt horribles blasphemes, qui est un

154 1137 662 67 signe de lyre ⁊ fureur de dieu, demon-

154 1183 662 63 strant de telles gens, ineuitable ruine

158 1228 659 92 ⁊ espouentable damnatiõ. Item tou-

745 1283 70 61 tes
