958 1530
418 45 267 67 De lassistence

205 98 670 70 a respõdu que entier ⁊ parfaict il mon-

204 150 671 62 teroit au ciel, afin quilz congneussent

205 196 668 62 ⁊ entendissent que non pas en la ma-

204 242 668 64 niere quilz pensoyent ilz le receuroyẽt.

204 288 669 62 Car sa grace, ne se cõsomme point par

205 334 664 63 morseaux. Dauãtage iusque a la fin

204 378 669 64 du mõde le Seigneur est la sus: mais

202 425 669 65 la uerite du Seigneur demeure icy en

202 473 670 63 bas auec nous. Car il fault q̃ le corps

204 516 663 65 en quoy il est ressuscite, soit en un lieu,

200 564 669 70 mais la uerite du Seigneur se espãd

201 614 180 65 par tout.

207 654 660 68 Item Fulgence parlant de Iesus

197 703 670 64 Christ esript ainsi. Absẽs erat celo secun

197 752 666 55 dum humanam substantiam quum esset in

197 798 661 49 terra/ ⁊ derelinquẽs terram quum ascendis-

190 833 676 50 set in celum. Secundum uero diuinam ⁊ im

190 881 676 45 mensam substantiam nec celum dimittens

190 917 676 55 quum de celo descendit nec terram de serens

187 957 675 60 quum ad celum ascendit. Cest adire,

184 1000 678 59 Christ selon son humaine substance,

184 1051 678 56 estoit absent du ciel, quand il estoit en

184 1095 678 63 la terre, ⁊ estoit delaissãt la terre, quãd

184 1141 679 57 il montoit au ciel: mais selon la diui-

184 1189 679 59 ne ⁊ infinie substance, ne laissoit point

183 1236 671 102 le ciel, quãd il descẽdit du ciel, ne lais-

774 1281 87 69 soit

57 656 140 61 Fulgen-

54 705 130 49 tius ad

56 745 128 60 Thra-

59 790 125 57 sim li-

56 837 100 54 bor.2.
