1004 1536
376 56 202 51 corporelle.

110 101 683 64 maieste, en gloire triũphãt. Car main

106 151 686 61 tenant, il est hors du temps de son in-

110 197 681 62 firmite, ⁊ touteffoys, en le mettant, ⁊

108 244 683 61 tenant sans nul ordre ⁊ position, ain-

112 288 678 66 si en un mõceau, cache soubz ceste pa-

112 335 679 65 ste, il seroit plus aneanty que iamais

110 380 682 65 ne fut en la presence de Pilate, uoyre

115 427 677 63 si on ne uouloit dire ainsi q̃ un Mai-

116 474 675 64 stre fol. Dominicain, fourbisseur de

117 520 676 64 uieux cabas, lequel autresfoys en la

117 568 675 60 cite de Genefue, publiquement a pre-

119 614 673 63 sche qͥl cest faict petit cõe une formie.

120 660 673 60 Et nestoit q̃ la chose est serieuse, ⁊ que

121 707 672 63 iay douleur de la follie dun tel aca-

122 757 674 63 riastre, ie ne me pourroye contenir de

122 805 94 59 rire.

176 842 621 61 Mais en laissant les folz ⁊ leur fol

125 894 670 55 lie, ie demande? Quelle utilite, ou q̃l

129 940 666 62 proffit, nous pourroit il aduenir, quil

131 988 664 60 fust auec nous, dedans un morceau

131 1034 666 62 de pain ainsi cache? quand luy mesme

134 1080 668 59 disoit, sil ne montoit a son pere, que le

137 1127 656 60 S. Esprit ne uiendroit point: ⁊ quãd

135 1172 662 61 il seroit monte au ciel quil le enuoye-

137 1218 665 73 roit, ainsi quil fist le iour de la Pen-

645 1267 159 87 thecoste.

805 1114 119 81 Iehã.16
