978 1536
409 66 257 60 Aucuns abus

188 115 673 68 despaindant comme en une table, icel-

189 166 672 60 le messe, auec ses couleurs, en laquelle

194 221 666 52 on pourra dune ueue le tout contem-

193 259 668 57 pler, mais plus toutesfoys de coeur

192 308 668 59 imaginer. Car a ce descrire ⁊ pourtrai-

193 353 668 61 re toutes les plumes ⁊ pinceaux ia-

192 399 668 60 mais ne suffiroyent, pour le grand ⁊

190 444 670 65 infiny abus (qui en ceste messe tãt des

194 491 406 67 figuree) est comprins.

195 629 662 66 ¶ Sensuyuẽt aucuns abus dãnables

262 675 520 67 qui sont en la messe, contrai-

336 720 373 68 res a la saincte Cene

435 766 179 59 de Iesus

460 816 121 60 christ.

192 860 663 64 1 Pourtant que icelle messe nest que

236 904 617 66 inuention humaine, ⁊ toutesfoys

238 952 617 57 elle est commandee, cõme si elle e-

238 999 613 65 stoit de dieu, Contre Deuter.12.a.

241 1047 443 62 d. Matt.15.b. Rom.14.d.

190 1089 662 68 2 Quelle est en telz desguisemens ⁊

240 1140 621 64 pompes daccoustremẽs diuers, tãt

239 1187 609 61 en coleurs que facons, a limitation

240 1231 563 111 des iuifz ⁊ payens. Contre Luc.

729 1282 117 86 20.g.
