974 1536
297 66 254 62 de Lautheur.

110 119 679 64 tes telles parolles ⁊ allegations, sont

111 168 673 59 inutiles ⁊ uaines, sans aucune effica-

111 213 672 63 ce: car les Turc ⁊ Sarrazins en di-

111 261 541 60 royent bien autant de leur loy.

166 307 615 61 Il nous fault donc humblement

112 358 672 50 prendre ⁊ receuoir, le don ⁊ grace de

112 400 672 60 dieu, au temps que son bon plaisir est

112 448 671 58 le nous donner, sans disputer, pour-

112 494 668 58 quoy il a attendu iusques a ce temps,

114 540 670 59 sans alleguer multitude, ou pluralite

112 588 671 58 de personnages, ne ainsi parler de la

116 629 665 58 uie, ou fin de ceulx qͥ par cy deuãt ont

115 678 664 63 uescu. Car dieu est puissant de dispo-

114 725 671 55 ser de ses creatures a sa uolũte: ⁊ nul

114 773 658 60 ne luy peult dire: poͬ quoy fays tu ain

112 817 668 61 si. Dauantage il uault trop mieulx

112 864 658 58 suyuir le seul Michee ayãt Lesprit de

112 911 663 61 dieu, que toute la compaignie des sa-

114 958 665 64 crificateurs ⁊ ꝓphetes de Baal, ayãs

114 1006 270 57 lesprit derreur.

162 1048 617 63 Toutesfoys ie croy fermement que

117 1096 663 59 si au temps passe la uerite Euangeli

116 1145 665 60 cque, eust este ainsi reuelee, comme elle

115 1191 665 62 est de present, que plusieurs de noz pre

116 1236 664 74 decesseurs eussent bien mieulx faict

553 1290 223 68 A 5 leur

784 764 105 76 Iob.11

784 853 141 78 3.roys.22
