982 1534
356 61 182 66 est messe.

120 115 674 63 ny entẽdent? Ainsi est il de chanter, ly-

121 163 671 61 re, ou parler en latin, Leuangile ⁊ la

124 210 667 63 parolle de dieu, en la p̃sence du peuple

124 256 666 63 qui rien ny entend, quelle edification

122 302 672 58 en uient il? quelle instruction? quelle

125 350 640 62 doctrine de salut aux simples gens?

189 401 603 60 Iugez donc maintenant ie uous

122 442 668 62 prie, puis que le meilleur de la messe,

122 490 665 60 (ainsi quilz en usent) ne uault rien,

124 538 670 55 que ce peult estre du demourant. Cer-

122 582 672 61 tes cest un empeschemẽt de salut, une

124 628 666 63 destructiõ ⁊ ruine de tout biẽ, si espou-

124 680 666 55 uantable (a qui le cõgnoist) q̃ iamais

121 722 666 60 nen fust de telle. Ce q̃ ainsi ie declaire.

125 767 663 58 S. Paul dit que Leuãgile est la puis-

122 814 661 56 sance de salut a tout croyant: ⁊ ne dit

122 860 664 59 pas cela de Leuangile chantee, criee,

126 906 664 59 urlee, ou portee en un liure dor, ou

122 953 664 60 dargent deuant son estomach, ou en

124 998 667 56 un billet pendant au col (comme plu

122 1044 665 60 sieurs folz estiment) mais il entend

124 1090 655 63 de Leuangile annoncee, preschee, de-

127 1135 656 62 claree, ⁊ receue en la uertu ⁊ puissan-

122 1182 661 66 ce de Lesprit de Dieu. Pourtant que

122 1229 661 90 la foy (sans laquelle nul ne peult e-

551 1278 235 83 E 4 stre

794 814 130 84 Rom.1.

822 1075 108 56 Quo-

788 1123 144 44 mõ au-

788 1160 140 46 diẽt nus-

788 1201 139 50 qz predi-

788 1246 99 70 cante.
