1100 1534
461 51 334 60 du pain ⁊ du uin.

260 99 672 64 ment croire estre pain, ⁊ nõ point seu-

260 150 673 57 le apparence de pain. Car (comme dit

263 196 672 66 est) en Lescripture il ny a point de

266 245 156 63 feintise.

314 277 614 74 Uray est que les fideles Chrestiẽs,

263 337 665 55 bien entendans la Dignite du sacre-

263 384 668 55 ment, prennent le pain Sacramẽtal,

266 430 663 60 nõ pas comme pain uulgaire, usual,

264 479 671 59 ou commun: mais comme pain sancti

268 522 668 62 fie, separe, destine, ⁊ ordonne aux usa

267 571 669 60 ges Diuins, afin quen ceste tant sain

266 616 670 62 cte action, lesprit ⁊ ame du fidele, soyt

264 662 674 61 nourrie, cest adire ioincte ⁊ unie, par

268 709 670 61 speciale operatiõ, a sa propre uie, qui

266 755 666 63 est son pasteur ⁊ seul sauueur Iesus,

267 804 671 53 Et ce inuisiblement pour le temps de

269 848 668 60 ceste mortelle uie, par intelligẽce ⁊ cõ-

269 897 668 61 templatiõ de foy, a laquelle, en la uie

269 944 669 58 future succedera sans couuerture de

271 989 666 60 sacrement, apperte uision, actuelle ⁊

269 1036 662 60 reale tẽtion diceluy nostre Redẽpteur,

272 1081 664 63 grãd Euesque, Roy, ⁊ Sacrificateur,

272 1128 666 58 ordõne de Dieu son pere, a la consum

272 1174 444 62 mation de toutes choses.

326 1216 615 80 S. Cyprian martyr, un des anciẽs

689 1277 248 101 C docteurs
