976 1536
384 64 179 65 est messe.

116 117 667 64 sus Christ par sa bonte, a ordonne ⁊

112 167 670 60 institue. Car certes il ny a rien dit ne

116 211 662 57 faict en la messe qui ne soit contre Ie-

115 257 666 65 sus Christ ⁊ sa parolle, ce q̃ tres facile

115 304 665 60 est de cõgnoistre par ceste declaration.

174 349 604 65 Premierement, ce mot la: Messe,

111 396 669 59 cest un terme de parler tout nouueau

111 442 669 67 duquel iamais les sainctes Escriptu-

110 491 670 61 res non faict mention. Lequel terme

111 537 669 64 signifie tout ce qͥ est dit, ⁊ faict en icelle

107 583 673 62 depuis le commencement iusque a la

108 629 668 64 fin, comprenant ceremonies, linclina-

106 674 670 64 bo, chansons, sonneries, melodies, en-

107 721 669 64 censemens, luminaires, lauemens, lin

106 766 666 66 troite, le confiteor, le kyrie, le gloria,

102 812 671 63 loraison, une ou plusieurs, lepistre, le

105 861 668 65 gradual, la prose, alleluya. Leuangil-

102 912 671 59 le, le credo, grand ⁊ petit, le per omnia

102 958 663 60 le canõ, le sanctus, le pater, le agnus,

102 999 670 63 la post communion, le requiescant, ou

102 1045 667 62 itemissa. Uoyre ⁊ une messe est solen-

102 1090 667 65 nelle, ou haulte, lautre basse, ou seiche.

106 1139 666 62 Lune uniuerselle ⁊ pour tous, lautre

105 1187 666 61 particuliere ⁊ pour les confraries du

105 1236 660 72 patronnage seulement. Lune pour les

485 1280 277 76 E 2 riches,

786 346 102 81 Messe

772 1214 122 101 mat.26.
