1096 1532
445 45 339 58 du pain ⁊ du uin.

268 95 674 65 premiere constitution, est de nourir ⁊

269 148 671 57 alimenter le corps: mais il a pleu au

269 192 672 62 Seigneur les ordonner en son sainct

272 240 668 60 sacremẽt, a autre ⁊ plus excellente o-

269 291 669 54 peration. Cest que au fidele bien intel-

269 334 669 57 ligent, ilz apportent ⁊ representẽt, non

268 380 673 59 au sens du corps, mais a lame ⁊ espe-

269 425 669 62 rit, actuelle apprehẽsiõ, uiue cõgnois-

270 473 675 60 sance ⁊ recordation du corps du sau-

268 519 674 52 ueur de noz ames, liure a mort pour

268 566 668 59 noꝰ: ⁊ de son p̃cieux sang espandu poͬ

269 612 673 54 nostre redemption, qui sont deux cho-

269 657 674 63 ses differentes. Car le corps pourroit

269 704 669 63 bien mourir, sans quil y eust effusion

269 750 671 55 de sang, comme nous uoyõs tous les

268 797 673 58 ioͬs mourir aucuns: mais par sa gran

270 848 671 54 de misericorde, il luy a pleu faire les

270 893 667 58 deux pour nous: assauoir quil a gou-

272 937 669 60 ste la mort, quant au corps, ⁊ non seu

268 983 673 56 lement cela: mais aussi a uoulu espan

269 1030 672 62 dre ⁊ offrir son precieux sang en pris

272 1077 392 60 de nostre redemption.

320 1122 618 60 Et pourtant afin quen son eglise,

272 1169 668 61 on eust tousioͬs memoire de ces deux

272 1215 664 73 admirables oeuures, il a ordonne ice-

723 1261 213 83 C 2 luy
