1172 1534
491 56 339 62 du pain ⁊ du uin.

321 107 671 69 cte Cene de Iesꝰ Christ, ont dit ⁊ mis

323 159 668 62 par escript: que nostre Seigneur Ie-

327 213 664 51 sus print du pain ⁊ le rompit, le distri

323 254 666 61 buant a ses Apostres ⁊ disciples. Pre-

326 299 521 56 mierement S. Paul dit ainsi.

364 346 623 55 Nostre Seigneur Iesus en la nuict

326 392 661 60 en laquelle il fut trahy, print le pain ⁊

323 442 664 52 en rẽdant graces le rompit ⁊ dit: Pre-

326 485 661 55 nez ⁊ mangez, cecy, est mon corps, qui

326 530 661 61 sera liure pour uous, S. Matthieu

326 576 661 63 pareillement dit en ceste maniere: Et

327 625 660 61 comme ilz souppoyẽt, Iesus print du

327 671 660 57 pain ⁊ le beneist ⁊ rompit, ⁊ le donna

326 715 661 62 a ses disciples ⁊ dist. Prenez ⁊ mãgez:

327 763 660 57 cecy, est mon corps. Autant S. Marc,

326 807 661 59 aussi S. Luc en leur Euangile en ont

327 855 660 59 escript. La ou ilz nomment expresse-

330 903 657 53 ment le pain, ⁊ non point semblance

332 948 659 55 de pain. Item S. Paul au lieu preal-

330 994 662 60 legue, apres auoir faict ample men-

331 1040 664 54 tion de linstitution ⁊ ordõnance de la

332 1085 664 62 saincte Cene de Iesus Christ, dit en ce

333 1138 654 57 ste maniere: Lhomme sespreuue soy-

332 1178 657 59 mesme ⁊ ainsi mangeusse de ce pain,

335 1225 660 94 ⁊ boiue du calice, la ou il ne dit point

885 1280 110 55 man-

994 329 120 82 1.Cor.11

995 729 115 45 mat.26

995 765 133 53 marc.14

992 805 98 64 luc.22

992 1127 130 81 1.Cor.11
