1004 1528
375 30 188 62 Lecteurs.

142 78 670 68 te spirituelle, de laquelle dieu uous a

141 131 669 61 faict frãctz ⁊ dignes: ⁊ delaissez la ser-

140 175 669 59 uitude de la messe, ⁊ de ces sacrifica-

140 222 662 59 teurs, par trop uous rẽdans subiectz,

141 269 665 59 contre lordomnance de nostre Seigñr

141 315 665 61 cõme par cy deuant fidelement uous

138 362 668 62 a propose ⁊ demonstre nostre loyal ⁊

137 408 668 63 bon amy Marcourt, ueritable cẽseur.

137 454 669 59 A quoy uous prie par le nom de Ie-

137 501 664 61 sus y penser diligemment: ⁊ de tout en

135 547 668 62 iuger cõme uous a este predict au cõ-

135 601 662 53 mencement, sans hayne ⁊ corruption

135 640 666 60 de iugemẽt. Et toy lecteur principalle

135 687 666 64 ment, qui de ces choses as la cõgnois-

135 734 666 61 sance, regarde comment tu pourras e-

136 778 664 63 stre excuse deuant dieu, ueu que tu as-

137 825 665 65 siste a la messe chef de toute idolatrie

135 872 665 62 ⁊ abomination, comme uoulant com

133 919 668 55 muniquer a la table de Christ ⁊ de Lã

131 966 667 64 techrist, ou du diable: ⁊ par ainsi seruir

132 1013 663 62 a deux seigneurs, du tout contraires,

132 1059 666 61 ce qui ne se peult faire. Car il fault e-

133 1107 665 60 stre tout un, ou tout autre, ne clochãt

132 1152 668 60 point des deux piedz. Mais comme di

132 1196 664 104 soit Helie: Si le Seigneur est Dieu,

680 1244 112 66 seruir
