<?xml version="1.0" encoding="UTF-8"?>
<alto xmlns:xsi="http://www.w3.org/2001/XMLSchema-instance"
      xmlns="http://www.loc.gov/standards/alto/ns-v4#"
      xsi:schemaLocation="http://www.loc.gov/standards/alto/ns-v4# http://www.loc.gov/standards/alto/v4/alto-4-2.xsd">
  <Description>
    <MeasurementUnit>pixel</MeasurementUnit>
    <sourceImageInformation>
      <fileName>CRRjm23.pdf_page_53.png</fileName>
      
    </sourceImageInformation>
  </Description>
  
  <Tags>
    <OtherTag ID="BT1166" LABEL="MarginTextZone:handwrittenAddition" DESCRIPTION="block type MarginTextZone:handwrittenAddition"/><OtherTag ID="BT1167" LABEL="QuireMarksZone" DESCRIPTION="block type QuireMarksZone"/><OtherTag ID="BT1168" LABEL="MainZone" DESCRIPTION="block type MainZone"/><OtherTag ID="BT1169" LABEL="GraphicZone" DESCRIPTION="block type GraphicZone"/><OtherTag ID="BT1170" LABEL="TitlePageZone" DESCRIPTION="block type TitlePageZone"/><OtherTag ID="BT1171" LABEL="DropCapitalZone" DESCRIPTION="block type DropCapitalZone"/><OtherTag ID="BT1172" LABEL="StampZone" DESCRIPTION="block type StampZone"/><OtherTag ID="BT1173" LABEL="TableZone" DESCRIPTION="block type TableZone"/><OtherTag ID="BT1174" LABEL="DamageZone" DESCRIPTION="block type DamageZone"/><OtherTag ID="BT1175" LABEL="MarginTextZone" DESCRIPTION="block type MarginTextZone"/>
    <OtherTag ID="LT424" LABEL="DefaultLine" DESCRIPTION="line type DefaultLine"/><OtherTag ID="LT425" LABEL="HeadingLine" DESCRIPTION="line type HeadingLine"/><OtherTag ID="LT426" LABEL="DropCapitalLine" DESCRIPTION="line type DropCapitalLine"/>
  </Tags>
  
  <Layout>
    <Page WIDTH="966"
          HEIGHT="1534"
          PHYSICAL_IMG_NR="52"
          ID="eSc_dummypage_">
      <PrintSpace HPOS="0"
                  VPOS="0"
                  WIDTH="966"
                  HEIGHT="1534">
        
        <TextBlock HPOS="176"
                   VPOS="36"
                   WIDTH="698"
                   HEIGHT="1242"
                   ID="eSc_textblock_f05dbf3d"
                   TAGREFS="BT1168">
          <Shape><Polygon POINTS="176 36 179 1278 874 1277 874 38"/></Shape>
          
          
          <TextLine ID="eSc_line_eaba1547"
                    TAGREFS="LT425"
                    BASELINE="428 92 696 89" 
                    HPOS="427"
                    VPOS="46"
                    WIDTH="269"
                    HEIGHT="62">
            <Shape><Polygon POINTS="670 49 657 49 644 49 632 49 619 48 606 48 593 48 580 48 568 48 555 47 542 47 538 47 537 48 534 47 529 47 516 47 504 47 493 46 482 48 465 46 452 46 440 46 427 48 428 92 428 104 528 100 537 102 557 108 559 108 560 108 607 100 611 100 614 100 642 107 643 107 644 107 646 107 655 99 656 99 694 99 696 89 693 53 683 49"/></Shape>
	    <String CONTENT="De lassistence"
                    HPOS="427"
                    VPOS="46"
                    WIDTH="269"
                    HEIGHT="62"></String>
          </TextLine>

          
          
          <TextLine ID="eSc_line_4007686b"
                    TAGREFS="LT424"
                    BASELINE="193 149 867 149" 
                    HPOS="193"
                    VPOS="99"
                    WIDTH="674"
                    HEIGHT="69">
            <Shape><Polygon POINTS="858 115 845 113 832 112 820 111 807 109 802 109 800 108 794 108 781 107 768 106 756 104 747 103 722 108 717 108 711 108 656 99 593 99 592 99 591 99 571 107 566 109 525 109 522 106 515 100 514 100 513 100 511 100 469 106 449 108 440 106 419 99 418 99 417 99 415 99 392 106 388 106 385 106 355 99 350 99 339 104 331 108 327 104 323 102 321 102 308 103 295 104 290 104 286 108 254 107 244 107 231 108 218 109 205 111 193 111 193 149 193 161 268 167 269 167 271 167 272 167 280 161 282 159 285 161 296 167 298 167 299 167 300 167 321 161 327 159 428 159 429 161 435 164 435 166 436 166 437 166 491 167 492 167 493 167 495 167 506 159 509 159 560 159 562 159 577 167 578 167 579 168 673 168 673 167 674 167 675 167 684 159 724 159 739 159 790 167 791 167 793 167 794 167 803 159 850 167 852 167 853 167 854 167 867 159 867 149 867 116 858 115"/></Shape>
	    <String CONTENT="thecoste. Et depuis aussi sur ceux qͥlz"
                    HPOS="193"
                    VPOS="99"
                    WIDTH="674"
                    HEIGHT="69"></String>
          </TextLine>

          
          
          <TextLine ID="eSc_line_39059a88"
                    TAGREFS="LT424"
                    BASELINE="193 195 401 195" 
                    HPOS="193"
                    VPOS="150"
                    WIDTH="208"
                    HEIGHT="62">
            <Shape><Polygon POINTS="346 150 318 155 304 158 295 154 285 150 284 150 282 150 281 150 273 154 266 158 193 152 193 195 193 209 246 212 248 212 249 212 266 208 280 204 292 207 316 212 317 212 318 212 345 205 350 204 353 205 368 210 369 210 371 210 401 203 401 195 401 159 348 150 346 150"/></Shape>
	    <String CONTENT="luy a pleu."
                    HPOS="193"
                    VPOS="150"
                    WIDTH="208"
                    HEIGHT="62"></String>
          </TextLine>

          
          
          <TextLine ID="eSc_line_11dd23af"
                    TAGREFS="LT424"
                    BASELINE="241 244 864 240" 
                    HPOS="240"
                    VPOS="191"
                    WIDTH="624"
                    HEIGHT="65">
            <Shape><Polygon POINTS="304 196 291 196 278 196 266 196 258 196 240 201 241 244 241 249 333 256 335 256 372 249 373 249 374 249 423 256 424 256 426 256 454 247 458 247 460 247 488 255 490 255 491 255 524 247 527 247 596 247 614 255 615 255 616 255 617 255 639 247 651 255 652 255 653 255 655 255 716 249 841 254 843 254 844 254 864 245 864 240 863 199 848 191 847 191 845 191 844 191 822 198 694 191 693 191 665 198 657 191 656 191 655 191 653 191 652 191 651 191 643 199 632 193 630 193 629 193 493 199 447 193 446 193 380 200 313 196 304 196"/></Shape>
	    <String CONTENT="Bref ceste doctrine Papistique est"
                    HPOS="240"
                    VPOS="191"
                    WIDTH="624"
                    HEIGHT="65"></String>
          </TextLine>

          
          
          <TextLine ID="eSc_line_970866c8"
                    TAGREFS="LT424"
                    BASELINE="194 287 864 285" 
                    HPOS="193"
                    VPOS="241"
                    WIDTH="671"
                    HEIGHT="55">
            <Shape><Polygon POINTS="730 241 717 241 713 241 690 249 649 242 641 242 634 242 612 249 605 242 602 242 589 242 577 242 564 242 551 242 545 242 509 251 478 251 468 242 461 242 456 242 415 250 367 244 359 244 346 244 337 244 319 250 312 244 308 244 295 244 282 244 269 244 257 244 248 244 193 251 194 287 194 296 863 295 864 285 862 250 738 241 730 241"/></Shape>
	    <String CONTENT="cause de la destructiõ uniuerselle qua"
                    HPOS="193"
                    VPOS="241"
                    WIDTH="671"
                    HEIGHT="55"></String>
          </TextLine>

          
          
          <TextLine ID="eSc_line_49215ec9"
                    TAGREFS="LT424"
                    BASELINE="197 334 864 331" 
                    HPOS="195"
                    VPOS="286"
                    WIDTH="669"
                    HEIGHT="64">
            <Shape><Polygon POINTS="772 286 771 286 770 286 745 288 707 292 701 288 697 286 696 286 694 286 693 286 692 286 678 290 660 294 651 290 642 286 641 286 639 286 607 290 574 295 547 291 522 287 520 287 519 287 518 287 513 291 506 295 468 292 431 290 429 290 428 290 420 292 413 296 405 294 394 288 392 288 391 288 294 295 264 296 254 295 209 288 208 288 207 288 195 294 197 334 197 343 216 350 217 350 218 350 220 350 232 343 234 342 235 343 241 348 243 348 244 348 245 348 356 342 374 342 380 342 417 350 418 350 455 342 461 341 467 342 487 347 488 347 490 347 565 341 573 341 578 341 633 348 634 348 635 348 657 341 747 347 748 347 785 340 793 346 793 347 794 347 795 347 797 348 835 348 835 347 836 347 864 338 864 331 861 287 785 294 776 287 774 286 772 286"/></Shape>
	    <String CONTENT="si de toute la terre. Et ne fault pas poͬ"
                    HPOS="195"
                    VPOS="286"
                    WIDTH="669"
                    HEIGHT="64"></String>
          </TextLine>

          
          
          <TextLine ID="eSc_line_36af5c41"
                    TAGREFS="LT424"
                    BASELINE="195 379 864 379" 
                    HPOS="195"
                    VPOS="343"
                    WIDTH="669"
                    HEIGHT="50">
            <Shape><Polygon POINTS="195 379 195 389 863 393 864 379 864 343 195 343 195 379"/></Shape>
	    <String CONTENT="couuerture de leur mẽterie, poͬ mieux"
                    HPOS="195"
                    VPOS="343"
                    WIDTH="669"
                    HEIGHT="50"></String>
          </TextLine>

          
          
          <TextLine ID="eSc_line_0648a4fb"
                    TAGREFS="LT424"
                    BASELINE="195 428 867 425" 
                    HPOS="194"
                    VPOS="380"
                    WIDTH="673"
                    HEIGHT="61">
            <Shape><Polygon POINTS="861 388 774 380 772 380 771 380 770 380 757 388 665 382 664 382 662 382 648 389 569 389 537 380 536 380 534 380 465 387 429 382 428 382 427 382 426 382 413 389 410 389 345 382 344 382 342 382 330 388 300 383 299 383 194 389 195 428 195 434 447 441 449 441 496 434 497 434 498 434 731 439 733 439 734 439 735 439 735 438 742 433 798 433 799 433 830 439 831 439 866 432 867 425 866 419 861 388"/></Shape>
	    <String CONTENT="exercer leͬ insatiable auarice, poͬ leur"
                    HPOS="194"
                    VPOS="380"
                    WIDTH="673"
                    HEIGHT="61"></String>
          </TextLine>

          
          
          <TextLine ID="eSc_line_bfe78393"
                    TAGREFS="LT424"
                    BASELINE="195 470 868 474" 
                    HPOS="194"
                    VPOS="426"
                    WIDTH="674"
                    HEIGHT="63">
            <Shape><Polygon POINTS="643 426 642 426 615 435 584 426 583 426 582 426 513 435 509 435 506 435 479 428 477 428 468 428 445 435 442 435 341 435 340 434 331 428 323 428 310 428 298 428 286 428 195 433 195 470 194 479 214 487 216 487 217 487 310 480 321 487 322 487 323 487 324 487 403 480 418 488 419 488 420 488 422 488 446 481 486 488 487 488 609 481 616 481 619 481 664 489 665 489 666 489 667 489 678 483 728 489 729 489 867 483 868 474 867 438 644 426 643 426"/></Shape>
	    <String CONTENT="cupidite, pour leur marchandise, ⁊ ra-"
                    HPOS="194"
                    VPOS="426"
                    WIDTH="674"
                    HEIGHT="63"></String>
          </TextLine>

          
          
          <TextLine ID="eSc_line_3afcada3"
                    TAGREFS="LT424"
                    BASELINE="195 520 867 520" 
                    HPOS="195"
                    VPOS="478"
                    WIDTH="672"
                    HEIGHT="56">
            <Shape><Polygon POINTS="195 520 195 529 552 534 554 534 598 527 603 527 606 527 626 534 628 534 629 534 676 527 681 527 685 527 739 534 740 534 742 534 758 527 760 527 804 534 806 534 867 526 867 520 866 478 195 483 195 520"/></Shape>
	    <String CONTENT="pine, pour donner quelque apparence"
                    HPOS="195"
                    VPOS="478"
                    WIDTH="672"
                    HEIGHT="56"></String>
          </TextLine>

          
          
          <TextLine ID="eSc_line_e960d003"
                    TAGREFS="LT424"
                    BASELINE="195 567 867 565" 
                    HPOS="194"
                    VPOS="521"
                    WIDTH="673"
                    HEIGHT="60">
            <Shape><Polygon POINTS="744 521 738 521 730 522 701 527 676 524 661 521 655 521 644 521 632 524 616 527 612 525 609 521 603 521 591 521 578 521 565 521 562 521 557 525 554 529 458 529 443 527 405 521 404 521 362 529 355 529 344 529 227 521 226 521 225 521 194 530 195 567 195 581 532 575 621 576 831 580 832 580 867 572 867 565 863 521 783 527 760 522 754 521 744 521"/></Shape>
	    <String CONTENT="⁊ couleur a leur cas, qͥlz alleguẽt, ou"
                    HPOS="194"
                    VPOS="521"
                    WIDTH="673"
                    HEIGHT="60"></String>
          </TextLine>

          
          
          <TextLine ID="eSc_line_788b1ba6"
                    TAGREFS="LT424"
                    BASELINE="194 613 862 611" 
                    HPOS="193"
                    VPOS="567"
                    WIDTH="669"
                    HEIGHT="60">
            <Shape><Polygon POINTS="194 613 194 627 861 627 862 611 858 571 665 573 653 572 625 567 624 567 623 567 621 567 621 568 616 572 615 575 574 575 565 572 533 567 532 567 530 567 529 567 523 573 519 575 500 573 449 568 447 568 397 573 386 575 381 573 358 568 356 568 355 568 305 575 300 575 299 575 285 568 284 568 282 568 281 568 266 575 264 575 263 575 223 568 222 568 193 575 194 613"/></Shape>
	    <String CONTENT="ameinent ces parolles: Cecy, est mon"
                    HPOS="193"
                    VPOS="567"
                    WIDTH="669"
                    HEIGHT="60"></String>
          </TextLine>

          
          
          <TextLine ID="eSc_line_4e4fb50a"
                    TAGREFS="LT424"
                    BASELINE="194 658 866 658" 
                    HPOS="194"
                    VPOS="614"
                    WIDTH="672"
                    HEIGHT="60">
            <Shape><Polygon POINTS="194 658 194 667 205 673 207 673 208 673 209 673 229 667 241 673 243 673 244 674 336 674 336 673 337 673 339 673 348 667 349 667 350 668 364 673 365 673 367 674 417 674 417 673 418 673 419 673 419 672 423 668 426 667 432 668 454 673 455 673 536 669 606 667 662 671 690 673 692 673 693 673 698 672 712 667 720 672 721 673 722 673 724 673 725 673 747 672 834 667 864 673 866 658 866 622 820 614 818 614 785 621 783 622 726 622 725 621 719 614 717 614 716 614 715 614 713 614 702 621 696 614 694 614 693 614 692 614 658 619 649 621 635 619 585 614 584 614 583 614 569 619 562 621 555 619 533 614 532 614 492 618 469 621 456 618 438 614 437 614 386 618 340 621 194 617 194 658"/></Shape>
	    <String CONTENT="corps, qui est donne pour uous. Car"
                    HPOS="194"
                    VPOS="614"
                    WIDTH="672"
                    HEIGHT="60"></String>
          </TextLine>

          
          
          <TextLine ID="eSc_line_d690c5f4"
                    TAGREFS="LT424"
                    BASELINE="194 704 858 709" 
                    HPOS="193"
                    VPOS="659"
                    WIDTH="665"
                    HEIGHT="64">
            <Shape><Polygon POINTS="685 659 684 659 683 659 615 666 582 668 575 664 569 659 568 659 566 659 565 659 552 659 539 659 527 659 519 659 509 663 497 668 362 668 353 660 351 659 348 659 335 659 332 659 309 666 229 659 227 659 226 659 211 666 200 659 195 659 194 704 193 717 760 717 774 723 775 723 776 723 777 723 779 723 790 717 857 717 858 709 858 671 825 660 823 660 747 660 745 660 710 667 699 669 696 667 687 659 685 659"/></Shape>
	    <String CONTENT="par icelles, autre chose nest demõstre,"
                    HPOS="193"
                    VPOS="659"
                    WIDTH="665"
                    HEIGHT="64"></String>
          </TextLine>

          
          
          <TextLine ID="eSc_line_dd0e3cc0"
                    TAGREFS="LT424"
                    BASELINE="195 750 864 752" 
                    HPOS="194"
                    VPOS="706"
                    WIDTH="670"
                    HEIGHT="62">
            <Shape><Polygon POINTS="745 709 733 709 720 709 669 714 655 715 649 714 625 708 624 708 623 708 621 708 609 714 598 708 597 708 596 708 594 708 564 714 559 715 557 714 552 710 552 709 551 709 550 709 548 709 515 714 513 714 501 706 500 706 498 706 497 706 496 706 472 714 469 714 468 714 441 706 440 706 438 706 401 714 399 714 395 714 363 706 362 706 360 706 331 714 328 714 326 714 305 706 304 706 303 706 195 713 195 750 194 761 502 761 538 768 539 768 578 761 733 761 740 768 742 768 743 768 744 768 806 761 838 768 839 768 840 768 863 760 864 752 864 715 756 709 745 709"/></Shape>
	    <String CONTENT="que presence sacramentale, au pain ⁊"
                    HPOS="194"
                    VPOS="706"
                    WIDTH="670"
                    HEIGHT="62"></String>
          </TextLine>

          
          
          <TextLine ID="eSc_line_dc5c084f"
                    TAGREFS="LT424"
                    BASELINE="195 800 866 796" 
                    HPOS="194"
                    VPOS="755"
                    WIDTH="672"
                    HEIGHT="54">
            <Shape><Polygon POINTS="195 800 195 809 864 805 866 796 862 755 194 758 195 800"/></Shape>
	    <String CONTENT="uin, non pas comme il a este dict, uul"
                    HPOS="194"
                    VPOS="755"
                    WIDTH="672"
                    HEIGHT="54"></String>
          </TextLine>

          
          
          <TextLine ID="eSc_line_11e60ebf"
                    TAGREFS="LT424"
                    BASELINE="193 846 863 843" 
                    HPOS="191"
                    VPOS="798"
                    WIDTH="672"
                    HEIGHT="62">
            <Shape><Polygon POINTS="603 798 569 806 568 806 565 806 534 798 533 798 532 798 530 798 529 798 520 806 518 809 269 809 266 806 244 800 243 800 241 800 191 806 193 846 193 860 225 853 506 859 507 859 509 859 528 852 861 857 863 843 861 806 811 798 809 798 766 806 761 806 756 806 719 798 717 798 716 798 687 806 685 806 684 806 678 800 678 798 676 798 675 798 674 798 673 798 652 805 605 798 603 798"/></Shape>
	    <String CONTENT="gaire ou commun: mais significatif ⁊"
                    HPOS="191"
                    VPOS="798"
                    WIDTH="672"
                    HEIGHT="62"></String>
          </TextLine>

          
          
          <TextLine ID="eSc_line_12066673"
                    TAGREFS="LT424"
                    BASELINE="197 892 862 888" 
                    HPOS="195"
                    VPOS="844"
                    WIDTH="667"
                    HEIGHT="64">
            <Shape><Polygon POINTS="825 844 823 844 822 844 821 844 821 846 813 853 739 853 721 844 720 844 719 844 717 844 716 844 704 852 642 846 641 846 639 846 623 853 601 846 600 846 598 846 432 853 419 846 418 846 417 846 415 846 364 855 209 847 208 847 207 847 205 847 195 852 197 892 198 908 230 901 237 907 239 907 240 907 241 907 345 901 395 906 415 907 417 907 445 905 498 899 546 903 587 906 588 906 589 906 591 906 596 902 601 899 665 901 808 905 809 905 861 897 862 888 861 853 826 844 825 844"/></Shape>
	    <String CONTENT="sacramental, qui est ⁊ doibt estre pris"
                    HPOS="195"
                    VPOS="844"
                    WIDTH="667"
                    HEIGHT="64"></String>
          </TextLine>

          
          
          <TextLine ID="eSc_line_31e99631"
                    TAGREFS="LT424"
                    BASELINE="193 939 863 939" 
                    HPOS="193"
                    VPOS="894"
                    WIDTH="670"
                    HEIGHT="53">
            <Shape><Polygon POINTS="859 898 726 894 725 894 657 899 639 901 638 899 633 896 633 894 632 894 630 894 629 894 557 899 542 901 538 899 519 894 518 894 516 894 456 901 449 901 447 901 433 894 432 894 431 894 429 894 415 901 414 901 401 894 400 894 399 894 397 894 378 901 377 901 374 901 336 894 335 894 193 901 193 939 193 947 863 947 863 939 863 919 859 898"/></Shape>
	    <String CONTENT="en grande reuerence, en memoire de la"
                    HPOS="193"
                    VPOS="894"
                    WIDTH="670"
                    HEIGHT="53"></String>
          </TextLine>

          
          
          <TextLine ID="eSc_line_3ba55f21"
                    TAGREFS="LT424"
                    BASELINE="191 985 861 985" 
                    HPOS="191"
                    VPOS="940"
                    WIDTH="670"
                    HEIGHT="63">
            <Shape><Polygon POINTS="806 940 793 940 790 940 774 945 772 945 751 940 742 940 729 940 716 940 703 940 690 940 678 940 665 940 652 940 639 940 630 940 626 944 624 945 617 944 589 940 588 940 575 940 571 940 556 944 551 945 550 944 543 940 537 940 524 940 523 940 479 944 456 945 438 944 410 940 409 940 396 940 388 940 367 943 348 945 191 943 191 985 191 995 269 995 276 1000 276 1002 277 1002 278 1002 280 1003 388 1003 388 1002 390 1002 391 1002 391 1000 397 995 436 1002 437 1002 475 995 513 1002 514 1003 600 1003 600 1002 601 1002 602 1002 612 995 742 1002 743 1002 744 1002 763 995 793 1002 794 1002 861 994 861 985 861 947 808 940 806 940"/></Shape>
	    <String CONTENT="mort ⁊ passion de Iesus Christ, repre-"
                    HPOS="191"
                    VPOS="940"
                    WIDTH="670"
                    HEIGHT="63"></String>
          </TextLine>

          
          
          <TextLine ID="eSc_line_f94fb95a"
                    TAGREFS="LT424"
                    BASELINE="191 1030 861 1032" 
                    HPOS="190"
                    VPOS="986"
                    WIDTH="671"
                    HEIGHT="55">
            <Shape><Polygon POINTS="396 986 392 986 391 986 390 986 388 986 371 993 346 986 345 986 344 986 342 986 339 986 280 993 266 986 264 986 263 986 231 993 198 986 191 986 191 1030 190 1041 859 1039 861 1032 858 993 432 993 399 986 396 986"/></Shape>
	    <String CONTENT="sentant lardente amour, ⁊ grande cha"
                    HPOS="190"
                    VPOS="986"
                    WIDTH="671"
                    HEIGHT="55"></String>
          </TextLine>

          
          
          <TextLine ID="eSc_line_534ab01b"
                    TAGREFS="LT424"
                    BASELINE="190 1078 859 1076" 
                    HPOS="189"
                    VPOS="1032"
                    WIDTH="670"
                    HEIGHT="55">
            <Shape><Polygon POINTS="829 1032 823 1032 795 1039 775 1032 765 1032 757 1032 703 1039 678 1032 675 1032 666 1032 660 1039 559 1032 557 1032 518 1041 385 1041 376 1032 374 1032 373 1032 266 1032 264 1032 263 1032 262 1032 254 1039 222 1032 221 1032 220 1032 189 1041 190 1078 190 1087 858 1085 859 1076 858 1040 835 1032 829 1032"/></Shape>
	    <String CONTENT="rite, dõt il nous a aymez: ⁊ son S. E-"
                    HPOS="189"
                    VPOS="1032"
                    WIDTH="670"
                    HEIGHT="55"></String>
          </TextLine>

          
          
          <TextLine ID="eSc_line_e0b3e0fc"
                    TAGREFS="LT424"
                    BASELINE="193 1127 862 1124" 
                    HPOS="191"
                    VPOS="1077"
                    WIDTH="671"
                    HEIGHT="61">
            <Shape><Polygon POINTS="857 1121 845 1085 756 1077 754 1077 742 1077 735 1077 717 1084 713 1085 707 1084 683 1078 681 1078 680 1078 669 1084 665 1085 664 1084 657 1077 652 1077 644 1077 610 1082 601 1084 593 1082 566 1077 562 1077 554 1077 538 1082 523 1087 474 1087 467 1081 463 1078 460 1078 451 1078 443 1081 424 1086 409 1080 404 1078 403 1078 401 1078 388 1080 351 1086 191 1078 193 1127 193 1138 861 1138 862 1124 859 1086 858 1085 857 1121"/></Shape>
	    <String CONTENT="sprit dont il nous a uiuifiez: Signi-"
                    HPOS="191"
                    VPOS="1077"
                    WIDTH="671"
                    HEIGHT="61"></String>
          </TextLine>

          
          
          <TextLine ID="eSc_line_4acef1ed"
                    TAGREFS="LT424"
                    BASELINE="191 1169 862 1173" 
                    HPOS="190"
                    VPOS="1126"
                    WIDTH="672"
                    HEIGHT="59">
            <Shape><Polygon POINTS="588 1126 587 1126 575 1126 562 1126 550 1126 542 1126 541 1126 539 1126 538 1126 532 1130 525 1133 498 1130 475 1127 474 1127 473 1127 465 1131 458 1133 442 1131 423 1127 422 1127 409 1127 401 1127 391 1131 387 1132 381 1131 362 1127 358 1127 345 1127 339 1127 323 1132 316 1133 191 1133 191 1169 190 1185 861 1185 862 1173 858 1127 836 1135 827 1127 826 1127 825 1127 823 1127 820 1127 765 1135 699 1128 684 1127 683 1127 681 1127 676 1128 648 1136 624 1128 617 1127 616 1127 615 1127 614 1127 610 1130 600 1135 593 1130 589 1126 588 1126"/></Shape>
	    <String CONTENT="fiant aussi lamour dont en uraye cha"
                    HPOS="190"
                    VPOS="1126"
                    WIDTH="672"
                    HEIGHT="59"></String>
          </TextLine>

          
          
          <TextLine ID="eSc_line_c6b4e6f3"
                    TAGREFS="LT424"
                    BASELINE="190 1218 862 1218" 
                    HPOS="190"
                    VPOS="1174"
                    WIDTH="672"
                    HEIGHT="58">
            <Shape><Polygon POINTS="190 1218 190 1225 211 1232 212 1232 213 1232 862 1225 862 1218 862 1182 665 1174 664 1174 662 1174 647 1182 474 1182 419 1174 418 1174 417 1174 400 1181 367 1174 365 1174 271 1181 222 1174 221 1174 190 1181 190 1218"/></Shape>
	    <String CONTENT="rite, nous debuons aymer les unz les"
                    HPOS="190"
                    VPOS="1174"
                    WIDTH="672"
                    HEIGHT="58"></String>
          </TextLine>

          
          
          <TextLine ID="eSc_line_85842901"
                    TAGREFS="LT424"
                    BASELINE="191 1264 861 1266" 
                    HPOS="190"
                    VPOS="1225"
                    WIDTH="671"
                    HEIGHT="68">
            <Shape><Polygon POINTS="191 1264 190 1277 304 1291 305 1292 501 1292 501 1291 556 1280 580 1289 582 1289 583 1289 584 1289 598 1286 607 1292 609 1292 610 1292 611 1292 612 1292 639 1282 652 1292 653 1292 655 1292 656 1293 692 1293 692 1292 739 1280 742 1280 858 1280 861 1266 859 1228 191 1225 191 1264"/></Shape>
	    <String CONTENT="autres, comme membres dun mesme"
                    HPOS="190"
                    VPOS="1225"
                    WIDTH="671"
                    HEIGHT="68"></String>
          </TextLine>

          
        </TextBlock>
        
        <TextBlock HPOS="718"
                   VPOS="1275"
                   WIDTH="142"
                   HEIGHT="57"
                   ID="eSc_textblock_4f2beeb9"
                   TAGREFS="BT1167">
          <Shape><Polygon POINTS="718 1275 718 1332 860 1332 860 1275"/></Shape>
          
          
          <TextLine ID="eSc_line_d5b6c587"
                    TAGREFS="LT424"
                    BASELINE="734 1314 857 1311" 
                    HPOS="734"
                    VPOS="1269"
                    WIDTH="123"
                    HEIGHT="88">
            <Shape><Polygon POINTS="852 1271 767 1269 766 1269 765 1269 742 1277 734 1305 734 1314 735 1352 797 1348 802 1348 839 1357 840 1357 841 1357 843 1357 857 1347 857 1311 854 1274 852 1271"/></Shape>
	    <String CONTENT="corps:"
                    HPOS="734"
                    VPOS="1269"
                    WIDTH="123"
                    HEIGHT="88"></String>
          </TextLine>

          
        </TextBlock>
        

        
      </PrintSpace>
    </Page>
  </Layout>
</alto>
