944 1530
250 45 483 62 De la transsubstantiation

151 102 674 65 docteurs ⁊ peres de leglise, en un ser-

154 153 670 58 mon quil a faict, de la Cene du Sei-

156 201 669 57 gneur, qui se commence Suscitati La-

155 248 669 55 zari Hierosolimis increpuerat rumor. Par

155 291 666 62 grandes ⁊ longues sentences dict ce q̃

154 336 670 63 iay briefuement touche, entre lesquel-

154 385 671 54 les il dict ainsi: Panem Angelorum sub

155 433 666 52 sacramento manducamus in terris: eundem

155 479 669 45 sine sacramẽto manifestius edemus in celis.

155 513 670 58 cest adire: Nous Chrestiens mangeõs

155 561 670 59 le pain des Anges (qui est le Christ de

154 608 671 61 dieu uiuant) soubz le sacrement en la

153 656 672 55 terre: mais nous le mangerõs au ciel

151 701 673 56 manifestement, sans couuerture de sa

151 748 667 59 crement. Et quil entend par manger,

151 794 664 62 luy mesme le declaire en iceluy sermõ,

154 842 676 54 ou il dict: Quod est esca carni/ hoc anime

154 887 673 51 est fides/ quod cibus corpori/ hoc uerbum spi

151 924 676 64 ritui cest adire, ce que la uiande faict a

150 972 677 62 la chair, la foy le faict a lame, ⁊ ce que

150 1018 679 68 la uiande faict au corps, la parolle de

154 1067 406 66 Dieu le faict a lesprit.

219 1118 614 66 Quant a la propriete du pain, il

154 1170 676 57 fault biẽ noter, que la nature ⁊ condi-

154 1216 677 70 tion du pain, ⁊ du uin, quant a leur

677 1263 154 74 premie-
