<?xml version="1.0" encoding="UTF-8"?>
<alto xmlns:xsi="http://www.w3.org/2001/XMLSchema-instance"
      xmlns="http://www.loc.gov/standards/alto/ns-v4#"
      xsi:schemaLocation="http://www.loc.gov/standards/alto/ns-v4# http://www.loc.gov/standards/alto/v4/alto-4-2.xsd">
  <Description>
    <MeasurementUnit>pixel</MeasurementUnit>
    <sourceImageInformation>
      <fileName>CRRjm23.pdf_page_65.png</fileName>
      
    </sourceImageInformation>
  </Description>
  
  <Tags>
    <OtherTag ID="BT1166" LABEL="MarginTextZone:handwrittenAddition" DESCRIPTION="block type MarginTextZone:handwrittenAddition"/><OtherTag ID="BT1167" LABEL="QuireMarksZone" DESCRIPTION="block type QuireMarksZone"/><OtherTag ID="BT1168" LABEL="MainZone" DESCRIPTION="block type MainZone"/><OtherTag ID="BT1169" LABEL="GraphicZone" DESCRIPTION="block type GraphicZone"/><OtherTag ID="BT1170" LABEL="TitlePageZone" DESCRIPTION="block type TitlePageZone"/><OtherTag ID="BT1171" LABEL="DropCapitalZone" DESCRIPTION="block type DropCapitalZone"/><OtherTag ID="BT1172" LABEL="StampZone" DESCRIPTION="block type StampZone"/><OtherTag ID="BT1173" LABEL="TableZone" DESCRIPTION="block type TableZone"/><OtherTag ID="BT1174" LABEL="DamageZone" DESCRIPTION="block type DamageZone"/><OtherTag ID="BT1175" LABEL="MarginTextZone" DESCRIPTION="block type MarginTextZone"/>
    <OtherTag ID="LT424" LABEL="DefaultLine" DESCRIPTION="line type DefaultLine"/><OtherTag ID="LT425" LABEL="HeadingLine" DESCRIPTION="line type HeadingLine"/><OtherTag ID="LT426" LABEL="DropCapitalLine" DESCRIPTION="line type DropCapitalLine"/>
  </Tags>
  
  <Layout>
    <Page WIDTH="988"
          HEIGHT="1528"
          PHYSICAL_IMG_NR="64"
          ID="eSc_dummypage_">
      <PrintSpace HPOS="0"
                  VPOS="0"
                  WIDTH="988"
                  HEIGHT="1528">
        
        <TextBlock HPOS="173"
                   VPOS="48"
                   WIDTH="717"
                   HEIGHT="1243"
                   ID="eSc_textblock_53610796"
                   TAGREFS="BT1168">
          <Shape><Polygon POINTS="173 48 175 1291 882 1283 890 48"/></Shape>
          
          
          <TextLine ID="eSc_line_02e6f699"
                    TAGREFS="LT425"
                    BASELINE="381 96 645 94" 
                    HPOS="378"
                    VPOS="48"
                    WIDTH="265"
                    HEIGHT="65">
            <Shape><Polygon POINTS="608 48 595 48 582 48 569 48 557 48 544 48 531 48 518 48 506 48 493 48 485 50 480 48 480 48 467 48 455 48 447 48 438 50 421 48 416 48 404 48 391 48 381 48 378 50 379 95 379 105 508 113 509 113 548 112 549 112 550 112 550 110 558 104 560 104 606 110 608 110 642 103 643 92 641 49 614 48 608 48"/></Shape>
	    <String CONTENT="De lassistence"
                    HPOS="378"
                    VPOS="48"
                    WIDTH="265"
                    HEIGHT="65"></String>
          </TextLine>

          
          
          <TextLine ID="eSc_line_57bf4157"
                    TAGREFS="LT424"
                    BASELINE="192 157 386 152 863 156" 
                    HPOS="191"
                    VPOS="100"
                    WIDTH="672"
                    HEIGHT="69">
            <Shape><Polygon POINTS="828 118 815 117 803 115 790 115 777 114 764 113 752 112 739 110 726 109 713 109 701 108 688 106 679 101 660 101 659 101 657 101 656 101 646 109 645 110 458 110 457 109 437 100 435 100 434 100 433 100 407 108 400 100 399 100 397 100 356 100 356 101 348 101 322 108 314 101 305 103 297 103 280 106 267 103 267 104 254 104 242 104 234 104 225 108 221 105 216 105 203 105 196 105 192 106 192 157 191 166 224 161 234 168 235 168 237 168 238 168 239 168 240 168 266 161 354 166 378 168 379 168 381 168 386 166 406 161 435 166 457 169 458 169 475 165 490 162 517 165 555 169 557 169 590 164 606 162 657 164 824 169 826 169 861 161 863 156 832 118 828 118"/></Shape>
	    <String CONTENT="passages est simplem̃t dit, une mesme"
                    HPOS="191"
                    VPOS="100"
                    WIDTH="672"
                    HEIGHT="69"></String>
          </TextLine>

          
          
          <TextLine ID="eSc_line_6180651e"
                    TAGREFS="LT424"
                    BASELINE="191 197 863 201" 
                    HPOS="189"
                    VPOS="154"
                    WIDTH="674"
                    HEIGHT="61">
            <Shape><Polygon POINTS="750 156 744 156 736 160 729 164 665 164 647 160 623 155 623 155 610 155 585 160 572 161 552 160 495 154 494 154 493 154 492 154 485 160 483 162 418 162 416 160 411 154 410 154 406 154 400 154 374 160 369 160 364 160 336 154 330 155 317 155 313 155 288 160 284 160 283 160 275 156 266 156 257 156 253 160 252 160 249 160 237 156 228 157 215 157 202 157 201 156 191 159 191 197 189 203 207 212 209 212 210 213 279 213 279 212 280 212 281 212 281 211 289 205 328 212 330 212 331 212 359 205 372 212 373 212 374 212 376 212 427 206 435 213 437 213 438 213 439 213 479 206 481 206 490 206 638 215 639 215 641 215 665 208 669 207 671 208 688 215 689 215 690 215 861 210 863 201 860 160 775 162 764 160 754 156 750 156"/></Shape>
	    <String CONTENT="chose de la foy, ⁊ de ce mãger, ⁊ q̃ croi-"
                    HPOS="189"
                    VPOS="154"
                    WIDTH="674"
                    HEIGHT="61"></String>
          </TextLine>

          
          
          <TextLine ID="eSc_line_2515408f"
                    TAGREFS="LT424"
                    BASELINE="191 244 863 247" 
                    HPOS="189"
                    VPOS="198"
                    WIDTH="674"
                    HEIGHT="64">
            <Shape><Polygon POINTS="712 201 703 201 692 206 680 201 674 201 661 201 648 201 646 199 646 201 614 206 597 202 590 199 588 199 587 199 572 202 549 206 539 202 532 199 521 199 517 199 512 202 508 205 503 202 497 199 495 199 483 199 472 199 456 202 443 205 441 202 437 199 432 199 419 199 406 198 396 198 385 203 379 205 374 203 359 198 355 198 348 198 336 203 331 205 326 203 311 198 304 198 299 198 286 203 283 205 191 205 191 244 189 255 860 262 863 247 860 201 736 206 719 201 712 201"/></Shape>
	    <String CONTENT="re en Iesꝰ Christ, uenir a Iesꝰ Christ"
                    HPOS="189"
                    VPOS="198"
                    WIDTH="674"
                    HEIGHT="64"></String>
          </TextLine>

          
          
          <TextLine ID="eSc_line_d1e2713d"
                    TAGREFS="LT424"
                    BASELINE="192 290 860 294" 
                    HPOS="191"
                    VPOS="247"
                    WIDTH="669"
                    HEIGHT="61">
            <Shape><Polygon POINTS="192 290 191 300 196 304 197 304 198 304 200 304 263 299 316 305 317 305 318 305 342 299 349 304 349 305 350 305 351 305 513 306 515 306 567 303 610 300 857 308 860 294 859 253 192 247 192 290"/></Shape>
	    <String CONTENT="le mãger ⁊ boire, cest tout un. Autre-"
                    HPOS="191"
                    VPOS="247"
                    WIDTH="669"
                    HEIGHT="61"></String>
          </TextLine>

          
          
          <TextLine ID="eSc_line_5b0727f2"
                    TAGREFS="LT424"
                    BASELINE="193 337 861 339" 
                    HPOS="192"
                    VPOS="296"
                    WIDTH="669"
                    HEIGHT="56">
            <Shape><Polygon POINTS="193 337 192 342 529 352 530 352 569 346 648 346 662 352 664 352 665 352 666 352 693 346 713 352 715 352 716 352 860 345 861 339 860 299 193 296 193 337"/></Shape>
	    <String CONTENT="mẽt la p̃miere ꝓpositiõ (cest assauoir"
                    HPOS="192"
                    VPOS="296"
                    WIDTH="669"
                    HEIGHT="56"></String>
          </TextLine>

          
          
          <TextLine ID="eSc_line_4c8b7999"
                    TAGREFS="LT424"
                    BASELINE="195 382 865 387" 
                    HPOS="193"
                    VPOS="338"
                    WIDTH="672"
                    HEIGHT="64">
            <Shape><Polygon POINTS="781 339 768 339 759 339 733 343 717 346 712 343 704 339 692 339 688 339 679 343 673 345 665 342 657 339 653 339 641 339 634 339 623 342 609 345 604 341 602 339 590 339 577 339 564 339 562 339 560 341 555 345 460 345 450 338 437 338 424 338 418 338 387 343 374 338 373 338 360 338 348 338 346 338 334 343 226 343 211 338 207 338 195 338 195 382 193 396 348 392 359 398 359 399 360 399 362 399 363 399 383 399 507 393 526 399 529 401 530 401 531 401 541 401 594 394 601 401 602 401 604 401 605 401 622 401 796 396 863 402 865 387 865 347 784 339 781 339"/></Shape>
	    <String CONTENT="q̃ quiconq̃ croit en Iesꝰ Christ, a la uie"
                    HPOS="193"
                    VPOS="338"
                    WIDTH="672"
                    HEIGHT="64"></String>
          </TextLine>

          
          
          <TextLine ID="eSc_line_d0c0e14f"
                    TAGREFS="LT424"
                    BASELINE="195 429 865 432" 
                    HPOS="193"
                    VPOS="384"
                    WIDTH="672"
                    HEIGHT="62">
            <Shape><Polygon POINTS="554 385 553 385 552 385 552 387 546 392 545 393 501 393 494 390 465 385 464 385 432 390 424 392 421 390 409 384 407 384 406 384 405 384 386 390 385 390 382 390 337 384 336 384 195 389 195 429 193 435 220 443 221 443 223 443 318 438 330 438 350 439 467 445 469 445 470 445 488 440 497 439 507 441 527 445 529 445 550 441 566 439 569 441 573 445 574 445 576 445 708 446 710 446 711 446 712 446 715 444 722 440 799 440 820 446 822 446 823 446 824 446 826 446 827 446 827 445 833 440 863 446 865 432 864 393 586 393 582 392 555 385 554 385"/></Shape>
	    <String CONTENT="eternelle) seroit faulcee, par ceste tier-"
                    HPOS="193"
                    VPOS="384"
                    WIDTH="672"
                    HEIGHT="62"></String>
          </TextLine>

          
          
          <TextLine ID="eSc_line_8998a219"
                    TAGREFS="LT424"
                    BASELINE="197 473 865 478" 
                    HPOS="196"
                    VPOS="430"
                    WIDTH="669"
                    HEIGHT="64">
            <Shape><Polygon POINTS="715 432 713 432 712 432 703 439 702 439 701 439 694 432 685 432 674 438 671 439 659 438 606 432 605 432 604 432 602 432 596 438 595 439 591 438 572 431 571 431 569 431 494 436 493 436 486 431 478 431 465 436 461 439 387 439 385 436 381 432 381 431 379 431 378 431 377 431 327 435 312 436 309 435 302 430 300 430 299 430 298 430 297 430 295 430 288 435 284 436 197 435 197 473 196 480 246 490 247 490 409 485 460 483 484 486 531 492 532 492 590 488 647 485 683 491 704 494 706 494 722 491 755 486 863 494 865 478 864 440 716 432 715 432"/></Shape>
	    <String CONTENT="ce qui ensuyt. En uerite en uerite ie"
                    HPOS="196"
                    VPOS="430"
                    WIDTH="669"
                    HEIGHT="64"></String>
          </TextLine>

          
          
          <TextLine ID="eSc_line_430fd6a5"
                    TAGREFS="LT424"
                    BASELINE="197 520 868 523" 
                    HPOS="196"
                    VPOS="477"
                    WIDTH="672"
                    HEIGHT="61">
            <Shape><Polygon POINTS="801 478 800 478 799 478 798 478 772 485 768 486 764 485 745 478 744 478 743 478 741 478 717 485 710 486 679 483 622 480 620 480 604 482 587 486 580 482 572 478 571 478 569 478 568 478 560 482 553 486 517 481 501 480 499 480 498 480 492 481 476 485 466 481 457 477 456 477 455 477 437 480 413 485 339 478 314 477 313 477 302 478 253 485 197 477 197 520 196 528 243 537 244 537 388 532 424 530 457 533 536 538 537 538 564 534 580 532 583 534 587 538 588 538 590 538 591 538 592 538 606 534 619 532 780 537 817 538 818 538 819 538 820 538 836 532 865 538 868 523 868 486 841 480 840 480 838 480 837 480 814 486 813 486 803 478 801 478"/></Shape>
	    <String CONTENT="uous dis, se uous ne mangez la chair"
                    HPOS="196"
                    VPOS="477"
                    WIDTH="672"
                    HEIGHT="61"></String>
          </TextLine>

          
          
          <TextLine ID="eSc_line_9d075329"
                    TAGREFS="LT424"
                    BASELINE="196 565 865 570" 
                    HPOS="195"
                    VPOS="522"
                    WIDTH="670"
                    HEIGHT="67">
            <Shape><Polygon POINTS="323 522 196 525 196 565 195 574 251 584 252 584 285 576 286 576 295 584 297 584 298 584 299 584 358 579 381 585 382 585 383 585 385 585 409 579 414 578 415 579 423 585 424 585 425 585 427 585 495 580 511 580 527 581 576 587 577 587 578 587 580 587 585 583 591 579 615 583 629 585 631 585 647 584 693 579 697 584 698 584 698 585 699 585 701 585 702 585 712 585 804 580 817 588 818 588 819 588 820 589 864 589 865 570 864 533 745 525 744 525 706 530 697 532 687 530 636 524 574 524 573 524 572 524 571 524 564 529 562 530 430 530 429 528 424 524 424 523 423 523 421 523 420 523 382 528 369 529 358 528 325 522 323 522"/></Shape>
	    <String CONTENT="du filz de lhomme, ⁊ se uoꝰ ne beuuez"
                    HPOS="195"
                    VPOS="522"
                    WIDTH="670"
                    HEIGHT="67"></String>
          </TextLine>

          
          
          <TextLine ID="eSc_line_60e32131"
                    TAGREFS="LT424"
                    BASELINE="200 613 864 616" 
                    HPOS="198"
                    VPOS="570"
                    WIDTH="666"
                    HEIGHT="62">
            <Shape><Polygon POINTS="200 613 198 622 239 630 240 630 438 626 522 625 525 627 529 630 529 631 530 631 531 631 532 632 863 632 864 616 863 579 770 571 768 571 710 578 701 578 694 576 662 571 661 571 660 571 647 576 645 579 535 579 529 575 512 570 511 570 509 570 508 570 507 570 499 575 497 576 481 575 419 570 418 570 200 573 200 613"/></Shape>
	    <String CONTENT="son sang, uous naurez point uie en"
                    HPOS="198"
                    VPOS="570"
                    WIDTH="666"
                    HEIGHT="62"></String>
          </TextLine>

          
          
          <TextLine ID="eSc_line_63aed388"
                    TAGREFS="LT424"
                    BASELINE="198 660 861 664" 
                    HPOS="197"
                    VPOS="616"
                    WIDTH="664"
                    HEIGHT="61">
            <Shape><Polygon POINTS="198 660 197 667 262 676 263 677 860 677 861 664 860 625 527 625 521 622 489 617 488 617 486 617 475 622 474 623 471 622 460 617 458 617 457 617 430 622 424 623 420 622 402 616 401 616 400 616 399 616 385 622 383 622 363 616 362 616 360 616 198 621 198 660"/></Shape>
	    <String CONTENT="uous: Et toutesfoys par auant il af-"
                    HPOS="197"
                    VPOS="616"
                    WIDTH="664"
                    HEIGHT="61"></String>
          </TextLine>

          
          
          <TextLine ID="eSc_line_a192242d"
                    TAGREFS="LT424"
                    BASELINE="197 707 865 711" 
                    HPOS="196"
                    VPOS="667"
                    WIDTH="669"
                    HEIGHT="58">
            <Shape><Polygon POINTS="197 707 196 720 252 716 260 723 261 723 262 723 263 723 265 723 266 723 280 716 358 723 362 723 363 723 364 723 391 716 415 723 418 724 419 724 420 724 421 724 424 724 442 718 455 724 456 724 457 724 458 724 460 724 462 724 485 718 516 724 520 724 521 724 529 724 606 718 625 724 627 724 628 724 629 724 642 718 687 725 693 725 694 725 698 725 726 719 863 725 865 711 865 669 197 667 197 707"/></Shape>
	    <String CONTENT="ferme, que quiconque croit en luy a la"
                    HPOS="196"
                    VPOS="667"
                    WIDTH="669"
                    HEIGHT="58"></String>
          </TextLine>

          
          
          <TextLine ID="eSc_line_3c62a469"
                    TAGREFS="LT424"
                    BASELINE="201 753 861 757" 
                    HPOS="200"
                    VPOS="709"
                    WIDTH="661"
                    HEIGHT="63">
            <Shape><Polygon POINTS="569 710 568 710 555 716 553 718 423 718 419 715 406 709 405 709 404 709 372 715 369 715 364 715 293 709 291 709 290 709 279 715 277 715 276 715 258 709 257 709 256 709 201 714 201 753 200 764 331 762 337 765 344 770 345 770 346 770 348 770 349 770 363 765 368 764 379 765 411 770 413 770 434 765 442 764 443 765 451 771 452 771 453 771 455 772 550 772 550 771 552 771 553 771 562 765 564 765 618 771 619 771 620 771 637 765 639 764 643 765 662 772 664 772 665 772 699 765 719 772 720 772 721 772 722 772 740 766 777 772 778 772 860 764 861 757 860 718 571 710 569 710"/></Shape>
	    <String CONTENT="uie eternelle. Parquoy il sensuyt in-"
                    HPOS="200"
                    VPOS="709"
                    WIDTH="661"
                    HEIGHT="63"></String>
          </TextLine>

          
          
          <TextLine ID="eSc_line_3cae8425"
                    TAGREFS="LT424"
                    BASELINE="198 799 868 803" 
                    HPOS="197"
                    VPOS="755"
                    WIDTH="671"
                    HEIGHT="63">
            <Shape><Polygon POINTS="861 757 860 757 842 764 819 757 810 757 804 757 778 764 716 757 708 757 696 757 692 757 684 765 655 765 647 757 645 757 633 756 617 762 577 757 569 756 568 756 555 756 554 756 548 757 518 764 456 764 448 757 447 756 441 756 435 756 429 757 410 762 350 762 342 757 339 755 339 755 326 755 313 755 300 755 299 755 198 757 198 799 197 811 409 814 410 814 411 814 413 814 418 811 421 808 428 811 441 816 442 816 443 816 471 811 481 809 492 811 525 816 526 816 527 816 548 811 554 809 560 811 585 816 586 816 613 811 619 809 622 811 632 816 633 816 634 816 721 811 724 811 739 817 740 817 741 818 828 818 828 817 866 809 868 803 864 756 861 756 861 757"/></Shape>
	    <String CONTENT="falliblement que mãger la chair ⁊ boi"
                    HPOS="197"
                    VPOS="755"
                    WIDTH="671"
                    HEIGHT="63"></String>
          </TextLine>

          
          
          <TextLine ID="eSc_line_e4502f71"
                    TAGREFS="LT424"
                    BASELINE="197 848 861 853" 
                    HPOS="196"
                    VPOS="800"
                    WIDTH="665"
                    HEIGHT="67">
            <Shape><Polygon POINTS="790 803 707 811 697 811 694 811 685 803 682 803 673 803 641 809 625 802 624 802 623 802 580 809 574 809 569 809 516 802 516 802 503 802 497 802 448 808 444 808 316 808 316 807 307 800 299 800 286 800 284 800 197 806 197 848 196 859 543 859 549 864 549 865 550 865 552 865 553 865 690 859 693 859 719 867 720 867 721 867 722 867 738 860 752 867 753 867 754 867 755 867 775 860 849 867 850 867 851 867 852 867 860 859 861 853 860 812 791 803 790 803"/></Shape>
	    <String CONTENT="re le sang de Iesꝰ Christ, uenir a luy,"
                    HPOS="196"
                    VPOS="800"
                    WIDTH="665"
                    HEIGHT="67"></String>
          </TextLine>

          
          
          <TextLine ID="eSc_line_ddfad901"
                    TAGREFS="LT424"
                    BASELINE="200 897 870 895" 
                    HPOS="198"
                    VPOS="850"
                    WIDTH="672"
                    HEIGHT="61">
            <Shape><Polygon POINTS="823 853 810 853 798 853 785 853 772 853 759 853 747 853 741 853 693 856 687 851 683 851 670 851 657 851 645 851 637 851 629 856 619 851 606 851 605 851 600 856 587 851 581 851 576 851 555 856 543 851 543 851 530 851 522 850 479 858 407 850 406 850 405 850 404 850 404 851 396 858 358 851 356 851 355 851 342 858 334 850 332 850 331 850 297 850 295 850 294 850 293 850 285 858 257 850 256 850 254 850 198 859 200 897 200 910 262 902 362 902 373 910 374 910 376 910 377 910 378 910 379 910 395 902 419 909 421 910 423 910 424 910 430 909 462 904 470 909 470 910 471 910 472 910 474 911 534 911 534 910 535 910 537 909 552 901 624 909 636 909 637 909 647 907 702 902 869 906 870 895 868 858 824 853 823 853"/></Shape>
	    <String CONTENT="⁊ croire en luy, cest totallement une"
                    HPOS="198"
                    VPOS="850"
                    WIDTH="672"
                    HEIGHT="61"></String>
          </TextLine>

          
          
          <TextLine ID="eSc_line_00c9ba09"
                    TAGREFS="LT424"
                    BASELINE="197 940 863 944" 
                    HPOS="196"
                    VPOS="896"
                    WIDTH="667"
                    HEIGHT="61">
            <Shape><Polygon POINTS="845 896 843 896 809 902 733 896 720 896 713 896 706 902 706 904 642 904 638 902 611 896 605 896 592 896 580 896 567 896 560 896 483 901 475 901 474 901 469 897 465 897 452 897 444 897 428 901 425 901 421 897 414 897 401 897 392 897 382 900 376 897 376 897 363 897 350 897 337 897 328 897 313 900 311 900 308 900 297 897 286 897 274 897 261 897 258 897 252 900 249 900 197 900 197 940 196 952 327 948 358 955 360 955 362 955 363 955 364 955 383 948 396 955 397 955 399 955 400 955 418 948 443 955 448 956 450 956 451 956 452 956 456 955 476 949 497 955 501 956 502 956 503 956 511 955 545 949 572 956 576 956 577 957 861 957 863 944 863 904 846 896 845 896"/></Shape>
	    <String CONTENT="mesme chose. Et nest homme uiuant,"
                    HPOS="196"
                    VPOS="896"
                    WIDTH="667"
                    HEIGHT="61"></String>
          </TextLine>

          
          
          <TextLine ID="eSc_line_3a5e8752"
                    TAGREFS="LT424"
                    BASELINE="198 985 869 989" 
                    HPOS="197"
                    VPOS="942"
                    WIDTH="672"
                    HEIGHT="60">
            <Shape><Polygon POINTS="810 944 798 944 785 944 772 944 759 944 747 944 741 944 740 946 738 948 731 946 727 944 721 944 711 944 710 946 704 948 664 946 618 943 606 943 594 943 588 943 581 946 577 947 572 946 562 943 555 943 543 943 539 943 536 946 535 948 507 948 501 946 490 943 479 943 466 943 462 943 456 946 451 947 443 946 432 943 428 943 415 942 402 942 401 942 397 946 392 942 390 942 377 942 373 942 364 946 363 946 355 946 319 942 313 942 300 942 288 942 275 942 274 942 268 946 267 946 266 946 257 942 249 942 237 942 228 942 198 944 198 985 197 990 225 999 226 999 228 999 406 993 443 1000 444 1000 622 994 794 1002 795 1002 868 994 869 989 868 947 820 944 810 944"/></Shape>
	    <String CONTENT="tãt soit subtil ⁊ fin (si du tout nest hors"
                    HPOS="197"
                    VPOS="942"
                    WIDTH="672"
                    HEIGHT="60"></String>
          </TextLine>

          
          
          <TextLine ID="eSc_line_cd02a37f"
                    TAGREFS="LT424"
                    BASELINE="198 1032 869 1036" 
                    HPOS="197"
                    VPOS="986"
                    WIDTH="672"
                    HEIGHT="65">
            <Shape><Polygon POINTS="827 989 826 989 824 989 804 995 768 989 766 989 764 989 763 989 745 995 673 989 670 989 668 989 666 989 665 989 646 995 632 989 628 988 627 988 625 988 618 989 594 994 569 989 560 988 559 988 558 988 557 988 555 989 548 995 452 995 429 989 415 986 414 986 397 989 378 993 198 990 198 1032 197 1047 272 1049 274 1049 275 1049 276 1049 299 1041 339 1049 341 1049 342 1049 344 1049 364 1041 370 1047 370 1049 372 1049 373 1049 520 1050 521 1050 522 1050 523 1050 537 1042 586 1049 587 1049 588 1049 590 1049 597 1042 638 1050 645 1051 646 1051 647 1051 650 1051 676 1044 866 1051 869 1036 865 989 845 995 828 989 827 989"/></Shape>
	    <String CONTENT="du sens) qui sceust dire du cõtraire. Et"
                    HPOS="197"
                    VPOS="986"
                    WIDTH="672"
                    HEIGHT="65"></String>
          </TextLine>

          
          
          <TextLine ID="eSc_line_819dd254"
                    TAGREFS="LT424"
                    BASELINE="201 1079 870 1082" 
                    HPOS="200"
                    VPOS="1033"
                    WIDTH="670"
                    HEIGHT="65">
            <Shape><Polygon POINTS="711 1036 698 1036 692 1036 685 1042 684 1044 625 1044 624 1042 619 1037 619 1036 618 1036 617 1036 615 1036 614 1036 600 1042 599 1042 594 1042 543 1035 532 1035 531 1035 523 1041 396 1035 395 1035 393 1035 379 1041 370 1033 369 1033 368 1033 367 1033 365 1033 340 1041 339 1041 327 1033 326 1033 325 1033 323 1033 201 1040 201 1079 200 1089 215 1096 216 1096 217 1096 328 1088 339 1088 341 1088 363 1096 364 1096 365 1097 443 1097 443 1096 504 1088 509 1088 516 1088 585 1097 586 1098 655 1098 655 1097 656 1097 657 1097 657 1096 664 1089 680 1096 682 1096 683 1096 824 1089 849 1097 850 1097 851 1097 852 1097 869 1088 870 1082 870 1044 721 1036 711 1036"/></Shape>
	    <String CONTENT="qui soit uray, combien de milles den-"
                    HPOS="200"
                    VPOS="1033"
                    WIDTH="670"
                    HEIGHT="65"></String>
          </TextLine>

          
          
          <TextLine ID="eSc_line_caee0d76"
                    TAGREFS="LT424"
                    BASELINE="201 1125 871 1129" 
                    HPOS="200"
                    VPOS="1082"
                    WIDTH="671"
                    HEIGHT="61">
            <Shape><Polygon POINTS="201 1125 200 1138 349 1134 458 1138 558 1142 559 1142 582 1138 592 1135 600 1137 615 1142 617 1142 618 1142 758 1137 762 1137 763 1137 795 1143 796 1143 835 1137 852 1143 854 1143 855 1143 856 1143 870 1135 871 1129 869 1086 759 1091 712 1086 694 1084 693 1084 682 1086 648 1092 545 1087 466 1083 465 1083 443 1087 425 1091 387 1088 314 1082 313 1082 312 1082 286 1088 280 1089 201 1089 201 1125"/></Shape>
	    <String CONTENT="fans, ieunes, adolescens, ⁊ autres per"
                    HPOS="200"
                    VPOS="1082"
                    WIDTH="671"
                    HEIGHT="61"></String>
          </TextLine>

          
          
          <TextLine ID="eSc_line_f7249779"
                    TAGREFS="LT424"
                    BASELINE="203 1171 871 1175" 
                    HPOS="202"
                    VPOS="1126"
                    WIDTH="669"
                    HEIGHT="63">
            <Shape><Polygon POINTS="866 1129 854 1129 841 1129 828 1129 815 1129 803 1129 801 1129 800 1129 799 1129 798 1129 787 1137 734 1129 726 1129 725 1129 724 1129 721 1129 703 1137 687 1130 684 1129 683 1129 682 1129 680 1129 675 1130 648 1137 604 1130 599 1130 597 1130 583 1130 506 1135 501 1131 498 1129 498 1128 497 1128 495 1128 494 1128 493 1128 480 1131 466 1135 379 1133 228 1126 226 1126 225 1126 203 1133 203 1171 202 1185 540 1188 541 1188 576 1184 594 1181 597 1184 602 1188 604 1188 605 1188 606 1188 738 1182 749 1182 750 1182 777 1189 778 1189 780 1189 781 1189 804 1182 827 1189 828 1189 829 1189 831 1189 832 1189 838 1184 843 1188 843 1189 845 1189 846 1189 847 1189 849 1189 870 1181 871 1175 870 1129 866 1129"/></Shape>
	    <String CONTENT="sonnages ont este, sont, ⁊ serõt en uie"
                    HPOS="202"
                    VPOS="1126"
                    WIDTH="669"
                    HEIGHT="63"></String>
          </TextLine>

          
          
          <TextLine ID="eSc_line_829b5fe2"
                    TAGREFS="LT424"
                    BASELINE="201 1218 875 1221" 
                    HPOS="200"
                    VPOS="1176"
                    WIDTH="675"
                    HEIGHT="57">
            <Shape><Polygon POINTS="201 1218 200 1227 209 1232 210 1232 211 1232 212 1233 874 1233 875 1221 873 1176 201 1179 201 1218"/></Shape>
	    <String CONTENT="eternelle, qui iamais corporellemẽt ne"
                    HPOS="200"
                    VPOS="1176"
                    WIDTH="675"
                    HEIGHT="57"></String>
          </TextLine>

          
          
          <TextLine ID="eSc_line_4bd63c3e"
                    TAGREFS="LT424"
                    BASELINE="200 1261 866 1261" 
                    HPOS="198"
                    VPOS="1221"
                    WIDTH="667"
                    HEIGHT="81">
            <Shape><Polygon POINTS="198 1260 198 1289 279 1287 286 1289 303 1294 304 1294 305 1294 307 1294 308 1294 308 1293 313 1289 317 1286 323 1289 335 1297 336 1297 337 1297 339 1297 340 1297 360 1288 362 1288 379 1301 381 1301 382 1301 383 1302 457 1302 457 1301 458 1301 460 1301 471 1293 512 1301 513 1301 515 1301 544 1287 550 1284 572 1284 577 1287 600 1301 601 1301 602 1301 604 1301 673 1293 716 1301 717 1301 719 1301 750 1286 865 1283 865 1260 865 1227 223 1221 221 1221 220 1221 198 1227 198 1260"/></Shape>
	    <String CONTENT="mangerẽt de ce pain uisible, ny ne beu"
                    HPOS="198"
                    VPOS="1221"
                    WIDTH="667"
                    HEIGHT="81"></String>
          </TextLine>

          
        </TextBlock>
        
        <TextBlock HPOS="771"
                   VPOS="1272"
                   WIDTH="115"
                   HEIGHT="63"
                   ID="eSc_textblock_e420c31f"
                   TAGREFS="BT1167">
          <Shape><Polygon POINTS="886 1333 886 1272 771 1272 771 1335"/></Shape>
          
          
          <TextLine ID="eSc_line_4156f2f3"
                    TAGREFS="LT424"
                    BASELINE="784 1311 875 1314" 
                    HPOS="782"
                    VPOS="1270"
                    WIDTH="93"
                    HEIGHT="77">
            <Shape><Polygon POINTS="873 1303 865 1283 831 1270 829 1270 828 1270 827 1270 791 1283 784 1307 784 1311 782 1347 874 1343 875 1314 875 1287 874 1286 873 1303"/></Shape>
	    <String CONTENT="rent"
                    HPOS="782"
                    VPOS="1270"
                    WIDTH="93"
                    HEIGHT="77"></String>
          </TextLine>

          
        </TextBlock>
        
        <TextBlock HPOS="82"
                   VPOS="726"
                   WIDTH="104"
                   HEIGHT="62"
                   ID="eSc_textblock_b8868138"
                   TAGREFS="BT1169">
          <Shape><Polygon POINTS="82 726 82 788 186 782 184 726"/></Shape>
          
        </TextBlock>
        

        
      </PrintSpace>
    </Page>
  </Layout>
</alto>
