1004 1556
361 98 195 48 corporelle.

53 147 736 65 le ou corporelle, comme ont p̃sche ces

62 197 727 63 caffars, q̃ non seulemẽt Iesus Christ

66 245 720 53 est la present reallement en corps ⁊ en

72 290 720 58 ame: mais aussi (qͥ plus est) les An-

81 335 706 59 ges, sainct ⁊ sainctes, ⁊ toute la court

84 382 709 60 celeste. En quoy ilz monstrent totalle

90 427 701 59 ment lefficace derreur, ou ilz sont tomt

94 473 698 62 bez, ⁊ nõt point tant dentendemẽt de

99 519 692 60 congnoistre que eulx mesmes se con-

105 566 686 58 fondẽt. Car ainsi que par leur dict, ilz

108 612 683 58 mettent ⁊ multiplient le corps de Ie-

114 658 674 61 sus Christ, en plusieurs lieux tout en

121 709 668 56 un coup, ainsi fault il donc que tous

120 752 668 61 les Anges, tous les sainctz ⁊ sainctes

123 798 666 52 de dieu, soyent en plusieurs lieux tout

129 844 657 62 pour un temps. Et silz sont si eshon-

131 892 655 58 tez de le cõceder: ie leur demãde le pas-

136 936 652 59 sage de la parolle de Dieu, ou ilz ont

137 985 649 60 trouue cecy. Et comme ainsi soit quilz

141 1029 642 62 nen ayent point, ie les deteste comme

146 1077 568 58 songeurs ⁊ menteurs execrables.

188 1119 592 63 Et si on ameyne le .ui. chapitre de

149 1168 631 61 S. Iehan, ou il est dit ainsi. Ie suis le

151 1218 625 55 pain uiuant, qui est descendu du ciel.

147 1260 636 67 Si aucun mange de ce pain, il uiura

518 1310 262 68 D 4 eter-

788 1161 120 103 Iehã.6.
