980 1538
316 61 257 56 de Lautheur.

139 112 689 68 telle ⁊ saincte natiuite de son filz, leq̃l

141 164 682 59 nest point incontinent uenu apres la

142 208 677 62 trãsgression de Adam: mais a longue

142 255 678 64 mẽt attẽduz, ⁊ ꝑ lespace de plꝰ de troys

142 301 678 62 mille ans, a delaisse le monde en ydo-

142 347 677 63 latrie . Ce nonobstant, quand la pleni-

144 393 678 59 tude du temps ordõne de Dieu a este

146 443 674 61 accomplye, alors il a enuoye son filz

139 489 679 59 faict dune femme, faict soubz la loy,

146 535 676 67 afin quil rachetast ceulx qui estoyent

147 584 235 64 soubz la loy.

188 625 636 68 Or apres noꝰ auoir faict ceste grã-

144 675 679 61 de misericorde, ne seroit ce pas gros or

146 721 676 63 gueil ⁊ malheureuse ingratitude, au

146 769 672 61 lieu de luy rẽdre graces ⁊ mercys, poͬ

150 812 672 64 une tant begnigne ⁊ charitable dile-

148 859 678 63 ction (par laquelle il a dõne son seul

148 907 676 63 filz) de dire: Pourquoy a il tant at-

148 953 675 63 tẽdu de uenir, q̃ nest il uenu plustost.

200 1000 615 63 Iay subioinct cecy, pour toucher ⁊

150 1048 678 60 abbatre lingratitude ⁊ arrogance de

151 1091 676 66 plusieurs paoures aueugles. Lesq̃lz

152 1143 676 59 au temps present (auquel il a pleu a

155 1184 673 65 Dieu par son infinie bonte, soy mant

156 1230 672 79 fester par sa saincte parolle ⁊ Euan-

591 1276 236 73 A 4 gile

827 470 120 84 Gal.4
