974 1532
378 47 252 73 Quelle chose

205 102 657 76 riches, en laquelle on sonne plus, lau-

205 157 659 65 tre pour les paoures, en laquelle on

198 204 668 64 sonne moins. Lune du iour, lautre ad

203 250 664 66 placitum: comme de la trinite du S.

205 296 665 70 Esprit, des cinq playes, de la couron-

201 342 666 66 ne, de S. Francoys, S. Augustin, S.

205 390 664 73 Guillaume, S. George, S. Domi-

203 436 670 67 nicque, S. Fiacre, ⁊ un million de tel-

204 481 670 67 les sortes. Lune pour le temps, lautre

205 528 669 74 pour les biẽs. Lune poͬ aller en uoya

207 577 666 66 ge, lautre pour en reuenir. Lune pour

207 621 660 67 les bestes: comme poͬ les chiens a S.

207 668 663 67 Hubert (ie uous dis) Dardene: poͬ

208 712 667 70 les pourceaux a S. Antoine: pour les

209 762 667 65 cheuaulx a S. Eloy ⁊c. Lautre pour

209 806 669 72 les gentz. Lune pour les uifz, lautre

210 854 661 69 pour les mortz. Lune pour se marier,

209 905 667 58 lautre poͬ quelque autre fortune. Lu-

209 946 669 67 ne de gaudeamꝰ, lautre de requiẽ, Lu-

210 990 670 70 ne de uẽtre, lautre de terribilis ⁊c. Et

212 1039 668 67 selon la messe, fault les accoustremẽs

213 1087 667 68 desinez: comme les alcumistes ⁊ amou

221 1131 658 66 reux font par couleurs ⁊ deuises: assa

221 1180 657 63 uoir les iaunes, pour les Apostres: les

218 1226 653 76 rouges, pour les martyrs: les uerdz,

778 1272 101 77 pour

58 109 135 69 Sãs ou

56 167 137 50 blier la

63 209 130 55 messe de

65 248 113 69 chasser.

69 1132 141 83 Il sẽble

72 1205 138 55 dune mo

72 1244 138 68 risque.
