1072 1538
473 61 197 62 corporelle.

215 111 681 70 sieurs lieux. Car cela est imagination

215 161 681 64 ⁊ resuerie humaine, sans fondement

214 207 681 59 descripture. Et que dieu face une telle

215 255 676 56 multiplication, nous nen auõs asseu-

214 301 677 61 rance descripture ne, promesse diuine.

260 343 618 63 Parquoy de dire, Dieu le peult fai

211 390 667 63 re: ergo il le faict. Cela ne uault rien.

212 435 666 68 Car il nest point icy q̃stion de la puis-

214 484 664 65 sãce de dieu ⁊ est tout certain, que dieu

212 530 674 63 est bien puissant de faire parler tous

212 578 677 64 les anes, cheuaulx ⁊ mulles qui sont

211 622 678 64 au monde, ainsi qui fist parler lanesse

211 672 667 63 de Balaam, toutesfoys il ne le faict

210 719 81 66 pas.

262 766 616 54 Dauantage nous nauons iamais

211 810 677 64 leu en la saincte Escripture, que dieu

211 857 671 63 ayt mustiplie ⁊ mis tout poͬ un tẽps,

214 904 668 62 un mesme corps en plusieurs lieux:

210 947 676 64 mais plustost la faict trãsporter soub-

211 995 673 66 dainement dun lieu en autre selon son

211 1041 672 62 bon plaisir, comme il appert de Haba

211 1090 675 55 cuc, qui par un Ange fut incontinent

214 1134 673 64 porte de Iudee en Babilone: mais

212 1181 675 69 quand il estoit en un lieu, il laissoit

211 1231 141 58 lautre.

760 1271 128 69 Sem-

889 335 145 64 Argumẽ

889 385 143 52 tũ a pos-

888 428 144 56 se ad esse

889 471 141 48 nichil cõ

889 511 109 58 clndit.

888 679 140 51 Num.22

879 717 135 60 2.Pier.2

887 1043 115 78 dan.14
