974 1536
408 51 263 64 De lassistence

187 103 674 64 les ⁊ ueritables tesmoingz, comme il

189 157 667 58 appert aux Actes des Appstres, ⁊ par

189 203 664 60 S. Marc au dernier Chapitre de son

190 248 669 61 Euangile. Item S. Paul escriuant

175 293 660 62 aux Colossiens dit en ceste maniere.

190 339 667 60 Si uous estes resuscitez auec Christ,

189 389 672 59 cerchez les choses qui sont en hault, ou

189 436 628 60 Christ est seand a la dextre de dieu.

244 478 618 66 Il sensuit donc bien, puis que Ie-

189 527 674 63 sus Christ est la sus au ciel, assis a la

189 574 673 57 dextre de dieu son Pere, quil nest pas

189 620 674 58 ca bas en la terre, entre les mains du

190 665 672 64 prebstre, ny clos en une boytte, ou ar-

190 712 672 61 maire. Car son corps ne fut iamais

192 759 602 60 quen un seul lieu, pour une foys.

240 803 623 66 Parquoy si son corps est au ciel,

190 853 672 57 pour ce mesme temps, il nest point en

192 898 673 62 la terre: ⁊ sil estoit en la terre, il ne se-

201 945 664 58 roit point au ciel. Car pour certain ia-

201 989 660 60 mais un ueritable corps nest que un

192 1038 674 61 seul lieu, comme iay dit poͬ une foys.

194 1084 674 61 Et ne fault point icy songer, ny alle-

196 1132 674 60 guer miracle de Dieu, ⁊ dire que dieu

197 1178 671 63 soit tout puissant pour le faire estre, ⁊

197 1224 670 98 le multiplie tout en un coup en plu-

748 1276 115 66 sieurs

49 282 112 86 Col.3

49 939 145 70 cauendũ

51 997 143 73 a Sabel

55 1041 60 58 lio.
