958 1528
186 111 203 212 L

287 66 513 66 Poͬquoy se maĩtiẽt la messe.

391 114 466 68 A cause est euidente, puis

392 165 464 60 que tant de fruict elle pro-

393 208 468 67 duit. Nest ce pas une sour

396 258 465 62 ce de souppe grasse? nest ce

202 305 660 65 point une bõne uache a laict? Et qui

198 350 663 67 oncque uit telle truye, qui tant aysee-

198 398 658 65 ment, tant doulcement ⁊ grassement,

198 443 660 66 ayt nourry tant de cochons? Poͬquoy

198 487 664 66 donc la uouldroyent ilz abandonner

198 534 663 67 puis que tant bonne ilz la trouuent:

200 580 662 64 urayement a bon droict ilz la main-

198 627 665 65 tiẽnent. Car elle est a leur uentre fort

197 674 662 65 propice, ilz nont besoing de faire rien,

200 720 661 64 destudier encore moins, que uoulez

201 766 660 62 uous plus? Autre cause ie ne trouue,

197 813 666 63 pourquoy on la doibue maintenir, si-

197 858 665 57 non ainsi que les sacrificaleurs Ba-

198 904 663 61 byloniẽs, maintenoyẽt leur dieu Bel:

208 949 648 64 pourtant quilz estoyent nourris eulx,

207 997 654 59 leurs femmes ⁊ petitz enfantz, de ce

200 1041 665 65 quon offroit a icelle idole. Mais ainsi

203 1087 662 65 quun Daniel suruint qui descouurit

201 1133 662 62 leur faulx ouurage, ⁊ par ainsi furẽt

201 1180 662 57 confuz, aussi dieu suscitera, ⁊ ia a su-

200 1224 661 102 scite un Daniel plain de lesprit de ue

774 1274 85 89 rite,

53 940 141 60 Dañ.14.

52 1072 130 53 Reuela

53 1115 136 48 se mẽda-

52 1154 135 53 cium de-

53 1193 134 65 struxisse

58 1238 56 65 est.
