1018 1580
303 108 621 60 Daucuns les ferons pourchasser.

312 160 629 54 Sen aurons ce que nous pourrons,

306 207 562 52 Ainsi pour neant riens ne ferõs.

310 251 513 57 Si a loffrande tiens en main

311 297 510 54 Ta platine, on toffrira pain,

308 344 557 55 Uin/ cire/ argent. Et le dedans

306 388 635 57 Baiseront prebstres/ ⁊ nobles gens,

310 436 605 58 Desquelz aussi touchras les yeulx

309 481 565 59 Et pour cela toffriront mieulx.

310 527 497 57 Le peuple baisera le dehors,

310 575 466 51 Et crieras, Soyez recordz

310 620 637 61 De uoz nataulz hões/ Sus fẽmes?

313 667 540 56 Offrez a Dieu ⁊ corps ⁊ ames

310 713 521 61 A ce bon iour. Nul ne delaisse.

499 760 186 57 Ministre.

338 804 493 58 Ie uous iure la saincte messe

317 851 559 60 Par le Dieu quay faict ⁊ forme

312 897 495 58 Et qu en la boitte iay ferme.

314 946 501 52 Ou toute ma foy est enclose

314 992 581 51 Qua dautre iamais ne mexpose

313 1038 546 56 Qua uous seruir en diligence.

311 1084 613 59 Mais quand a aucun bien ie pense,

310 1132 610 59 Comment pourray ie a luy parler?

312 1177 431 54 Uerite me fault simuler

313 1220 521 85 Disant que ie la ueulx tenir.

829 1263 131 71 Autre¬
