992 1558
248.0 79.0 531.0 58.0 Lautre ayt toute la face noire.

248.0 125.0 655.0 60.0 Lũg tiẽne ung clou/ tenailles/ ou sie,

251.0 173.0 610.0 58.0 Lautre ung marteau/ une cognie,

247.0 220.0 541.0 57.0 Et pour en remplir la cohorte,

252.0 266.0 593.0 58.0 Faire en conuient de mainte sorte.

253.0 313.0 546.0 53.0 Par leurs enseignes on scaura.

245.0 360.0 495.0 56.0 Comment on les appellera.

252.0 406.0 508.0 53.0 Lung guerira de mal de teste

244.0 450.0 518.0 59.0 Aussi bien a femme qua beste.

247.0 496.0 634.0 61.0 Lautre des yeulx faisant uoir clair,

245.0 544.0 484.0 55.0 Et lautre gardera desclair.

246.0 592.0 615.0 53.0 Lung on priera pour mal de dens.

242.0 637.0 572.0 55.0 Lautre sur la mer pour les uẽs.

245 682 635 59 Lung donra pluye/ lautre beau tẽps

242.0 729.0 634.0 57.0 Et lautre aux femmes des enfans.

244.0 776.0 638.0 56.0 Lung guerit fieures, lautre chault

756 823 119 58 (mal,

247 818 431 61 Et lautre le commicial.

244.0 869.0 559.0 55.0 Lung la main, ⁊ lautre le coude

243.0 913.0 558.0 59.0 Et lautre le uẽtre ou la goutte.

244.0 962.0 446.0 55.0 Lung guerit de paralisie

241.0 1004.0 502.0 60.0 Et lautre enfle dhydropisie.

244.0 1051.0 625.0 61.0 Lung de feu/ de loups/ ou de galles

241.0 1098.0 496.0 58.0 Ce dit Alexandre des halles

240.0 1144.0 603.0 66.0 Qui est ung doubteur trescertain,

237.0 1191.0 409.0 70.0 Et le mal neapolitain,

828.0 1235.0 59.0 79.0 Ha
