972 1564
246 968 566 66 Puis que Simonie te gouuerne.

231 86 627 65 Et ueulx quon tappelle Sauueut/

227 136 538 58 Maistre/ sire/ ⁊ pere en Dieu.

230 184 535 57 Et diras que tu tiens son lieu.

226 229 493 62 Ainsi on ne tosera mesfaire:

229 272 666 65 Car on craindroit trop grãd mal faire

228 324 516 58 Achetes cures/ chanoieries,

233 369 460 59 Doyennez/ ⁊ chapeleries,

231 417 461 58 Eueschez/ ⁊ cardinaultez,

233 461 554 59 Et comme George papaultez.

231 508 580 59 Marchande ⁊ rechange souuent.

235 554 536 60 Ie ten fay le commandement

232 600 542 60 Pour ce que te ueulx exaulcer

238 646 586 61 Fort grand seigneur ⁊ te haulcer.

233 694 446 62 Obeiz en toute maniere.

421 736 189 61 Ministre.

231 785 539 57 A? dame? que ie uous ay chere

234 829 433 65 Simonie bien la uallez

426 877 193 57 Simonie.

242 919 506 66 Fais faire des habitz fourrez

233 1017 532 58 Et uas souuent a la tauerne.

243 1061 611 63 Ioue aux dez auec les plus belles

235 1109 619 62 Mariees soyent/ uefues/ pucelles,

239 1157 618 59 Soit par amour/ ou soit par force.

235 1202 594 77 Ne la renuoye que grasse ⁊ grosse.

834 1207 61 115 Et
