<?xml version="1.0" encoding="UTF-8"?>
<alto xmlns:xsi="http://www.w3.org/2001/XMLSchema-instance"
      xmlns="http://www.loc.gov/standards/alto/ns-v4#"
      xsi:schemaLocation="http://www.loc.gov/standards/alto/ns-v4# http://www.loc.gov/standards/alto/v4/alto-4-2.xsd">
  <Description>
    <MeasurementUnit>pixel</MeasurementUnit>
    <sourceImageInformation>
      <fileName>ABO_Z176243305.pdf_page_36.png</fileName>
      <fileIdentifier>pdf//ABO_Z176243305.pdf</fileIdentifier>
    </sourceImageInformation>
  </Description>
  <Tags>
    <OtherTag ID="BT7" LABEL="CustomZone" DESCRIPTION="block type CustomZone"/><OtherTag ID="BT8" LABEL="DamageZone" DESCRIPTION="block type DamageZone"/><OtherTag ID="BT9" LABEL="DigitizationArtefactZone" DESCRIPTION="block type DigitizationArtefactZone"/><OtherTag ID="BT10" LABEL="DropCapitalZone" DESCRIPTION="block type DropCapitalZone"/><OtherTag ID="BT11" LABEL="GraphicZone" DESCRIPTION="block type GraphicZone"/><OtherTag ID="BT12" LABEL="MainZone" DESCRIPTION="block type MainZone"/><OtherTag ID="BT13" LABEL="MarginTextZone" DESCRIPTION="block type MarginTextZone"/><OtherTag ID="BT15" LABEL="NumberingZone" DESCRIPTION="block type NumberingZone"/><OtherTag ID="BT17" LABEL="QuireMarksZone" DESCRIPTION="block type QuireMarksZone"/><OtherTag ID="BT18" LABEL="RunningTitleZone" DESCRIPTION="block type RunningTitleZone"/><OtherTag ID="BT20" LABEL="StampZone" DESCRIPTION="block type StampZone"/><OtherTag ID="BT21" LABEL="TableZone" DESCRIPTION="block type TableZone"/><OtherTag ID="BT22" LABEL="TitlePageZone" DESCRIPTION="block type TitlePageZone"/><OtherTag ID="BT412" LABEL="MarginTextZone:handwrittenAddition" DESCRIPTION="block type MarginTextZone:handwrittenAddition"/>
    <OtherTag ID="LT7" LABEL="CustomLine" DESCRIPTION="line type CustomLine"/><OtherTag ID="LT8" LABEL="DefaultLine" DESCRIPTION="line type DefaultLine"/><OtherTag ID="LT9" LABEL="DropCapitalLine" DESCRIPTION="line type DropCapitalLine"/><OtherTag ID="LT10" LABEL="HeadingLine" DESCRIPTION="line type HeadingLine"/><OtherTag ID="LT11" LABEL="InterlinearLine" DESCRIPTION="line type InterlinearLine"/><OtherTag ID="LT12" LABEL="MusicLine" DESCRIPTION="line type MusicLine"/>
  </Tags>
  <Layout>
    <Page WIDTH="1058"
          HEIGHT="1586"
          PHYSICAL_IMG_NR="28"
          ID="eSc_dummypage_">
      <PrintSpace HPOS="0"
                  VPOS="0"
                  WIDTH="1058"
                  HEIGHT="1586">
        <TextBlock HPOS="93"
                   VPOS="79"
                   WIDTH="685"
                   HEIGHT="1216"
                   ID="eSc_textblock_f40fbec0"
                   TAGREFS="BT12">
          <Shape><Polygon POINTS="93 79 98 1295 595 1290 668 1214 778 1162 778 82"/></Shape>
          <TextLine ID="eSc_line_5a91a105"
                    TAGREFS="LT10"
                    BASELINE="291 144 453 146" 
                    HPOS="290"
                    VPOS="105"
                    WIDTH="163"
                    HEIGHT="59">
            <Shape><Polygon POINTS="441 105 432 105 424 105 415 105 406 105 397 105 388 105 379 105 371 105 362 105 353 105 344 105 343 105 291 105 291 144 290 159 320 163 321 163 345 158 357 155 365 158 386 164 387 164 388 164 389 164 397 158 417 162 452 155 453 146 451 108 450 107"/></Shape>
	    <String CONTENT="Peuple."
                    HPOS="290"
                    VPOS="105"
                    WIDTH="163"
                    HEIGHT="59"
                    WC="0.9999896287918091"></String>
          </TextLine>
          <TextLine ID="eSc_line_4bec030e"
                    TAGREFS="LT8"
                    BASELINE="104 196 633 189" 
                    HPOS="103"
                    VPOS="149"
                    WIDTH="530"
                    HEIGHT="59">
            <Shape><Polygon POINTS="623 154 614 154 605 153 599 153 597 154 596 152 588 152 579 152 570 151 566 151 543 155 527 149 526 149 525 149 524 149 499 158 463 151 462 151 461 151 448 158 436 154 435 154 434 154 404 159 396 154 395 154 394 154 394 154 393 154 392 154 385 160 360 160 353 155 352 155 351 155 350 155 301 161 264 150 263 150 262 150 168 151 167 151 156 156 119 152 118 152 117 152 116 152 103 162 104 196 104 208 235 204 286 207 299 207 300 207 301 207 302 207 302 207 303 207 305 203 336 207 348 207 349 207 350 207 355 207 372 202 406 206 417 207 417 207 425 206 450 201 536 205 556 205 557 205 558 205 558 205 559 204 567 200 633 203 633 189 633 157 628 155 623 154"/></Shape>
	    <String CONTENT="La Uerite monsieur ne ment."
                    HPOS="103"
                    VPOS="149"
                    WIDTH="530"
                    HEIGHT="59"
                    WC="0.9714623954561021"></String>
          </TextLine>
          <TextLine ID="eSc_line_158bfe66"
                    TAGREFS="LT8"
                    BASELINE="101 244 635 235" 
                    HPOS="100"
                    VPOS="195"
                    WIDTH="535"
                    HEIGHT="64">
            <Shape><Polygon POINTS="101 244 101 254 109 259 110 259 111 259 111 259 123 254 126 251 168 251 171 252 182 259 183 259 184 259 185 259 198 252 200 251 206 252 233 256 234 256 235 256 249 251 252 251 254 251 278 257 279 257 280 257 293 251 295 250 298 250 313 253 314 253 315 253 316 253 316 252 320 250 320 249 349 249 350 249 359 256 360 256 361 256 362 256 420 255 447 250 471 252 472 252 473 252 474 252 474 251 480 246 481 246 484 246 529 251 530 251 531 251 548 245 570 252 571 252 572 252 635 243 635 235 633 203 602 203 588 195 587 195 586 195 585 195 570 203 569 203 567 203 551 198 551 198 550 198 529 203 522 205 485 205 482 203 472 198 471 198 470 198 441 202 410 199 409 199 409 199 408 199 402 203 399 207 351 207 343 203 334 200 333 200 332 200 331 200 322 203 312 207 293 203 280 200 279 200 278 200 268 203 250 208 241 203 238 201 238 201 237 201 236 201 201 202 200 202 199 202 199 203 198 203 191 209 100 204 101 244"/></Shape>
	    <String CONTENT="Depuis (dict on) q̃ decret ales"
                    HPOS="100"
                    VPOS="195"
                    WIDTH="535"
                    HEIGHT="64"
                    WC="0.9935428692448524"></String>
          </TextLine>
          <TextLine ID="eSc_line_2d73d91b"
                    TAGREFS="LT8"
                    BASELINE="100 289 760 282" 
                    HPOS="99"
                    VPOS="242"
                    WIDTH="661"
                    HEIGHT="64">
            <Shape><Polygon POINTS="100 289 101 306 119 298 207 298 216 305 217 305 218 305 219 305 220 305 222 305 238 301 259 304 264 305 265 305 266 305 268 304 288 298 301 304 302 304 303 304 304 305 345 305 345 304 346 304 347 304 348 303 361 296 414 296 432 303 433 303 434 303 506 303 506 303 507 303 508 303 508 302 515 296 570 295 587 299 588 299 588 299 589 299 590 299 596 294 615 294 629 301 630 301 631 301 633 301 667 296 759 299 760 282 758 249 724 250 722 249 711 242 710 242 709 242 678 242 677 242 676 242 652 250 647 251 618 251 614 250 596 243 595 243 594 243 593 243 592 243 583 250 554 246 553 246 552 246 543 251 541 251 535 251 510 246 509 246 431 251 401 253 390 251 352 245 351 245 312 252 302 255 275 255 271 253 256 247 255 247 254 247 253 247 253 247 245 253 242 255 221 253 153 248 152 248 99 254 100 289"/></Shape>
	    <String CONTENT="Eut/ ⁊ marchans porterent malles/"
                    HPOS="99"
                    VPOS="242"
                    WIDTH="661"
                    HEIGHT="64"
                    WC="0.9895383246017225"></String>
          </TextLine>
          <TextLine ID="eSc_line_fbee3933"
                    TAGREFS="LT8"
                    BASELINE="100 335 634 329" 
                    HPOS="99"
                    VPOS="290"
                    WIDTH="535"
                    HEIGHT="60">
            <Shape><Polygon POINTS="100 335 100 345 106 349 107 349 108 349 109 349 110 349 122 345 159 348 160 348 209 344 216 344 217 344 228 350 229 350 230 350 303 345 335 342 364 342 368 345 373 348 374 348 375 348 376 348 401 345 424 341 436 341 439 345 442 347 442 348 443 348 444 348 445 348 464 345 478 343 550 345 581 346 582 346 583 346 585 345 593 340 597 345 597 346 598 346 599 346 600 346 634 345 634 329 633 296 618 290 618 290 617 290 616 290 597 296 597 297 541 297 540 297 522 291 521 291 521 291 520 291 508 297 461 294 461 294 409 299 404 299 400 299 351 293 350 293 350 293 327 300 326 300 311 300 114 296 113 296 112 296 99 301 100 335"/></Shape>
	    <String CONTENT="Et moynes allerent a cheual:"
                    HPOS="99"
                    VPOS="290"
                    WIDTH="535"
                    HEIGHT="60"
                    WC="0.9803856313228607"></String>
          </TextLine>
          <TextLine ID="eSc_line_7e274e04"
                    TAGREFS="LT8"
                    BASELINE="103 385 293 379 675 377" 
                    HPOS="102"
                    VPOS="336"
                    WIDTH="573"
                    HEIGHT="71">
            <Shape><Polygon POINTS="103 385 103 400 121 407 122 407 123 407 162 401 169 407 170 407 171 407 171 407 221 406 222 406 243 400 269 392 290 396 291 396 334 392 345 397 346 397 347 397 348 397 349 397 356 392 388 396 389 396 390 396 391 396 397 391 454 391 460 395 461 395 461 395 462 395 492 390 505 399 510 402 511 402 512 402 513 403 543 403 543 402 543 402 553 398 568 391 581 398 586 401 587 401 588 401 588 401 640 400 641 400 648 398 656 393 673 397 675 377 674 343 663 336 662 336 661 336 660 336 627 343 543 340 542 340 541 340 523 346 492 346 477 338 476 338 476 338 475 338 457 346 350 340 350 340 349 340 348 340 336 347 298 342 297 342 261 348 251 340 250 340 249 340 248 340 247 340 231 345 212 341 211 341 210 341 196 348 121 342 120 342 119 342 102 349 103 385"/></Shape>
	    <String CONTENT="Le mõde neust iamais que mal."
                    HPOS="102"
                    VPOS="336"
                    WIDTH="573"
                    HEIGHT="71"
                    WC="0.9939494550228118"></String>
          </TextLine>
          <TextLine ID="eSc_line_079323eb"
                    TAGREFS="LT10"
                    BASELINE="289 426 440 426" 
                    HPOS="289"
                    VPOS="385"
                    WIDTH="151"
                    HEIGHT="55">
            <Shape><Polygon POINTS="289 434 338 440 339 440 340 440 349 437 351 436 377 437 409 440 410 440 411 440 416 439 432 435 438 440 440 426 440 400 417 400 413 398 394 387 393 387 392 387 372 388 360 394 356 397 350 393 337 385 336 385 335 385 289 389 289 426"/></Shape>
	    <String CONTENT="Aucun."
                    HPOS="289"
                    VPOS="385"
                    WIDTH="151"
                    HEIGHT="55"
                    WC="0.9997073610623678"></String>
          </TextLine>
          <TextLine ID="eSc_line_447e7674"
                    TAGREFS="LT8"
                    BASELINE="104 475 595 469" 
                    HPOS="103"
                    VPOS="428"
                    WIDTH="492"
                    HEIGHT="61">
            <Shape><Polygon POINTS="104 475 104 486 237 489 238 489 238 489 239 489 245 484 246 482 289 482 290 483 299 488 300 488 301 488 340 483 358 487 359 487 360 487 361 487 369 481 373 486 374 486 375 486 376 486 399 481 403 481 408 481 436 485 437 485 438 485 452 481 454 480 462 480 522 485 523 485 554 479 585 484 586 484 587 484 588 484 595 478 595 469 593 436 564 431 563 431 562 431 561 431 557 435 552 431 551 431 551 431 550 431 549 431 539 435 537 436 536 435 529 430 528 430 527 430 526 430 525 430 524 430 518 435 515 437 509 435 502 433 501 433 500 433 471 435 425 437 422 434 416 429 416 429 415 429 414 429 413 429 412 429 411 429 404 434 402 437 355 438 337 434 315 428 314 428 313 428 286 434 280 435 275 434 259 429 258 429 257 429 256 429 255 429 255 429 251 433 248 436 245 433 242 430 242 429 241 429 240 429 205 429 204 429 203 429 189 433 166 439 149 433 141 430 141 430 140 430 103 432 104 475"/></Shape>
	    <String CONTENT="Loue soit Dieu le createur"
                    HPOS="103"
                    VPOS="428"
                    WIDTH="492"
                    HEIGHT="61"
                    WC="0.9990043067015134"></String>
          </TextLine>
          <TextLine ID="eSc_line_02489784"
                    TAGREFS="LT8"
                    BASELINE="104 522 566 517" 
                    HPOS="103"
                    VPOS="477"
                    WIDTH="463"
                    HEIGHT="59">
            <Shape><Polygon POINTS="104 522 104 531 149 535 150 535 179 531 188 535 189 535 190 535 191 535 205 530 206 530 216 536 216 536 217 536 218 536 245 530 260 535 260 535 261 535 262 535 275 531 280 534 280 535 281 535 282 535 283 536 325 536 325 535 326 535 327 535 335 528 346 534 347 534 348 534 349 534 362 528 363 528 365 528 403 533 404 533 405 533 418 527 420 527 422 527 443 533 444 533 445 533 446 533 468 527 469 527 469 527 535 533 536 533 566 526 566 517 565 487 529 487 529 486 524 482 524 481 523 481 522 481 521 481 497 486 494 486 493 486 484 478 483 478 482 478 481 478 480 478 479 478 471 485 469 487 468 485 454 477 454 477 453 477 440 477 439 477 439 477 438 477 428 485 425 487 424 485 413 477 412 477 411 477 410 477 398 478 397 478 396 478 396 479 390 484 387 488 373 484 372 484 372 484 371 484 368 484 333 489 313 483 297 479 296 479 295 479 294 479 282 483 278 484 275 483 267 479 266 479 265 479 243 481 242 481 241 481 238 482 230 488 213 482 212 482 211 482 210 482 209 482 189 489 165 489 155 481 154 481 153 481 152 481 151 481 103 481 104 522"/></Shape>
	    <String CONTENT="Des desolez consolateur."
                    HPOS="103"
                    VPOS="477"
                    WIDTH="463"
                    HEIGHT="59"
                    WC="0.9918962866067886"></String>
          </TextLine>
          <TextLine ID="eSc_line_5ed2fd9f"
                    TAGREFS="LT8"
                    BASELINE="106 566 736 562" 
                    HPOS="105"
                    VPOS="521"
                    WIDTH="631"
                    HEIGHT="64">
            <Shape><Polygon POINTS="731 526 730 525 657 521 656 521 655 521 643 526 632 529 611 526 591 522 590 522 589 522 582 526 576 529 533 530 508 526 486 522 485 522 451 523 450 523 449 523 445 526 439 530 424 526 412 523 411 523 410 523 409 523 400 526 386 531 371 526 360 523 359 523 358 523 357 523 347 526 329 533 278 533 252 526 238 524 237 524 236 524 235 524 230 526 220 533 105 527 106 566 106 575 144 576 157 585 158 585 159 585 160 585 209 585 209 585 210 585 211 585 223 576 224 575 256 575 260 576 281 584 282 584 283 585 308 585 308 584 309 584 323 577 326 575 331 577 356 584 357 584 357 584 358 584 378 577 393 583 394 583 394 583 428 578 478 583 479 583 480 583 495 577 505 572 624 572 634 578 641 581 642 581 643 581 736 578 736 562 734 530 731 526"/></Shape>
	    <String CONTENT="Pain/ uin, richesse/ hõneur/ ne prise"
                    HPOS="105"
                    VPOS="521"
                    WIDTH="631"
                    HEIGHT="64"
                    WC="0.9991302584346972"></String>
          </TextLine>
          <TextLine ID="eSc_line_bebd0f01"
                    TAGREFS="LT8"
                    BASELINE="105 615 659 610" 
                    HPOS="104"
                    VPOS="570"
                    WIDTH="555"
                    HEIGHT="62">
            <Shape><Polygon POINTS="105 615 105 625 193 632 193 632 225 628 235 631 236 631 237 631 238 631 238 631 247 625 285 631 286 631 287 631 288 631 288 630 289 630 292 626 313 630 314 630 342 624 345 624 351 624 420 629 421 629 422 629 423 629 423 629 429 624 429 623 431 624 438 627 439 627 439 627 478 623 497 622 499 623 510 629 511 629 512 629 513 629 532 623 536 622 542 623 560 629 561 629 562 629 586 623 594 622 599 623 613 628 614 628 615 628 659 622 659 610 657 581 641 580 632 570 632 570 631 570 630 570 629 570 591 577 578 570 577 570 576 570 575 570 554 579 535 570 534 570 533 570 497 575 487 571 486 571 485 571 484 571 484 571 469 582 447 571 447 571 423 571 422 571 421 571 382 583 379 584 371 584 237 573 236 573 235 573 212 582 208 578 208 578 207 578 206 578 104 585 105 615"/></Shape>
	    <String CONTENT="Ung chãpignon sur teste grise,"
                    HPOS="104"
                    VPOS="570"
                    WIDTH="555"
                    HEIGHT="62"
                    WC="0.9749666875408541"></String>
          </TextLine>
          <TextLine ID="eSc_line_edb6ab07"
                    TAGREFS="LT8"
                    BASELINE="108 662 750 655" 
                    HPOS="107"
                    VPOS="615"
                    WIDTH="643"
                    HEIGHT="60">
            <Shape><Polygon POINTS="108 662 108 674 184 670 188 673 191 674 192 674 193 674 193 674 194 674 195 674 198 673 202 670 225 672 267 675 268 675 268 675 269 675 276 671 278 670 282 671 295 674 296 674 297 674 298 674 314 670 322 668 329 670 345 674 346 674 347 674 370 669 372 669 372 669 394 674 394 674 423 668 428 667 431 668 442 673 443 673 444 673 445 673 454 667 457 667 467 667 506 672 507 672 508 672 509 672 509 671 514 667 516 666 547 666 548 666 554 671 554 672 555 672 556 672 557 672 558 672 575 667 617 671 618 671 618 671 638 665 660 671 661 671 662 671 713 666 736 670 737 670 737 670 738 670 750 663 750 655 749 623 724 615 723 615 682 615 681 615 680 615 648 623 645 623 499 620 498 620 497 620 482 624 468 617 467 617 442 617 441 617 440 617 416 625 411 626 402 625 363 620 362 620 361 620 345 625 341 628 280 628 274 626 246 620 245 620 245 620 244 620 236 625 227 621 226 621 225 621 195 626 186 628 166 628 164 627 157 621 156 621 156 621 119 621 119 621 118 621 107 625 108 662"/></Shape>
	    <String CONTENT="Sa tel sermon tousiours puys estre."
                    HPOS="107"
                    VPOS="615"
                    WIDTH="643"
                    HEIGHT="60"
                    WC="0.9977769034249442"></String>
          </TextLine>
          <TextLine ID="eSc_line_f1282a96"
                    TAGREFS="LT8"
                    BASELINE="104 709 639 704" 
                    HPOS="103"
                    VPOS="663"
                    WIDTH="536"
                    HEIGHT="61">
            <Shape><Polygon POINTS="104 709 104 718 149 723 149 723 175 718 182 724 183 724 184 724 185 724 247 723 248 723 249 723 254 718 255 718 256 718 265 723 266 723 267 723 268 723 284 718 288 718 290 718 298 722 298 722 299 723 337 723 337 722 338 722 339 722 343 718 347 717 365 718 384 720 385 720 386 720 387 720 388 718 392 716 408 718 419 720 420 720 434 718 460 715 469 718 472 720 473 720 474 720 487 718 514 715 534 718 543 720 544 720 559 718 588 716 638 718 639 704 637 672 546 663 545 663 514 670 504 673 499 670 492 667 491 667 491 667 490 667 483 670 478 673 458 670 422 665 421 665 420 665 411 669 402 674 364 674 342 669 329 666 328 666 327 666 327 666 326 666 321 669 312 675 245 675 230 668 227 667 226 667 195 667 194 667 193 667 190 667 170 676 150 667 149 667 103 667 104 709"/></Shape>
	    <String CONTENT="Ainsi ne parle nostre prebstre,"
                    HPOS="103"
                    VPOS="663"
                    WIDTH="536"
                    HEIGHT="61"
                    WC="0.996438076419215"></String>
          </TextLine>
          <TextLine ID="eSc_line_0a2fcbaa"
                    TAGREFS="LT8"
                    BASELINE="107 756 698 748" 
                    HPOS="106"
                    VPOS="707"
                    WIDTH="592"
                    HEIGHT="65">
            <Shape><Polygon POINTS="107 756 107 768 155 770 156 770 156 770 166 768 174 765 178 768 184 771 185 771 186 771 186 772 221 772 221 771 222 771 233 767 240 764 266 766 294 769 295 769 296 769 303 766 308 763 312 766 316 769 317 769 318 769 319 769 347 765 372 763 379 765 387 769 388 769 389 769 390 769 405 764 417 762 427 764 439 768 439 768 440 768 441 768 456 764 467 762 486 763 515 767 516 767 533 763 542 761 544 763 548 766 549 766 550 766 551 766 593 765 594 765 599 763 605 759 619 763 630 764 631 764 632 764 637 762 644 759 651 762 658 764 659 764 660 764 698 761 698 748 695 711 680 713 673 711 661 707 660 707 659 707 658 707 645 711 636 714 620 711 604 710 603 710 577 712 550 715 537 712 522 710 521 710 521 710 520 710 520 711 519 711 517 713 514 717 475 717 469 713 461 710 461 710 460 710 441 714 427 717 416 714 403 711 402 711 402 711 367 714 333 718 310 715 292 712 291 712 290 712 284 715 276 719 269 716 264 713 263 713 262 713 245 716 216 720 106 718 107 756"/></Shape>
	    <String CONTENT="Duquel le peuple fort sapproche"
                    HPOS="106"
                    VPOS="707"
                    WIDTH="592"
                    HEIGHT="65"
                    WC="0.9746108285842403"></String>
          </TextLine>
          <TextLine ID="eSc_line_c0241161"
                    TAGREFS="LT8"
                    BASELINE="115 802 691 793" 
                    HPOS="114"
                    VPOS="756"
                    WIDTH="577"
                    HEIGHT="60">
            <Shape><Polygon POINTS="115 802 115 813 153 811 157 813 169 816 170 816 171 816 195 812 206 810 230 811 266 813 267 813 285 810 298 808 308 809 338 814 339 814 340 814 341 814 341 813 346 809 348 807 357 808 386 813 387 813 387 813 399 808 403 807 408 807 423 812 424 812 424 812 480 807 483 807 484 807 516 811 517 811 518 811 529 806 531 805 537 806 573 810 574 810 601 804 603 804 606 804 632 809 633 809 690 802 691 793 689 763 638 756 637 756 636 756 635 756 630 762 605 763 561 764 538 763 490 759 489 759 488 759 487 759 483 763 479 765 450 763 403 760 402 760 369 762 368 762 367 762 365 763 359 767 334 763 315 762 314 762 313 762 309 763 302 768 288 764 282 763 281 763 280 763 279 763 278 763 278 763 277 764 272 770 229 770 114 765 115 802"/></Shape>
	    <String CONTENT="Ie ne craindray iamais reproche"
                    HPOS="114"
                    VPOS="756"
                    WIDTH="577"
                    HEIGHT="60"
                    WC="0.9856651098497452"></String>
          </TextLine>
          <TextLine ID="eSc_line_65b90f61"
                    TAGREFS="LT8"
                    BASELINE="109 850 362 844 681 841" 
                    HPOS="108"
                    VPOS="803"
                    WIDTH="573"
                    HEIGHT="61">
            <Shape><Polygon POINTS="109 850 109 864 161 864 161 863 162 863 163 863 171 858 252 861 260 861 261 861 262 861 263 861 275 857 283 860 284 861 285 861 286 861 287 861 288 861 289 860 297 856 359 859 365 859 365 859 366 859 367 859 376 855 381 859 382 859 383 859 384 859 387 859 415 854 428 859 429 859 430 859 431 859 441 859 533 852 558 857 563 857 564 857 680 854 681 841 679 806 656 803 655 803 639 807 618 810 587 807 556 805 555 805 554 805 553 805 548 808 541 812 491 809 476 809 475 809 474 809 473 809 472 810 466 815 431 815 424 811 413 807 412 807 411 807 388 812 381 814 376 812 364 808 363 808 362 808 361 808 349 813 341 816 312 816 306 814 290 808 290 808 289 808 227 815 213 817 209 816 199 812 198 812 197 812 196 812 195 812 190 816 189 817 189 816 179 810 178 810 178 810 177 810 176 810 175 810 167 817 165 819 108 819 109 850"/></Shape>
	    <String CONTENT="De tout le monde, que nẽsuyue"
                    HPOS="108"
                    VPOS="803"
                    WIDTH="573"
                    HEIGHT="61"
                    WC="0.999396417538325"></String>
          </TextLine>
          <TextLine ID="eSc_line_1e7bcac0"
                    TAGREFS="LT8"
                    BASELINE="110 896 616 888" 
                    HPOS="109"
                    VPOS="849"
                    WIDTH="507"
                    HEIGHT="62">
            <Shape><Polygon POINTS="110 896 110 906 151 911 152 911 153 911 163 905 163 905 166 905 186 909 186 909 223 904 227 904 230 904 260 909 261 909 262 909 263 909 271 904 272 904 275 904 309 908 310 908 311 908 312 908 312 907 312 907 315 904 361 907 362 907 391 902 392 902 393 902 411 906 412 906 413 906 414 906 429 901 431 900 479 900 480 900 487 904 488 904 489 904 490 904 491 904 491 904 498 900 499 900 500 900 550 904 551 904 616 897 616 888 614 857 514 849 514 849 461 859 446 859 435 852 434 852 433 852 432 852 432 852 416 858 409 852 409 852 409 852 408 852 386 852 385 852 384 852 367 859 329 854 328 854 327 854 305 861 277 853 276 853 275 853 275 853 250 863 224 863 214 856 213 856 212 856 188 855 187 855 186 855 186 855 177 861 127 856 126 856 126 856 109 864 110 896"/></Shape>
	    <String CONTENT="La Uerite, tant que ie uiue."
                    HPOS="109"
                    VPOS="849"
                    WIDTH="507"
                    HEIGHT="62"
                    WC="0.9707596876791545"></String>
          </TextLine>
          <TextLine ID="eSc_line_336294be"
                    TAGREFS="LT8"
                    BASELINE="110 943 506 935 747 936" 
                    HPOS="109"
                    VPOS="893"
                    WIDTH="638"
                    HEIGHT="67">
            <Shape><Polygon POINTS="744 901 738 897 692 893 691 893 690 893 678 898 673 901 669 898 662 894 661 894 660 894 628 894 627 894 626 894 618 898 611 902 580 899 572 898 571 898 566 899 542 903 531 899 522 896 521 896 521 896 520 896 519 896 514 899 509 904 492 904 476 899 464 896 463 896 462 896 461 896 454 899 443 904 402 904 384 900 375 897 374 897 373 897 372 897 366 900 352 905 301 900 295 900 294 900 293 900 292 900 278 906 255 901 252 900 251 900 250 900 247 901 221 907 182 902 181 902 180 902 179 902 171 908 146 901 144 901 143 901 142 901 109 901 110 943 110 960 174 951 214 958 216 958 216 958 217 958 239 950 272 957 275 957 275 957 276 957 277 957 287 949 305 949 357 956 367 956 368 956 416 956 417 956 420 955 435 948 441 954 442 955 443 955 444 955 445 956 467 956 467 955 468 955 469 955 470 954 479 948 522 952 537 954 538 954 548 952 575 946 599 951 602 951 603 951 608 951 650 945 681 949 695 951 696 951 747 948 747 936 746 903 744 901"/></Shape>
	    <String CONTENT="Du peuple approcher ie me ueulx,"
                    HPOS="109"
                    VPOS="893"
                    WIDTH="638"
                    HEIGHT="67"
                    WC="0.9969435948878527"></String>
          </TextLine>
          <TextLine ID="eSc_line_5a52be25"
                    TAGREFS="LT8"
                    BASELINE="110 989 715 979" 
                    HPOS="109"
                    VPOS="941"
                    WIDTH="606"
                    HEIGHT="65">
            <Shape><Polygon POINTS="110 989 110 1004 174 999 185 1003 189 1006 190 1006 191 1006 192 1006 193 1006 195 1003 201 1000 247 1002 248 1002 249 1002 262 998 290 1002 303 1004 304 1004 305 1004 305 1004 308 1002 315 997 338 1001 339 1001 340 1001 341 1001 346 996 352 1000 353 1000 354 1000 355 1000 408 996 415 1000 417 1002 417 1002 418 1002 419 1003 439 1003 439 1002 440 1002 446 1000 465 994 514 1000 525 1000 526 1000 533 1000 570 993 611 999 615 999 616 999 715 997 715 979 713 948 659 941 658 941 657 941 656 941 648 948 648 949 585 949 583 949 566 943 566 943 565 943 529 949 527 949 525 949 494 944 493 944 492 944 477 949 473 952 437 953 352 953 343 951 329 947 328 947 327 947 327 947 310 951 298 954 109 953 110 989"/></Shape>
	    <String CONTENT="Et scauray le propos dentre eulx/"
                    HPOS="109"
                    VPOS="941"
                    WIDTH="606"
                    HEIGHT="65"
                    WC="0.9918913552255342"></String>
          </TextLine>
          <TextLine ID="eSc_line_032b83c3"
                    TAGREFS="LT8"
                    BASELINE="109 1035 622 1028" 
                    HPOS="108"
                    VPOS="988"
                    WIDTH="514"
                    HEIGHT="62">
            <Shape><Polygon POINTS="109 1035 110 1050 133 1044 154 1044 163 1049 164 1050 165 1050 166 1050 167 1050 168 1050 169 1050 169 1049 170 1048 174 1044 202 1043 213 1047 217 1049 218 1049 219 1049 246 1046 300 1041 329 1044 364 1048 365 1048 415 1042 437 1039 443 1041 457 1046 458 1046 459 1047 492 1047 492 1046 493 1046 508 1039 521 1045 521 1045 522 1045 523 1045 540 1041 555 1045 556 1045 557 1045 622 1036 622 1028 620 993 567 988 566 988 566 988 551 994 548 995 543 994 529 992 529 992 528 992 521 994 519 996 515 995 498 989 497 989 496 989 417 997 400 998 398 997 389 991 388 991 387 991 362 991 361 991 360 991 359 991 350 998 350 999 345 998 321 992 320 992 320 992 319 992 318 992 308 999 306 1000 262 1000 261 1000 253 993 253 993 252 993 251 993 250 993 249 993 242 998 202 995 201 995 172 1000 168 1001 164 1001 129 994 128 994 127 994 108 1000 109 1035"/></Shape>
	    <String CONTENT="Comment aussi a aggreable"
                    HPOS="108"
                    VPOS="988"
                    WIDTH="514"
                    HEIGHT="62"
                    WC="0.999962477684021"></String>
          </TextLine>
          <TextLine ID="eSc_line_87dc3d6a"
                    TAGREFS="LT8"
                    BASELINE="111 1084 729 1071" 
                    HPOS="109"
                    VPOS="1029"
                    WIDTH="620"
                    HEIGHT="70">
            <Shape><Polygon POINTS="111 1084 111 1093 123 1097 124 1097 125 1097 158 1092 161 1092 163 1092 190 1099 191 1099 192 1099 193 1099 220 1091 220 1090 264 1090 279 1096 280 1096 281 1097 310 1097 310 1096 311 1096 329 1091 341 1096 342 1096 342 1096 372 1090 418 1094 419 1094 420 1094 421 1094 421 1093 429 1087 429 1086 452 1086 456 1086 521 1092 522 1092 563 1091 564 1091 565 1091 573 1085 589 1090 590 1090 591 1090 592 1090 593 1090 602 1083 623 1087 624 1087 625 1087 625 1087 633 1082 633 1082 699 1081 700 1081 706 1085 707 1085 707 1085 708 1085 709 1085 729 1080 729 1071 727 1040 710 1040 688 1029 687 1029 686 1029 630 1030 629 1030 607 1040 603 1043 474 1044 462 1041 440 1034 439 1034 439 1034 438 1034 417 1042 413 1043 404 1042 389 1039 388 1039 387 1039 378 1042 357 1047 343 1042 339 1040 338 1040 337 1040 317 1042 307 1043 306 1042 299 1037 298 1037 298 1037 297 1037 270 1038 269 1038 268 1038 262 1043 251 1049 223 1043 208 1039 207 1039 109 1043 111 1084"/></Shape>
	    <String CONTENT="Ce sainct sermon, uray, ⁊ notable."
                    HPOS="109"
                    VPOS="1029"
                    WIDTH="620"
                    HEIGHT="70"
                    WC="0.9992353022098541"></String>
          </TextLine>
          <TextLine ID="eSc_line_1c5f9dc5"
                    TAGREFS="LT8"
                    BASELINE="111 1130 461 1122 775 1119" 
                    HPOS="110"
                    VPOS="1079"
                    WIDTH="665"
                    HEIGHT="67">
            <Shape><Polygon POINTS="111 1130 111 1139 177 1146 178 1146 178 1146 193 1139 216 1146 217 1146 218 1146 270 1137 273 1137 277 1137 335 1141 335 1141 373 1136 382 1142 383 1142 384 1142 385 1143 409 1143 409 1142 409 1142 410 1142 420 1135 421 1135 464 1141 465 1141 466 1141 491 1134 494 1133 501 1134 529 1137 530 1137 554 1133 560 1133 561 1133 570 1140 571 1140 572 1140 573 1141 597 1141 597 1140 598 1140 599 1140 607 1135 744 1137 745 1137 745 1137 758 1131 760 1129 774 1130 775 1119 774 1085 706 1079 705 1079 704 1079 691 1084 676 1080 675 1080 674 1080 623 1085 597 1081 596 1081 596 1081 578 1087 575 1088 573 1088 548 1082 547 1082 546 1082 545 1082 537 1088 536 1089 520 1088 434 1083 433 1083 432 1083 432 1083 432 1084 425 1089 424 1091 400 1091 398 1089 391 1085 390 1085 389 1085 388 1085 387 1085 375 1090 371 1091 365 1090 357 1088 356 1088 355 1088 308 1091 285 1092 283 1091 274 1087 273 1087 272 1087 271 1087 253 1091 247 1093 245 1091 240 1087 239 1087 238 1087 221 1087 220 1087 219 1087 201 1092 195 1094 182 1092 149 1089 149 1089 110 1093 111 1130"/></Shape>
	    <String CONTENT="Mes freres paix uous doint Iesus."
                    HPOS="110"
                    VPOS="1079"
                    WIDTH="665"
                    HEIGHT="67"
                    WC="0.9985607663790385"></String>
          </TextLine>
          <TextLine ID="eSc_line_474602cf"
                    TAGREFS="LT8"
                    BASELINE="116 1176 616 1169" 
                    HPOS="115"
                    VPOS="1128"
                    WIDTH="501"
                    HEIGHT="66">
            <Shape><Polygon POINTS="116 1176 116 1188 126 1193 126 1193 127 1193 128 1193 141 1188 177 1193 178 1193 178 1193 179 1193 189 1187 208 1187 222 1187 238 1194 239 1194 240 1194 241 1194 242 1194 253 1186 254 1186 269 1190 270 1190 299 1186 308 1185 312 1186 339 1194 340 1194 341 1194 342 1194 342 1194 349 1190 367 1193 368 1193 369 1193 370 1193 378 1186 379 1185 379 1186 390 1194 391 1194 392 1194 393 1194 394 1194 411 1186 427 1193 428 1193 429 1194 490 1194 490 1193 530 1185 534 1185 535 1185 543 1193 544 1193 545 1193 546 1193 597 1192 598 1192 616 1185 616 1169 614 1138 580 1137 553 1128 552 1128 551 1128 532 1130 531 1130 530 1130 530 1131 522 1138 494 1133 493 1133 492 1133 491 1133 491 1134 486 1139 458 1134 457 1134 456 1134 443 1139 433 1132 432 1132 432 1132 431 1132 430 1132 429 1132 429 1133 422 1140 402 1140 365 1131 365 1131 336 1135 325 1132 324 1132 323 1132 322 1132 321 1132 313 1138 268 1133 268 1133 267 1133 266 1133 266 1133 257 1141 234 1138 233 1138 166 1142 141 1134 141 1134 140 1134 139 1134 115 1144 116 1176"/></Shape>
	    <String CONTENT="En ma uie si ioyeux ne fuz."
                    HPOS="115"
                    VPOS="1128"
                    WIDTH="501"
                    HEIGHT="66"
                    WC="0.9996699690818787"></String>
          </TextLine>
          <TextLine ID="eSc_line_a582e113"
                    TAGREFS="LT8"
                    BASELINE="115 1226 311 1220" 
                    HPOS="113"
                    VPOS="1179"
                    WIDTH="198"
                    HEIGHT="74">
            <Shape><Polygon POINTS="115 1226 116 1253 164 1252 165 1252 166 1252 166 1252 171 1248 175 1245 186 1246 191 1247 192 1247 193 1247 201 1245 229 1237 236 1241 238 1244 239 1244 240 1244 241 1244 242 1244 256 1239 268 1235 311 1233 311 1220 306 1179 290 1187 251 1189 234 1189 226 1185 216 1179 215 1179 214 1179 181 1185 141 1181 140 1181 139 1181 113 1191 115 1226"/></Shape>
	    <String CONTENT="Et uous?"
                    HPOS="113"
                    VPOS="1179"
                    WIDTH="198"
                    HEIGHT="74"
                    WC="0.9933596402406693"></String>
          </TextLine>
          <TextLine ID="eSc_line_86d025af"
                    TAGREFS="LT10"
                    BASELINE="306 1268 494 1266" 
                    HPOS="305"
                    VPOS="1218"
                    WIDTH="189"
                    HEIGHT="91">
            <Shape><Polygon POINTS="307 1309 327 1300 337 1304 338 1304 339 1304 369 1299 493 1306 494 1266 491 1224 477 1224 476 1223 469 1218 468 1218 467 1218 466 1218 465 1218 459 1222 423 1219 422 1219 421 1219 420 1219 416 1222 412 1225 400 1222 382 1219 381 1219 380 1219 371 1222 358 1226 305 1222 306 1268"/></Shape>
	    <String CONTENT="Ministre."
                    HPOS="305"
                    VPOS="1218"
                    WIDTH="189"
                    HEIGHT="91"
                    WC="0.9961695538626777"></String>
          </TextLine>
        </TextBlock>
        <TextBlock HPOS="666"
                   VPOS="1257"
                   WIDTH="122"
                   HEIGHT="75"
                   ID="eSc_textblock_225c8a8f"
                   TAGREFS="BT17">
          <Shape><Polygon POINTS="666 1257 666 1332 788 1332 788 1257"/></Shape>
          <TextLine ID="eSc_line_6d1f50af"
                    TAGREFS="LT8"
                    BASELINE="688 1306 780 1304" 
                    HPOS="686"
                    VPOS="1258"
                    WIDTH="94"
                    HEIGHT="72">
            <Shape><Polygon POINTS="774 1260 766 1260 757 1260 748 1259 739 1259 730 1259 722 1259 713 1259 704 1258 700 1258 686 1261 688 1306 689 1330 713 1324 723 1327 730 1329 730 1329 731 1329 732 1329 733 1329 737 1326 742 1323 746 1325 752 1327 753 1327 754 1327 780 1321 780 1304 777 1269 774 1260"/></Shape>
	    <String CONTENT="Qui"
                    HPOS="686"
                    VPOS="1258"
                    WIDTH="94"
                    HEIGHT="72"
                    WC="0.9999996423721313"></String>
          </TextLine>
        </TextBlock>
      </PrintSpace>
    </Page>
  </Layout>
</alto>
