1010 1576
82.0 108.0 655.0 65.0 Car faictz nous a de grãds proffeitz,

82.0 159.0 592.0 59.0 Des chantz deuotz par luy ie feiz.

81.0 206.0 536.0 56.0 Souuent tu le doibz proposer.

79.0 250.0 648.0 63.0 Quand testamens ueulx composer.

76.0 298.0 560.0 58.0 Annuaulx aussi commandras.

84.0 344.0 473.0 57.0 Par ainsi fort proffiteras.

80.0 392.0 660.0 62.0 Des uifz ⁊ mortz prẽdras tousiours.

78.0 436.0 368.0 63.0 Quen dictes uous?

268.0 484.0 197.0 57.0 Simonie.

77.0 528.0 369.0 60.0 Ien feray les tours.

75.0 578.0 559.0 53.0 Et quand aucun riche mourra.

75.0 623.0 488.0 59.0 Bien ⁊ cher on luy uendra

73.0 671.0 507.0 55.0 Le cimetiere. Et chanterons

72.0 717.0 632.0 57.0 Le plus haultement que pourrons.

73.0 765.0 559.0 55.0 Querir le irons pompeusemẽt,

78.0 813.0 568.0 55.0 Puys que bon sera le payement.

70.0 854.0 493.0 60.0 Le plus riche poille il aura,

71.0 903.0 487.0 57.0 Lugentibus/ grand libera,

72.0 949.0 479.0 56.0 Des reuestieres/ diuersite,

68.0 994.0 547.0 58.0 De luminaire, grand quatite.

70.0 1042.0 564.0 59.0 Les grosses cloches sonneront,

71.0 1088.0 643.0 57.0 Dont nous rirons/ ⁊ ilz plourront.

70.0 1135.0 633.0 59.0 Tout ce grand proffit nous donra.

69.0 1182.0 572.0 56.0 Et quand petit peuple mourra,

68.0 1227.0 607.0 71.0 Sil nha dequoy pour nous payer,

465.0 1270.0 268.0 83.0 D Demãde
