1012 1580
64 100 647 60 Quãd assemblez sommes au bãquer

59 147 591 60 A quoy uous auez grand acquet.

61 193 624 60 Dentree, cinq solz/ autant dissue,

63 239 633 62 Six blancz fault pour lentretenue.

59 286 424 58 Aussi estes participans

61 333 606 59 Dautant quon y faict de despens.

63 380 627 58 Son uous porte donc leurs bassins

63 427 648 61 Pour nostre dame, ou poͬ les sainctz

61 473 640 59 Uous demandant aucune aumosne

59 519 598 59 Ne la donnez quelle ne soit bonne.

60 565 512 58 Dont on faict le diuin office,

59 612 553 58 Et aux trespassez grãd seruice.

64 659 566 57 Honnorez prebstres dessus tous

60 705 637 60 Car hault ilz sont par dessus uous.

64 754 540 55 Qui de leurs precieuses dens,

64 801 635 53 Dieux ont mange par mille ⁊ cens.

65 847 538 58 Pensez bien donc de les seruir,

62 891 515 57 Et nostre doctrine ensuyuir.

67 940 591 58 Prebstre ne clerc ne fault toucher

65 985 489 56 Ou le Pape excommunier

69 1030 456 58 Te fera par ses uicarios.

63 1078 517 56 Non tangatis christos mios.

65 1123 498 60 Lesquelz ont uoue chastete.

65 1170 620 57 Autrement, prebstres neussent este.

67 1215 601 82 Tenir leur fault uie monastique.

545 1258 175 110 E Leur
