1056 1584
319 123 392 53 Auoir uiure delicieux

322 165 602 63 Bon uin/ logiz/ habitz pompeux,

322 216 567 55 Uiure en repos, sans trauailler,

353 261 463 55 fors a loffice du moustier.

322 305 540 56 Mais Uerite trouue contraire

321 356 524 54 A toute chose que ueulx faire

323 398 658 58 Dont me plaing ⁊ dueil grandemẽt.

509 447 173 54 Auarice.

319 480 631 67 Noble seigneur? Helas? Comment?

321 538 479 56 Uous est Uerite si diuerse?

320 579 606 65 Que tous uoz faictz elle renuerse?

317 630 532 56 Comment ose elle a ce penser?

319 678 539 55 Uous deueriez biens posseder.

322 722 503 59 Selle faisoit ce quelle doibt.

321 769 614 59 Si tost que uous bougez le doigt.

323 814 658 58 Tout deburoit deuãt uous trembler

316 864 534 55 A qui nul ne deubt ressembler.

320 909 475 57 Le peuple doibt estre tenu

320 955 546 59 Paoure/ meschãt/ ⁊ mal uestu.

315 1002 475 54 Certes si croire me uoulez,

314 1049 424 57 Uerite plus ne seruirez,

315 1093 557 65 Trouue uoꝰ ay la recompense.

505 1142 194 59 Ministre.

312 1188 473 56 Ma dame auarice ie pense

320 1231 551 104 Fort uoulentier a mon profeit.

881 1277 97 86 Iay
