1014 1584
290.0 95.0 578.0 61.0 Leur estat est plus quangelique.

289.0 145.0 495.0 59.0 Deuotement oyr leur messe

289.0 188.0 556.0 61.0 Chascun dimenche pas ne cesse.

288.0 234.0 590.0 63.0 Car si troys foys suyuant failliez

292.0 283.0 579.0 60.0 Sans faulte estes excommuniez

292.0 329.0 544.0 59.0 De nostre sainct pere de rome.

292.0 374.0 577.0 62.0 Le pain beneit y doibt tout hõme

291.0 421.0 581.0 60.0 Nous aporter chascun dimenche,

292.0 467.0 629.0 61.0 Duquel poͬ nous moytie on trẽche.

291.0 512.0 561.0 63.0 Du reste, morseletz bien prende

293.0 560.0 616.0 57.0 Quiconques nous aporte offrãde,

296.0 606.0 593.0 62.0 Sans gans layãt prins, le baisez.

294.0 655.0 565.0 59.0 Duquel croisez, en iun mangez.

290.0 701.0 545.0 61.0 Aussy gardez bien ce quaresme

292.0 747.0 627.0 58.0 De manger laict/ beurre ne cresme/

293.0 791.0 597.0 61.0 Ne chair, quaussy ie uous deffens

299.0 838.0 550.0 60.0 Toutes uigiles/ ⁊ quartemps/

289.0 884.0 452.0 62.0 Au samedy/ ⁊ uendredy.

292.0 930.0 507.0 65.0 Manger en peulx le samedy

293.0 979.0 663.0 59.0 quãd chasc an la uierge est en couche,

291.0 1025.0 652.0 60.0 Aultremẽt, chair nentre en ta bouche

295.0 1071.0 480.0 58.0 Sur peine de peche mortel.

293.0 1115.0 539.0 63.0 Mais sau uendredy chet Noel

293.0 1166.0 500.0 58.0 Manges y chair shas apetit

297.0 1207.0 644.0 83.0 Tout pour lhonneur de Iesuchrist.

796.0 1256.0 160.0 72.0 Gardez
