1000 1580
263 123 549 63 Ie my en uoys/ nẽ parlez plus,

260 175 538 57 Et me suyuez. Plus empesche

259 222 532 58 Ne fuz iamais pour au peche

264 268 499 56 Ordonner digne penitence,

263 313 600 57 Ou coniurer leauue au dimenche.

258 359 615 58 Mieulx chanteroye par b. mol,

266 405 621 62 Que de respondre a son sainct Pol

260 451 486 57 Dindissolubles questions.

258 497 485 59 Mais par dissimulations,

266 544 417 59 Finement lay effascine.

259 591 496 58 Ma dame aucun iay affine.

260 639 522 57 Cela me faict tant demourer.

264 683 592 59 Tousiours me parle de labouret,

262 730 434 58 Et de tant de theologie.

265 776 531 58 Que toute ma teste en lourdie

262 825 508 55 Sil me disoit aucune iniure,

291 869 518 61 se feingnoye de nen tenir cure.

258 916 489 60 Mais luy dis en simplicite,

265 963 481 57 Quicy preschoit sa Uerite.

262 1010 498 52 Gueres narrestra de uenir.

258 1055 485 58 Et sil peult le peuple tenir,

259 1103 500 58 Faillir ne ueult de lamener.

445 1152 176 51 Auarice.

260 1192 471 64 Si daucun te laisse mener,

257 1245 598 98 Ma soeur ne moy ne peulx seruir.

788 1291 134 74 Pour¬
