1052 1604
424 97 314 80 Rondeau.

317 170 483 63 au gracieux Compaignon.

165 258 686 62 De Uerite/ on doibt tenir grand conte/

165 309 612 56 Car ny a seigneur/ baron/ ne conte,

165 351 712 62 Prince/ ne Roy/ femmes/ ne aussi le uin/

167 406 706 49 Qui soit plus fort quelle/ ne plus diuin:

164 445 618 59 A Darius, Esdras en feit le conte,

167 491 784 60 Quãd uous uerrez les putains auoir hõte/

164 540 628 57 Et iusticiers dargent hayr la fonte/

166 587 690 60 La congnoissance/ on aura tout a plein

378 633 213 54 De Uerite.

161 672 760 69 Quãd uous uerrez ung p̃bstre qui raconte

164 725 681 60 Tout Leuangile/ ⁊ nen faire mescõte/

184 772 667 59 Et qͥl naura que Dieu pour souuerain/

161 818 771 65 Sans consacrer pour largent Dieu en pain:

156 868 609 61 Alhors aurez predication prompte

378 913 214 61 De Uerite.

304 1095 364 59 Dauid Psalme.84.

284 1142 459 60 Uerite de la terre est yssue:

283 1190 439 75 Ee iustice uoit de la nue.
