990 1588
256.0 134.0 451.0 57.0 Qui aille pour la reueler.

254.0 178.0 659.0 59.0 Pour le moins ses biens ferõs uoller

254.0 226.0 571.0 63.0 Disans qͥlz estoyent heretiques.

441.0 273.0 147.0 53.0 Aucun.

250.0 316.0 642.0 62.0 Usez uous donc de telz practiques?

251.0 367.0 561.0 56.0 Laisse on le diable ainsi regner?

256.0 414.0 549.0 57.0 Pour dire uray emprisonner?

250.0 459.0 465.0 59.0 Mutiller? excommunier?

253.0 507.0 542.0 55.0 Bannir? piller? bruler? noyer?

253.0 552.0 544.0 57.0 Et ceulx qͥ ne font en tout lieu

255.0 597.0 616.0 60.0 Que blasphemer le nom de Dieu,

258.0 644.0 487.0 57.0 On ne les faict tyranniser.

264.0 690.0 469.0 60.0 Ie uiendray Nicomediser,

260.0 739.0 436.0 52.0 Si ie trouue oportunite.

261.0 785.0 510.0 56.0 Quand ny aura que Uerite,

262.0 831.0 474.0 59.0 Uenir la feray secretement

255.0 881.0 616.0 56.0 Chez moy, puis que publiquement,

262.0 928.0 540.0 53.0 Par tout le monde nest receue.

256.0 972.0 486.0 56.0 Delle mon ame sera repue

257.0 1015.0 659.0 62.0 Sil plaict a Dieu tãt que auray uie.

262.0 1064.0 507.0 59.0 Il mest aduis que Simonie

262.0 1112.0 383.0 55.0 Et Auarice se depart.

263.0 1156.0 510.0 61.0 Ie my en uoy dõc sur le tard.

260.0 1205.0 467.0 56.0 O Uerite tresnoble dame

259.0 1250.0 537.0 89.0 Sortez de ce lieu trop infame.

790.0 1295.0 124.0 62.0 Quãd
