1030 1584
71.0 98.0 448.0 65.0 Ha son guerisseur separe.

66.0 146.0 402.0 60.0 Et sil y a riens esgare,

65.0 193.0 467.0 63.0 Ung y en a qui le renuoye.

64.0 239.0 635.0 67.0 Lung de feu garde/ lautre lenuoye.

66.0 286.0 557.0 60.0 Lung ha puissance sur tõnoirre

66.0 334.0 554.0 58.0 De quasser menu cõme uoirre/

68.0 377.0 539.0 65.0 Ou de garder qui qͥl uouldra.

66.0 426.0 483.0 58.0 Lautre de rage absouldra.

66.0 472.0 537.0 59.0 Lung gardera de riens noyer/

66.0 517.0 574.0 61.0 Lung bled/ laultre uin enuoyer.

67.0 564.0 573.0 61.0 Lung uoller plume fera du naiz

65.0 610.0 617.0 66.0 Aux enfans qui seront mortz naiz.

66.0 659.0 511.0 59.0 Apres, metz les au cimetiere,

68.0 704.0 567.0 62.0 Et que pour eulx facons priere.

70.0 751.0 607.0 58.0 Uoire aussi maulgre leurs parens

68.0 796.0 617.0 67.0 Desquelz serons payez comptans.

77.0 844.0 546.0 59.0 Fays les dõc du peuple aorner/

69.0 889.0 504.0 59.0 Et des chandelles allumer.

76.0 932.0 585.0 63.0 Qui uiendront a nostre prouffit.

70.0 981.0 575.0 61.0 Et ueulx quil y aye gros escript

71.0 1028.0 613.0 62.0 Quon acquerra moult de pardons

68.0 1073.0 498.0 61.0 A donner offrandes ⁊ dons.

71.0 1120.0 616.0 67.0 Et ueulx auoir des troncz plantez

72.0 1168.0 507.0 57.0 Qui soyent fermez/ ⁊ bendez

71.0 1212.0 573.0 86.0 De fer pour mettre les offrãdes

633.0 1265.0 102.0 84.0 Que
