1022 1582
292.0 112.0 454.0 62.0 Que tenir ce quest legate.

296.0 150.0 542.0 72.0 Pour uostre salut premettons

291.0 199.0 593.0 69.0 Apportez nous de uoz moutons.

300.0 250.0 492.0 65.0 Par mon theme preallegue.

297.0 301.0 437.0 61.0 Si tant nestoye fatigue,

294.0 345.0 466.0 64.0 Confesse generalle auriez,

294.0 388.0 579.0 68.0 De bouche/ naiz/ aureille/ piedz,

307.0 432.0 627.0 67.0 x eulx/ mains/ ⁊ toute circonstance,

300.0 480.0 631.0 66.0 Ou/ quand/ cõment/ cõbien/ p̃sence/

296.0 526.0 667.0 69.0 Du gros peche uiẽdrõs aux brãches

295.0 575.0 617.0 65.0 Cõme faisons tous les dimenches.

295.0 622.0 602.0 64.0 Mais monseigneur nostre patron

299.0 667.0 589.0 65.0 Sainct Sepulchre, auquel offron

301.0 714.0 450.0 68.0 Specialement la confesse

297.0 761.0 485.0 66.0 Me pardonnera si ien cesse.

298.0 801.0 581.0 77.0 Pour retourner a noz moutons/

301.0 856.0 516.0 61.0 Et que bonne fin y mettons.

301.0 902.0 506.0 63.0 Car ie croy quentendez la fin

302.0 949.0 506.0 61.0 De ce quauons dict en latin,

307.0 998.0 360.0 56.0 Ferte nobis arietes.

306.0 1036.0 462.0 67.0 Soyez donc misericordes.

305.0 1087.0 551.0 61.0 Si aucun bien faict nous auez,

302.0 1135.0 438.0 59.0 Au cendouble le receuez.

302.0 1179.0 603.0 66.0 Ce sont de Iesus les beaulx dictz,

296.0 1227.0 408.0 103.0 Centuplum accipietis,

898.0 1256.0 56.0 82.0 En
