1010 1578
256 112 492 58 Scandalize ie ne men fusse.

267 163 629 57 Par le sainct chresme marie meusse,

255 208 549 55 Uiuant selon son ordonnance.

252 254 555 58 Mais quand autre chose ie pẽse

252 300 605 61 Mieulx me uault demourer ainsi

252 348 481 59 Et si nauray tant de soucy.

447 394 156 59 Peuple.

258 438 417 60 Iay bien ouy de Uerite

259 488 505 56 Saincte chose estre chastete.

251 533 540 55 De coeur ⁊ corps ⁊ q̃ telle estre

248 581 670 58 Au marie peult mieulx quau prebstre.

252 625 564 64 Ne uous desplaise mõseigneur.

444 671 187 60 Ministre.

269 715 529 64 Par le sainct canon cest erreur.

250 767 500 60 Ne ty arrestes mais me croy

255 816 493 57 Qui ta conscience congnoy.

252 860 402 55 La Uerite est odieuse.

256 904 505 61 Ie ne leusse dict oultrageuse

255 954 562 58 Pour manger chair au samedy/

252 1000 657 54 Quart temps/ quaresme/ uendredy,

252 1046 660 60 Bien scay que toꝰ iours sont esgaulx

249 1095 661 58 Des oeufz manger ou des oyseaulx

251 1140 534 57 Car Dieu ne se soucie en riens

250 1187 660 59 De quelz mangers faisons noz fiẽs.

249 1234 563 101 Mais: Decretalles autrement.

769 1279 143 73 Peuple
