992 1586
270.0 119.0 468.0 61.0 Pour question theologalle

263.0 167.0 551.0 61.0 Le uenerable sainct Bennard.

259.0 215.0 590.0 59.0 Mais mon sermon fineroye tard.

256.0 259.0 532.0 60.0 Auquel sans faulte bref seray.

261.0 306.0 502.0 61.0 Epistre ⁊ Euangille laisray

272.0 353.0 508.0 61.0 Pour faire noz accoustumees

255.0 401.0 494.0 57.0 Recommendations eurees.

261.0 445.0 566.0 59.0 Plus de dix mille sont de lordre

261.0 493.0 609.0 57.0 Lesquelz prient en grand concorde

277.0 538.0 636.0 62.0 Poͬ toꝰ ceulx qͥ grãds biẽs leur font.

259.0 585.0 608.0 60.0 Lesquelz point semblables ne sont

257.0 631.0 585.0 59.0 A ceulx qui ferment leurs porees

259.0 678.0 644.0 61.0 Peur des poͬ ceaux. Eulx laissẽt en¬

797 726 118 57 (trees

254 724 496 59 Et ioyeux sõt certes tretous

254.0 771.0 642.0 58.0 Si gras pourceaux uoyent en leurs

770 819 143 62 (choux.

259 816 502 64 prescher ne me ueullẽt mãder

253.0 864.0 545.0 59.0 Qui ne les scay recommander.

253.0 911.0 548.0 58.0 Et pourtant ce theme mettons

251.0 956.0 565.0 60.0 Apportez nous de uoz moutõs.

261.0 1005.0 470.0 55.0 Ie nayme riens questudier

250.0 1051.0 535.0 56.0 Comment pourray multiplier

251.0 1095.0 544.0 60.0 Le bien de nostre saincte eglise:

249.0 1141.0 537.0 59.0 Affin que mon theme deduyse

257.0 1186.0 550.0 62.0 Oyez, On uous faict assauoir

253.0 1237.0 554.0 70.0 Quentre nous auons le pouoir

831.0 1276.0 71.0 80.0 De
