1026 1578
71.0 105.0 631.0 65.0 Gardez laduẽt que les plus sainctz

63.0 150.0 642.0 70.0 Cõmencẽt au iour de la toussainctz.

58.0 196.0 452.0 65.0 Aussy font septuagesime

57.0 245.0 536.0 60.0 Auec poissons en leur cuysine.

59.0 291.0 623.0 64.0 Lesq̃lz serõt deux degrez plꝰ hault,

52.0 338.0 624.0 64.0 Au paradis quest sainct Regnault.

54.0 384.0 545.0 64.0 Le tressainct pape de clemence/

56.0 433.0 506.0 58.0 Par argent, donnera licence

50.0 477.0 536.0 63.0 A tous ses leaulx catholiques

54.0 526.0 642.0 63.0 Qui naymẽt poissõs fleumatiques,

52.0 572.0 626.0 61.0 De manger tout ce que uouldront,

52.0 618.0 635.0 64.0 Ou pour le moins ce quilz pourrõt.

48.0 664.0 472.0 60.0 Lequel aussi excommunie

54.0 710.0 630.0 64.0 Tous faulx dismeurs/ ou qui denie

47.0 757.0 601.0 62.0 Droict/ priuiliges/ censes/ rentes/

50.0 803.0 617.0 64.0 Franchises a nous appartenantes.

44.0 851.0 500.0 58.0 Acquictez donc en conscience

46.0 896.0 613.0 60.0 Les testament. Car quand ie pense

44.0 944.0 636.0 65.0 Comment sainct Pierre sen uengea

46.0 989.0 423.0 59.0 Danania ⁊ Sapphira,

47.0 1036.0 554.0 61.0 Le poil en teste tout men dresse.

46.0 1082.0 595.0 62.0 Pourtant que rendue la promesse

43.0 1130.0 658.0 62.0 Nauoient, tous deux tõberent mortz

50.0 1174.0 536.0 60.0 Deuant S. Pierre cõme porcz.

45.0 1222.0 638.0 107.0 Mieulx uaui droit mãger rost gate,

447.0 1265.0 255.0 130.0 E .ii. Que
