1042 1586
86.0 130.0 628.0 74.0 Iay en mon coeur trop grand despit

76.0 186.0 474.0 48.0 Que Uerite me contrarie.

81.0 229.0 561.0 58.0 Pourtãt uous prie doulce amie

74.0 277.0 565.0 63.0 Quaultre maistresse me querez.

262.0 322.0 171.0 55.0 Auarice.

76.0 361.0 500.0 66.0 Si feray ie uous le uoirrez.

80.0 415.0 538.0 59.0 Ie le uoꝰ prometz par ma foy.

74.0 466.0 548.0 54.0 Et tout prestement ie men uoy

96.0 506.0 544.0 60.0 dar deuers ma soeur Simonie.

75.0 555.0 564.0 60.0 Ma chere soeur ie uous supplie

75.0 600.0 631.0 62.0 Quauec moy uous uous en uenez,

77.0 647.0 429.0 59.0 Le ministre conforterez.

100.0 695.0 367.0 56.0 Il a Uerite relenqui.

83.0 740.0 530.0 58.0 Ie uous menray parler a luy.

77.0 787.0 512.0 59.0 Uous serez sa gouuerneresse

81.0 834.0 471.0 57.0 Son amye ⁊ sa maistresse.

75.0 876.0 542.0 60.0 Allons uoir ce qu il nous dira.

272.0 928.0 193.0 57.0 Simonie.

81.0 966.0 500.0 64.0 Sil me ueult seruir, il aura

78.0 1014.0 661.0 68.0 Des biens assez, point ne sen doubte.

271.0 1068.0 168.0 49.0 Auarice.

82.0 1102.0 572.0 67.0 Dieu gard la compaignie toute

81.0 1156.0 629.0 59.0 Nous uous sommes uenues uoir.

80.0 1203.0 629.0 63.0 Uoicy maistresse quon doibt auoir,

81.0 1251.0 606.0 90.0 Son desire les grands honneurs,

505.0 1288.0 240.0 83.0 C .iiii. Ilz
