1054 1584
96 124 493 63 Uiens tost Uerite escouter.

113 176 477 60 Ioyeux estoyt den gouster,

104 222 552 58 Possible nestoit de mieulx dire.

95 267 535 60 Mais affin deuiter uostre ire/

93 314 569 58 Auoir de uous grace ⁊ support:

96 361 583 64 Prest ie suis de la mettre a mort.

293 404 188 61 Ministre.

110 450 555 60 Par mes ordres quand ie sentis

96 499 414 57 La uerite ie taduertis,

95 544 622 62 Que riens que ton salut ne cerche.

93 592 670 60 Mais quãd iay ueu/ quainsi me mar

672 640 87 66 (che

92 637 503 63 Me uoulant faire labourer,

95 687 484 59 Estudier/ prescher/ ouurer,

94 731 536 62 Ce que napprins nulle saison.

99 777 602 62 Que diroyent ceulx de ma maison

98 824 463 62 Qui est la plus noble icy?

94 872 535 59 Nestoit ce pas cest homme icy,

98 916 628 59 Qui estoit riche en grand honneur?

97 964 489 59 Le uoyla uenu laboureur.

95 1010 613 60 A mes parens seroit honte ⁊ tache.

95 1056 456 66 De cela uerite me fasche.

289 1106 160 56 Peuple.

96 1147 663 67 Prudent Seigneur uous estes sage,

293 1198 190 57 Ministre.

98 1239 525 77 Selle neust dict q̃ de mariage.

588 1287 171 69 Scanda¬
