<?xml version="1.0" encoding="UTF-8"?>
<alto xmlns:xsi="http://www.w3.org/2001/XMLSchema-instance"
      xmlns="http://www.loc.gov/standards/alto/ns-v4#"
      xsi:schemaLocation="http://www.loc.gov/standards/alto/ns-v4# http://www.loc.gov/standards/alto/v4/alto-4-2.xsd">
  <Description>
    <MeasurementUnit>pixel</MeasurementUnit>
    <sourceImageInformation>
      <fileName>ABO_Z176243305.pdf_page_58.png</fileName>
      <fileIdentifier>mets//export_doc241_crrpv14_verite_cachee_alto_202408141449.zip/ABO_Z176243305.pdf_page_58.png</fileIdentifier>
    </sourceImageInformation>
  </Description>
  <Tags>
    <OtherTag ID="BT7" LABEL="CustomZone" DESCRIPTION="block type CustomZone"/><OtherTag ID="BT8" LABEL="DamageZone" DESCRIPTION="block type DamageZone"/><OtherTag ID="BT9" LABEL="DigitizationArtefactZone" DESCRIPTION="block type DigitizationArtefactZone"/><OtherTag ID="BT10" LABEL="DropCapitalZone" DESCRIPTION="block type DropCapitalZone"/><OtherTag ID="BT11" LABEL="GraphicZone" DESCRIPTION="block type GraphicZone"/><OtherTag ID="BT12" LABEL="MainZone" DESCRIPTION="block type MainZone"/><OtherTag ID="BT13" LABEL="MarginTextZone" DESCRIPTION="block type MarginTextZone"/><OtherTag ID="BT14" LABEL="MusicZone" DESCRIPTION="block type MusicZone"/><OtherTag ID="BT15" LABEL="NumberingZone" DESCRIPTION="block type NumberingZone"/><OtherTag ID="BT17" LABEL="QuireMarksZone" DESCRIPTION="block type QuireMarksZone"/><OtherTag ID="BT18" LABEL="RunningTitleZone" DESCRIPTION="block type RunningTitleZone"/><OtherTag ID="BT19" LABEL="SealZone" DESCRIPTION="block type SealZone"/><OtherTag ID="BT20" LABEL="StampZone" DESCRIPTION="block type StampZone"/><OtherTag ID="BT21" LABEL="TableZone" DESCRIPTION="block type TableZone"/><OtherTag ID="BT22" LABEL="TitlePageZone" DESCRIPTION="block type TitlePageZone"/><OtherTag ID="BT591" LABEL="MarginTextZone:handwrittenAddition" DESCRIPTION="block type MarginTextZone:handwrittenAddition"/>
    <OtherTag ID="LT7" LABEL="CustomLine" DESCRIPTION="line type CustomLine"/><OtherTag ID="LT8" LABEL="DefaultLine" DESCRIPTION="line type DefaultLine"/><OtherTag ID="LT9" LABEL="DropCapitalLine" DESCRIPTION="line type DropCapitalLine"/><OtherTag ID="LT10" LABEL="HeadingLine" DESCRIPTION="line type HeadingLine"/><OtherTag ID="LT11" LABEL="InterlinearLine" DESCRIPTION="line type InterlinearLine"/><OtherTag ID="LT12" LABEL="MusicLine" DESCRIPTION="line type MusicLine"/>
  </Tags>
  <Layout>
    <Page WIDTH="1030"
          HEIGHT="1580"
          PHYSICAL_IMG_NR="50"
          ID="eSc_dummypage_">
      <PrintSpace HPOS="0"
                  VPOS="0"
                  WIDTH="1030"
                  HEIGHT="1580">
        <TextBlock HPOS="49.0"
                   VPOS="118.0"
                   WIDTH="686.0"
                   HEIGHT="1184.0"
                   ID="eSc_textblock_0de6091b"
                   TAGREFS="BT12">
          <Shape><Polygon POINTS="51 118 49 1302 711 1287 713 1122 712 1066 715 948 731 883 718 778 735 118"/></Shape>
          <TextLine ID="eSc_line_a82654a1"
                    TAGREFS="LT8"
                    BASELINE="64 162 616 166" 
                    HPOS="63.0"
                    VPOS="122.0"
                    WIDTH="553.0"
                    HEIGHT="60.0">
            <Shape><Polygon POINTS="612 129 556 129 540 122 538 122 529 122 520 122 511 122 503 122 494 122 493 122 447 129 439 122 432 122 424 122 415 122 406 122 397 122 388 122 380 122 371 122 362 122 353 122 345 122 336 122 330 122 321 129 291 129 277 122 276 122 275 122 231 126 223 122 222 122 213 122 204 122 197 122 173 127 156 127 149 122 143 122 134 122 125 122 117 123 104 122 99 122 90 122 81 122 72 122 64 137 64 162 63 171 110 179 111 179 214 174 243 173 252 175 273 179 274 179 275 179 276 179 281 176 285 174 316 174 328 177 345 180 346 180 347 180 348 180 352 177 356 174 381 174 401 178 417 181 418 181 434 179 456 175 460 179 462 180 462 181 463 181 464 181 614 182 616 166 615 131 612 129"/></Shape>
            <String CONTENT="Autrement ne uouldroit uenir"
                    HPOS="63.0"
                    VPOS="122.0"
                    WIDTH="553.0"
                    HEIGHT="60.0"
                    WC="0.9870665563004357"></String>
          </TextLine>
          <TextLine ID="eSc_line_6cda593a"
                    TAGREFS="LT8"
                    BASELINE="64 210 554 213" 
                    HPOS="64.0"
                    VPOS="170.0"
                    WIDTH="490.0"
                    HEIGHT="63.0">
            <Shape><Polygon POINTS="64 210 64 222 146 222 148 224 154 228 155 228 156 228 157 228 178 224 186 223 188 225 198 229 199 229 200 229 232 227 239 231 240 231 241 231 242 232 272 232 272 231 273 231 284 227 291 224 305 227 324 231 410 232 411 233 511 233 511 232 511 232 512 232 512 231 522 226 553 232 554 213 554 181 538 173 537 173 536 173 535 173 522 180 520 181 511 180 489 177 488 177 487 177 480 179 475 181 472 179 462 172 461 172 460 172 437 172 436 172 435 172 434 172 427 178 423 181 407 178 391 174 390 174 368 177 339 180 332 176 331 174 330 174 329 174 328 174 327 174 323 176 309 180 295 175 286 172 285 172 284 172 283 172 278 174 269 179 262 174 259 172 259 172 258 172 228 171 227 171 226 171 225 171 222 173 216 177 209 173 208 173 208 173 207 173 206 173 198 179 139 179 122 179 111 171 110 171 109 171 64 170 64 210"/></Shape>
            <String CONTENT="Du peuple ie nay deffiance"
                    HPOS="64.0"
                    VPOS="170.0"
                    WIDTH="490.0"
                    HEIGHT="63.0"
                    WC="0.9806441137423882"></String>
          </TextLine>
          <TextLine ID="eSc_line_37df25fc"
                    TAGREFS="LT8"
                    BASELINE="63 257 597 259" 
                    HPOS="62.0"
                    VPOS="220.0"
                    WIDTH="535.0"
                    HEIGHT="56.0">
            <Shape><Polygon POINTS="63 257 62 272 103 266 235 266 249 273 250 273 251 273 252 273 252 273 252 272 259 267 292 272 293 272 294 272 307 267 347 267 354 273 354 274 355 274 356 274 357 274 358 274 380 269 396 274 396 274 548 275 549 275 550 275 551 275 561 268 573 275 574 275 575 276 596 276 597 259 596 229 576 229 576 229 569 223 569 222 568 222 567 222 566 222 565 222 551 229 539 223 538 223 537 223 536 223 535 223 526 229 525 229 501 224 500 224 457 229 453 229 452 229 446 223 446 222 446 222 445 222 444 222 443 222 431 229 430 229 425 229 394 224 393 224 361 228 355 222 354 222 353 222 352 222 328 228 320 221 319 221 318 221 317 221 252 228 247 228 246 228 238 221 238 220 237 220 237 220 236 220 235 220 214 227 190 220 189 220 188 220 145 227 144 227 129 220 128 220 79 220 79 220 78 220 63 226 63 257"/></Shape>
            <String CONTENT="Que ientretiens en esperance."
                    HPOS="62.0"
                    VPOS="220.0"
                    WIDTH="535.0"
                    HEIGHT="56.0"
                    WC="0.9908714397200222"></String>
          </TextLine>
          <TextLine ID="eSc_line_2a235398"
                    TAGREFS="LT8"
                    BASELINE="63 303 591 305" 
                    HPOS="62.0"
                    VPOS="263.0"
                    WIDTH="529.0"
                    HEIGHT="60.0">
            <Shape><Polygon POINTS="63 303 62 314 89 314 109 322 110 322 111 322 112 322 128 314 176 314 190 321 191 321 192 321 193 321 194 321 202 314 250 314 258 321 258 322 259 322 259 322 260 322 324 314 326 314 327 314 348 323 349 323 350 323 557 323 557 323 558 323 590 314 591 305 591 272 568 265 567 265 566 265 565 265 547 272 546 272 502 272 502 272 494 265 494 264 493 264 492 264 491 264 490 264 470 272 470 272 402 272 401 272 387 265 386 265 385 265 384 265 374 272 373 272 371 272 327 263 326 263 325 263 302 268 280 265 280 265 279 265 278 265 269 271 242 263 241 263 183 263 182 263 181 263 180 263 171 270 160 264 159 264 158 264 158 264 157 264 146 271 145 272 129 272 128 271 109 263 108 263 85 263 84 263 83 263 63 270 63 303"/></Shape>
            <String CONTENT="Mais sil demãde seray sourd."
                    HPOS="62.0"
                    VPOS="263.0"
                    WIDTH="529.0"
                    HEIGHT="60.0"
                    WC="0.9967617659733213"></String>
          </TextLine>
          <TextLine ID="eSc_line_70094760"
                    TAGREFS="LT8"
                    BASELINE="63 350 610 351" 
                    HPOS="62.0"
                    VPOS="310.0"
                    WIDTH="548.0"
                    HEIGHT="63.0">
            <Shape><Polygon POINTS="63 350 62 366 115 362 119 366 123 370 123 371 124 371 125 371 126 372 192 372 192 371 193 371 208 366 210 366 215 366 273 371 273 371 296 366 302 370 302 371 302 371 303 371 339 372 340 372 341 372 342 372 352 365 356 363 409 363 411 364 429 372 430 372 431 373 480 373 480 372 481 372 497 364 504 369 504 370 504 370 505 370 506 370 507 370 531 363 532 363 533 363 554 371 555 371 556 371 609 362 610 351 610 320 510 320 506 318 498 314 497 314 496 314 496 314 488 317 484 319 477 317 460 314 459 314 458 314 457 314 453 317 451 319 440 317 426 315 425 315 424 315 424 315 421 316 418 319 414 316 405 313 404 313 403 313 377 316 360 318 352 316 337 310 336 310 335 310 334 310 333 310 326 316 323 318 309 316 291 311 290 311 289 311 288 311 284 315 279 319 259 319 255 315 251 311 251 310 250 310 249 310 199 310 198 310 197 310 190 314 180 318 163 313 153 310 152 310 126 310 125 310 124 310 123 310 120 312 113 317 107 312 105 310 104 310 103 310 102 310 63 311 63 350"/></Shape>
            <String CONTENT="Ceste est leaue beneite de court."
                    HPOS="62.0"
                    VPOS="310.0"
                    WIDTH="548.0"
                    HEIGHT="63.0"
                    WC="0.9908623605063467"></String>
          </TextLine>
          <TextLine ID="eSc_line_82f8ef6b"
                    TAGREFS="LT8"
                    BASELINE="71 395 722 400" 
                    HPOS="71.0"
                    VPOS="359.0"
                    WIDTH="651.0"
                    HEIGHT="58.0">
            <Shape><Polygon POINTS="71 395 71 406 140 405 154 408 180 413 180 413 211 409 231 406 323 406 331 410 337 414 338 414 338 414 356 411 375 408 387 411 396 415 396 415 397 415 452 413 544 409 553 414 554 416 555 416 556 416 557 416 567 415 605 409 613 415 614 415 615 415 616 415 658 409 667 416 668 416 669 416 669 417 721 417 722 400 722 371 683 370 674 363 673 363 672 363 671 363 559 369 556 369 541 362 540 362 540 362 508 369 506 369 496 361 496 361 495 361 494 361 422 368 420 368 419 368 396 360 396 360 395 360 305 367 303 367 281 359 280 359 280 359 279 359 252 366 211 359 210 359 209 359 181 366 163 362 162 362 161 362 71 366 71 395"/></Shape>
            <String CONTENT="T rop paoure est qͥ ne peult ꝓmettre."
                    HPOS="71.0"
                    VPOS="359.0"
                    WIDTH="651.0"
                    HEIGHT="58.0"
                    WC="0.9924125961355261"></String>
          </TextLine>
          <TextLine ID="eSc_line_22f0f47b"
                    TAGREFS="LT8"
                    BASELINE="63 441 663 445" 
                    HPOS="63.0"
                    VPOS="403.0"
                    WIDTH="600.0"
                    HEIGHT="60.0">
            <Shape><Polygon POINTS="63 441 64 459 82 454 121 454 127 459 127 459 128 459 129 459 129 459 130 459 132 459 144 454 152 459 156 460 157 460 158 461 184 461 184 460 185 460 186 460 187 459 196 454 264 454 271 459 276 461 277 461 278 462 367 462 367 461 368 461 369 461 373 459 377 456 393 459 410 461 410 461 411 461 417 459 424 456 430 459 439 462 440 462 441 462 496 461 497 461 498 461 501 459 504 456 508 459 517 463 518 463 518 463 662 458 663 445 662 415 620 415 619 414 606 406 605 406 605 406 604 406 603 406 579 413 575 414 568 413 547 409 546 409 545 409 533 412 526 414 491 413 489 411 483 406 482 406 482 406 481 406 424 410 384 413 374 409 364 405 363 405 362 405 361 405 352 409 349 410 345 409 336 405 335 405 334 405 333 405 327 409 324 409 313 409 282 404 281 404 259 407 236 410 221 407 212 404 211 404 210 404 209 404 202 406 187 410 146 406 145 406 144 406 134 410 121 405 116 403 115 403 115 403 63 403 63 441"/></Shape>
            <String CONTENT="Duquel mestier ie me dis maistre."
                    HPOS="63.0"
                    VPOS="403.0"
                    WIDTH="600.0"
                    HEIGHT="60.0"
                    WC="0.9985007806257769"></String>
          </TextLine>
          <TextLine ID="eSc_line_855e51b7"
                    TAGREFS="LT8"
                    BASELINE="59 488 720 490" 
                    HPOS="58.0"
                    VPOS="450.0"
                    WIDTH="662.0"
                    HEIGHT="59.0">
            <Shape><Polygon POINTS="59 488 58 499 145 506 146 506 147 506 148 506 155 501 157 501 201 501 202 502 210 509 211 509 212 509 213 509 357 509 357 509 358 509 374 504 380 503 381 504 386 509 387 509 388 509 422 509 423 509 424 509 438 505 453 502 488 502 494 506 495 506 496 506 496 506 535 502 556 508 564 509 565 509 566 509 567 509 572 508 586 502 608 508 613 509 614 509 615 509 616 509 619 509 630 503 640 509 641 509 642 509 643 509 648 509 671 504 718 509 720 490 720 453 690 451 689 451 688 451 687 451 684 453 676 458 648 453 634 452 633 452 633 452 627 453 615 459 444 459 439 454 436 452 435 452 434 452 373 450 372 450 371 450 361 455 357 458 303 458 295 455 273 450 272 450 237 456 233 456 232 456 223 450 223 450 222 450 198 450 197 450 196 450 173 456 169 457 163 456 135 452 134 452 133 452 132 452 124 456 123 457 122 456 111 451 110 451 77 450 76 450 75 450 59 456 59 488"/></Shape>
            <String CONTENT="Mais, il est grand tẽps ma maistresse"
                    HPOS="58.0"
                    VPOS="450.0"
                    WIDTH="662.0"
                    HEIGHT="59.0"
                    WC="0.994427131979089"></String>
          </TextLine>
          <TextLine ID="eSc_line_11e0ec06"
                    TAGREFS="LT8"
                    BASELINE="63 536 288 534 717 539" 
                    HPOS="63.0"
                    VPOS="495.0"
                    WIDTH="654.0"
                    HEIGHT="62.0">
            <Shape><Polygon POINTS="63 536 64 553 86 546 130 551 131 551 152 546 162 553 162 554 163 554 164 554 165 554 165 554 168 553 194 547 242 547 252 554 252 554 253 554 254 554 255 554 256 554 269 548 290 554 295 555 295 555 296 555 297 555 302 554 321 548 368 554 386 556 387 556 399 554 414 552 429 554 440 556 441 556 442 556 448 554 464 549 475 554 476 555 477 555 478 555 479 555 480 555 481 554 486 551 491 554 494 557 495 557 496 557 496 557 511 554 525 552 535 554 544 557 545 557 546 557 716 554 717 539 716 508 682 500 681 500 680 500 660 507 635 507 612 507 612 507 603 499 602 499 601 499 600 499 599 499 583 507 569 507 554 507 554 506 537 499 536 499 482 498 482 498 432 505 410 499 409 499 408 499 407 499 395 505 383 497 382 497 381 497 381 497 380 497 352 504 336 500 335 500 334 500 333 500 324 505 301 505 275 505 273 504 235 499 234 499 212 503 199 496 198 496 197 496 123 502 86 495 85 495 84 495 63 502 63 536"/></Shape>
            <String CONTENT="Que uous monstriez uostre sagesse."
                    HPOS="63.0"
                    VPOS="495.0"
                    WIDTH="654.0"
                    HEIGHT="62.0"
                    WC="0.994995141730589"></String>
          </TextLine>
          <TextLine ID="eSc_line_cf3577ba"
                    TAGREFS="LT8"
                    BASELINE="63 581 667 584" 
                    HPOS="62.0"
                    VPOS="543.0"
                    WIDTH="605.0"
                    HEIGHT="60.0">
            <Shape><Polygon POINTS="63 581 62 594 135 599 136 599 136 599 150 596 158 593 167 596 173 597 174 597 175 597 188 596 208 593 212 596 218 601 219 601 220 601 264 602 265 603 310 603 310 602 311 602 321 597 328 594 355 594 365 598 374 602 375 602 376 602 377 602 386 598 396 594 412 594 418 598 422 602 423 602 424 602 424 602 442 599 450 597 460 599 471 601 472 601 473 601 474 601 475 599 482 595 519 595 532 600 539 603 540 603 540 603 666 601 667 584 666 553 590 548 590 548 589 548 588 548 588 549 584 552 577 547 576 547 576 547 575 547 547 551 530 545 529 545 528 545 527 545 510 553 500 553 474 553 473 553 456 545 455 545 454 545 453 545 437 551 409 545 408 545 368 552 367 552 352 544 352 544 351 544 291 552 288 552 287 552 265 543 264 543 263 543 262 543 261 543 256 548 249 543 248 543 247 543 220 543 219 543 218 543 217 543 217 544 208 551 188 545 187 545 187 545 147 551 146 551 145 551 124 543 123 543 81 543 80 543 79 543 63 550 63 581"/></Shape>
            <String CONTENT="Querir uous uoy des auditeurs."
                    HPOS="62.0"
                    VPOS="543.0"
                    WIDTH="605.0"
                    HEIGHT="60.0"
                    WC="0.9998305718104045"></String>
          </TextLine>
          <TextLine ID="eSc_line_96620875"
                    TAGREFS="LT8"
                    BASELINE="61 629 428 628 696 633" 
                    HPOS="61.0"
                    VPOS="590.0"
                    WIDTH="635.0"
                    HEIGHT="59.0">
            <Shape><Polygon POINTS="61 629 61 639 86 639 86 639 94 645 95 645 96 645 97 645 121 640 124 639 129 640 143 644 144 644 144 644 163 640 172 639 289 639 295 643 301 647 302 647 302 647 303 648 340 648 340 647 341 647 351 644 358 641 363 644 369 647 370 647 371 647 372 647 383 645 395 641 403 645 411 648 412 648 413 649 509 649 509 648 510 648 514 646 528 641 571 647 584 649 585 649 603 648 646 645 694 649 696 633 696 601 631 600 631 599 625 594 624 594 623 594 622 594 621 594 620 594 613 599 611 601 590 601 586 598 577 594 576 594 576 594 575 594 566 598 562 600 554 598 528 592 527 592 526 592 509 597 508 597 506 597 490 592 489 592 489 592 488 592 476 596 470 599 455 596 440 594 439 594 425 596 406 599 401 596 396 592 396 592 395 592 394 592 393 592 384 596 376 598 359 595 338 591 338 591 337 591 336 591 331 595 326 598 303 594 301 594 300 594 299 594 298 594 293 599 232 599 206 592 196 590 195 590 174 592 137 595 128 591 126 590 125 590 124 590 123 590 122 591 111 595 61 590 61 629"/></Shape>
            <String CONTENT="Dieu uous ayde bons laboureurs."
                    HPOS="61.0"
                    VPOS="590.0"
                    WIDTH="635.0"
                    HEIGHT="59.0"
                    WC="0.9882878526564567"></String>
          </TextLine>
          <TextLine ID="eSc_line_f3239280"
                    TAGREFS="LT8"
                    BASELINE="58 673 565 678" 
                    HPOS="57.0"
                    VPOS="635.0"
                    WIDTH="508.0"
                    HEIGHT="64.0">
            <Shape><Polygon POINTS="58 673 57 690 72 695 73 695 74 695 91 691 101 689 109 691 121 695 122 695 122 695 123 695 124 695 129 691 133 689 147 691 166 695 167 695 168 695 180 691 185 690 187 691 194 696 194 696 195 696 196 696 216 692 219 691 223 692 246 696 247 696 248 696 262 692 268 690 286 692 331 697 331 697 378 693 395 691 398 693 408 698 409 698 410 698 511 694 532 693 535 694 552 699 553 699 554 699 554 699 564 694 565 678 565 645 541 639 540 639 540 639 539 639 533 644 530 646 427 646 421 644 391 638 390 638 389 638 375 644 374 645 312 645 302 643 227 636 226 636 193 641 171 636 170 636 169 636 168 636 167 636 167 637 161 643 144 643 90 635 68 635 67 635 66 635 65 635 58 639 58 673"/></Shape>
            <String CONTENT="Reposez uous quelque petit."
                    HPOS="57.0"
                    VPOS="635.0"
                    WIDTH="508.0"
                    HEIGHT="64.0"
                    WC="0.9721237884627448"></String>
          </TextLine>
          <TextLine ID="eSc_line_04c875d7"
                    TAGREFS="LT10"
                    BASELINE="257 720 410 721" 
                    HPOS="256.0"
                    VPOS="684.0"
                    WIDTH="154.0"
                    HEIGHT="59.0">
            <Shape><Polygon POINTS="256 737 261 742 261 743 262 743 263 743 264 743 410 736 410 721 410 693 388 691 382 685 382 684 381 684 380 684 338 689 302 692 257 684 257 720"/></Shape>
            <String CONTENT="Peuple."
                    HPOS="256.0"
                    VPOS="684.0"
                    WIDTH="154.0"
                    HEIGHT="59.0"
                    WC="0.9999892881938389"></String>
          </TextLine>
          <TextLine ID="eSc_line_b2d6e612"
                    TAGREFS="LT8"
                    BASELINE="64 768 537 770" 
                    HPOS="64.0"
                    VPOS="727.0"
                    WIDTH="473.0"
                    HEIGHT="63.0">
            <Shape><Polygon POINTS="64 768 64 786 110 780 123 787 124 787 125 787 126 787 150 780 206 780 214 787 214 788 215 788 216 788 230 789 231 789 256 787 303 784 308 787 308 788 309 788 309 788 310 788 311 788 312 788 312 787 320 781 336 787 339 789 340 789 341 789 349 787 379 781 406 781 413 787 415 789 415 790 416 790 417 790 417 790 480 790 480 790 481 790 482 790 484 787 490 782 500 787 504 790 505 790 506 790 536 787 537 770 536 731 506 729 505 729 498 730 462 737 441 730 440 730 439 730 439 730 423 738 395 738 374 729 374 729 373 729 372 729 371 729 370 729 345 738 318 738 314 733 314 732 313 732 312 732 311 732 235 736 222 728 221 728 220 728 219 728 218 728 197 733 188 728 187 728 187 728 182 728 158 728 158 728 157 728 129 736 115 728 114 728 64 727 64 768"/></Shape>
            <String CONTENT="Ien auroye grand appetit."
                    HPOS="64.0"
                    VPOS="727.0"
                    WIDTH="473.0"
                    HEIGHT="63.0"
                    WC="0.9851949691772461"></String>
          </TextLine>
          <TextLine ID="eSc_line_a2c53dc1"
                    TAGREFS="LT8"
                    BASELINE="59 816 677 814" 
                    HPOS="58.0"
                    VPOS="778.0"
                    WIDTH="619.0"
                    HEIGHT="55.0">
            <Shape><Polygon POINTS="59 816 59 825 108 832 108 832 109 832 122 825 123 825 184 825 185 825 192 832 192 833 193 833 194 833 194 833 230 833 230 833 230 833 231 833 239 825 240 825 272 825 280 833 281 833 282 833 283 833 284 833 299 827 305 833 306 833 307 833 308 833 367 833 367 833 402 832 403 832 403 832 412 825 413 825 429 825 430 825 437 831 437 832 438 832 439 832 439 832 469 825 477 832 478 832 479 832 480 833 512 833 512 832 513 832 528 825 542 831 543 831 544 831 567 827 572 832 573 832 574 832 575 833 648 833 648 832 648 832 677 824 677 814 676 785 610 778 584 778 583 778 583 778 582 778 574 784 572 785 569 784 555 779 554 779 554 779 553 779 544 784 540 785 468 783 383 782 382 782 374 783 359 786 346 782 333 779 332 779 331 779 288 782 244 786 230 782 227 782 226 782 225 782 220 782 207 784 204 782 201 779 200 779 199 779 198 779 197 779 187 782 178 785 169 782 162 779 161 779 160 779 58 781 59 816"/></Shape>
            <String CONTENT="Mais iay ma femme ⁊ mes enfans"
                    HPOS="58.0"
                    VPOS="778.0"
                    WIDTH="619.0"
                    HEIGHT="55.0"
                    WC="0.9965458432833354"></String>
          </TextLine>
          <TextLine ID="eSc_line_417baf24"
                    TAGREFS="LT8"
                    BASELINE="62 859 717 862" 
                    HPOS="61.0"
                    VPOS="823.0"
                    WIDTH="656.0"
                    HEIGHT="60.0">
            <Shape><Polygon POINTS="62 859 61 868 168 869 181 880 182 880 183 880 184 880 185 880 219 869 244 881 244 881 245 882 357 882 357 881 358 881 384 872 414 882 415 882 416 883 491 883 491 882 554 871 580 871 613 883 614 883 615 883 684 883 684 883 684 883 716 871 717 862 715 827 654 831 629 826 622 825 621 825 614 826 590 831 581 826 580 826 579 826 577 826 554 831 533 826 525 825 525 825 524 825 518 826 504 831 397 831 369 825 358 824 357 824 356 824 351 825 338 829 329 825 324 824 324 824 323 824 322 824 316 825 302 829 274 825 263 824 262 824 250 825 223 829 187 829 180 825 179 823 178 823 177 823 176 823 159 825 128 828 62 825 62 859"/></Shape>
            <String CONTENT="Pour qui fault guagner les despens"
                    HPOS="61.0"
                    VPOS="823.0"
                    WIDTH="656.0"
                    HEIGHT="60.0"
                    WC="0.997738473555621"></String>
          </TextLine>
          <TextLine ID="eSc_line_b73ec4f5"
                    TAGREFS="LT8"
                    BASELINE="57 909 369 907 613 911" 
                    HPOS="56.0"
                    VPOS="869.0"
                    WIDTH="557.0"
                    HEIGHT="63.0">
            <Shape><Polygon POINTS="57 909 56 919 77 925 78 925 79 925 79 925 80 925 86 920 99 930 100 930 100 930 101 931 128 931 128 930 129 930 129 930 144 920 146 919 280 919 283 922 290 928 291 928 292 928 319 930 320 930 345 929 346 929 347 929 354 923 367 930 367 930 368 930 395 925 429 925 434 930 434 931 435 931 436 931 437 932 507 932 507 931 508 931 520 926 522 925 523 926 529 931 530 931 531 931 532 931 612 926 613 911 613 878 581 872 580 872 543 876 518 870 518 870 517 870 489 876 489 876 488 876 459 871 458 871 403 876 393 876 391 876 384 870 383 870 382 870 381 870 381 870 367 876 367 876 366 876 349 871 348 871 347 871 319 875 313 876 304 875 268 871 267 871 266 871 258 875 252 876 244 875 229 870 228 870 227 870 200 874 180 876 152 874 137 872 136 872 136 872 133 873 129 876 125 873 122 870 121 870 120 870 119 870 118 870 112 873 107 876 105 873 101 870 101 869 100 869 100 869 99 869 57 872 57 909"/></Shape>
            <String CONTENT="A grand trauail/ peine/ ⁊ sueur."
                    HPOS="56.0"
                    VPOS="869.0"
                    WIDTH="557.0"
                    HEIGHT="63.0"
                    WC="0.9998213611543179"></String>
          </TextLine>
          <TextLine ID="eSc_line_bd383c5f"
                    TAGREFS="LT10"
                    BASELINE="250 954 395 954" 
                    HPOS="250.0"
                    VPOS="915.0"
                    WIDTH="145.0"
                    HEIGHT="60.0">
            <Shape><Polygon POINTS="250 963 282 969 283 969 309 966 322 974 323 974 324 974 324 975 365 975 365 974 366 974 395 963 395 954 395 927 338 920 337 920 331 921 318 926 311 920 310 920 309 920 295 922 289 918 287 916 287 915 286 915 285 915 250 915 250 954"/></Shape>
            <String CONTENT="Aucun."
                    HPOS="250.0"
                    VPOS="915.0"
                    WIDTH="145.0"
                    HEIGHT="60.0"
                    WC="0.9828303257624308"></String>
          </TextLine>
          <TextLine ID="eSc_line_77deb659"
                    TAGREFS="LT8"
                    BASELINE="57 1001 702 1001" 
                    HPOS="57.0"
                    VPOS="962.0"
                    WIDTH="645.0"
                    HEIGHT="61.0">
            <Shape><Polygon POINTS="57 1001 57 1015 237 1015 244 1016 271 1022 272 1022 273 1022 292 1017 327 1022 328 1022 329 1022 343 1017 348 1015 352 1017 359 1022 360 1022 360 1022 361 1022 388 1018 396 1016 398 1018 404 1022 405 1022 406 1022 407 1022 449 1018 469 1016 475 1018 485 1022 486 1022 487 1022 488 1022 496 1019 503 1015 511 1019 519 1022 520 1022 521 1023 608 1023 608 1022 609 1022 618 1019 625 1017 629 1019 633 1022 634 1022 635 1022 636 1022 702 1019 702 1001 701 969 631 969 624 968 598 962 597 962 573 967 564 969 561 967 555 962 554 962 554 962 536 962 535 962 534 962 533 962 527 966 523 969 321 969 314 964 312 962 311 962 310 962 309 962 309 962 305 964 297 967 280 963 268 962 267 962 266 962 266 962 263 963 254 969 231 963 224 962 223 962 223 962 219 963 207 969 184 962 180 962 179 962 178 962 177 962 175 962 163 969 149 962 147 962 146 962 145 962 141 962 113 967 105 962 104 962 103 962 57 962 57 1001"/></Shape>
            <String CONTENT="Nul nha bon temps que ce Seigneur/"
                    HPOS="57.0"
                    VPOS="962.0"
                    WIDTH="645.0"
                    HEIGHT="61.0"
                    WC="0.9880949819789213"></String>
          </TextLine>
          <TextLine ID="eSc_line_98cc5598"
                    TAGREFS="LT8"
                    BASELINE="56 1051 239 1047 603 1048" 
                    HPOS="55.0"
                    VPOS="1008.0"
                    WIDTH="548.0"
                    HEIGHT="62.0">
            <Shape><Polygon POINTS="56 1051 56 1060 69 1065 70 1065 71 1065 139 1061 144 1061 144 1061 166 1070 167 1070 168 1070 209 1070 209 1070 210 1070 227 1062 230 1060 278 1060 283 1062 302 1069 302 1069 303 1069 304 1069 305 1069 312 1063 320 1070 321 1070 322 1070 323 1070 353 1065 354 1065 355 1065 355 1064 358 1062 361 1059 384 1059 392 1062 407 1069 408 1069 409 1069 410 1069 427 1064 432 1068 432 1069 432 1069 433 1069 434 1069 557 1064 582 1069 583 1069 583 1069 603 1063 603 1048 602 1018 522 1017 522 1016 513 1009 513 1008 512 1008 511 1008 511 1008 510 1008 482 1016 476 1017 456 1015 418 1012 417 1012 417 1012 412 1015 408 1017 404 1015 395 1010 394 1010 393 1010 392 1010 378 1014 369 1017 360 1014 344 1010 343 1010 342 1010 341 1010 331 1014 322 1018 306 1013 293 1010 292 1010 291 1010 290 1010 282 1013 274 1017 259 1012 256 1012 255 1012 254 1012 253 1012 252 1012 252 1013 248 1017 237 1012 225 1009 224 1009 223 1009 223 1009 212 1012 203 1015 199 1012 195 1009 194 1009 194 1009 142 1009 141 1009 140 1009 139 1009 136 1012 129 1018 108 1011 100 1009 100 1009 99 1009 55 1010 56 1051"/></Shape>
            <String CONTENT="De labeur nha la main rõpue."
                    HPOS="55.0"
                    VPOS="1008.0"
                    WIDTH="548.0"
                    HEIGHT="62.0"
                    WC="0.9978658289744936"></String>
          </TextLine>
          <TextLine ID="eSc_line_0b075a27"
                    TAGREFS="LT10"
                    BASELINE="246 1096 430 1094" 
                    HPOS="245.0"
                    VPOS="1054.0"
                    WIDTH="185.0"
                    HEIGHT="59.0">
            <Shape><Polygon POINTS="246 1106 331 1113 332 1113 429 1107 430 1094 427 1059 386 1062 383 1060 377 1055 377 1054 376 1054 375 1054 358 1054 357 1054 356 1054 326 1062 323 1062 322 1062 315 1056 314 1056 313 1056 312 1056 311 1056 310 1056 302 1062 264 1055 263 1055 262 1055 245 1062 246 1096"/></Shape>
            <String CONTENT="Ministre."
                    HPOS="245.0"
                    VPOS="1054.0"
                    WIDTH="185.0"
                    HEIGHT="59.0"
                    WC="0.9995104140705533"></String>
          </TextLine>
          <TextLine ID="eSc_line_b1c48719"
                    TAGREFS="LT8"
                    BASELINE="65 1140 616 1139" 
                    HPOS="64.0"
                    VPOS="1098.0"
                    WIDTH="552.0"
                    HEIGHT="63.0">
            <Shape><Polygon POINTS="65 1140 65 1151 139 1149 145 1153 148 1155 149 1155 150 1155 151 1155 151 1155 152 1155 152 1154 154 1153 158 1149 241 1149 252 1155 260 1159 261 1159 363 1160 364 1160 365 1160 375 1156 393 1149 404 1156 408 1159 409 1159 410 1159 410 1159 411 1159 417 1156 432 1151 446 1157 453 1160 454 1160 455 1161 507 1161 507 1160 508 1160 509 1160 511 1158 522 1149 548 1158 553 1160 554 1160 554 1160 616 1159 616 1139 614 1109 583 1109 583 1108 573 1099 573 1098 572 1098 571 1098 570 1098 569 1098 536 1107 535 1107 523 1098 522 1098 521 1098 486 1098 485 1098 484 1098 483 1098 483 1099 475 1106 473 1108 458 1106 422 1100 421 1100 420 1100 410 1105 402 1108 373 1105 366 1104 365 1104 364 1104 363 1104 358 1109 325 1109 312 1103 304 1100 303 1100 302 1100 302 1100 295 1103 283 1108 261 1104 260 1104 230 1108 221 1102 216 1098 216 1098 215 1098 214 1098 213 1098 208 1101 195 1108 148 1103 147 1103 146 1103 128 1108 111 1099 108 1098 108 1098 107 1098 64 1098 65 1140"/></Shape>
            <String CONTENT="Ouure de main mest deffendue"
                    HPOS="64.0"
                    VPOS="1098.0"
                    WIDTH="552.0"
                    HEIGHT="63.0"
                    WC="0.9926221306834903"></String>
          </TextLine>
          <TextLine ID="eSc_line_36a04a00"
                    TAGREFS="LT8"
                    BASELINE="54 1187 586 1185" 
                    HPOS="53.0"
                    VPOS="1144.0"
                    WIDTH="533.0"
                    HEIGHT="62.0">
            <Shape><Polygon POINTS="54 1187 54 1198 120 1198 122 1199 138 1206 139 1206 140 1206 141 1206 163 1199 168 1198 259 1198 276 1200 309 1205 309 1206 435 1206 435 1205 436 1205 437 1205 437 1204 440 1201 446 1197 475 1197 483 1202 488 1205 489 1205 489 1205 490 1206 524 1206 524 1205 525 1205 525 1205 529 1202 536 1198 541 1202 544 1204 544 1205 545 1205 546 1205 547 1205 585 1202 586 1185 583 1156 557 1156 554 1155 546 1150 545 1150 544 1150 543 1150 542 1150 537 1154 534 1156 530 1154 515 1149 514 1149 513 1149 512 1149 511 1149 511 1149 506 1154 504 1156 458 1156 454 1153 448 1147 448 1146 447 1146 446 1146 446 1146 445 1146 429 1152 428 1152 427 1152 389 1144 388 1144 388 1144 387 1144 379 1151 373 1156 357 1156 350 1150 349 1149 348 1149 347 1149 346 1149 345 1149 345 1149 345 1150 344 1150 338 1156 321 1150 320 1150 319 1150 290 1156 258 1149 249 1147 248 1147 247 1147 246 1147 244 1149 230 1157 208 1157 190 1148 186 1145 185 1145 53 1145 54 1187"/></Shape>
            <String CONTENT="Du sainct decret. Et sa notice"
                    HPOS="53.0"
                    VPOS="1144.0"
                    WIDTH="533.0"
                    HEIGHT="62.0"
                    WC="0.9864559412002564"></String>
          </TextLine>
          <TextLine ID="eSc_line_07af303f"
                    TAGREFS="LT8"
                    BASELINE="53 1234 514 1231" 
                    HPOS="52.0"
                    VPOS="1193.0"
                    WIDTH="462.0"
                    HEIGHT="60.0">
            <Shape><Polygon POINTS="53 1234 53 1245 112 1245 113 1245 121 1249 122 1249 122 1249 174 1245 175 1245 176 1245 197 1250 198 1250 199 1250 250 1244 254 1244 256 1244 283 1252 284 1252 285 1252 286 1252 287 1252 295 1244 314 1252 315 1252 316 1253 360 1253 360 1252 420 1246 432 1251 432 1251 433 1252 487 1252 487 1251 488 1251 489 1251 489 1250 497 1243 513 1243 514 1231 511 1199 476 1201 472 1199 464 1193 463 1193 462 1193 442 1193 441 1193 440 1193 439 1193 433 1199 431 1200 423 1199 398 1194 397 1194 396 1194 386 1199 380 1201 366 1199 345 1195 344 1195 343 1195 342 1195 337 1199 330 1203 288 1203 280 1199 277 1196 276 1196 275 1196 274 1196 259 1199 245 1201 242 1199 237 1194 236 1194 235 1194 214 1194 213 1194 212 1194 211 1194 211 1195 207 1199 202 1202 196 1199 191 1195 190 1195 189 1195 188 1195 187 1195 179 1199 166 1203 161 1199 160 1199 159 1199 158 1199 158 1199 157 1199 157 1199 152 1203 104 1202 97 1199 91 1195 90 1195 89 1195 52 1198 53 1234"/></Shape>
            <String CONTENT="Uenoit, seroye cite doffice"
                    HPOS="52.0"
                    VPOS="1193.0"
                    WIDTH="462.0"
                    HEIGHT="60.0"
                    WC="0.9925231536229452"></String>
          </TextLine>
          <TextLine ID="eSc_line_e73f594c"
                    TAGREFS="LT8"
                    BASELINE="53 1285 547 1280" 
                    HPOS="52.0"
                    VPOS="1237.0"
                    WIDTH="495.0"
                    HEIGHT="98.0">
            <Shape><Polygon POINTS="53 1285 53 1301 100 1301 107 1305 115 1310 116 1310 117 1310 118 1310 119 1310 120 1310 125 1306 126 1306 131 1310 132 1310 133 1310 134 1310 135 1310 144 1307 165 1300 192 1300 203 1307 204 1307 205 1307 206 1307 207 1307 222 1304 237 1314 242 1317 243 1317 244 1317 244 1317 282 1316 300 1316 302 1318 308 1321 309 1321 309 1321 310 1321 311 1321 320 1319 349 1310 363 1313 364 1313 365 1313 366 1313 378 1304 397 1319 398 1319 399 1319 413 1321 414 1321 415 1321 425 1316 439 1327 451 1335 452 1335 453 1335 453 1335 547 1334 547 1280 547 1247 532 1238 531 1238 530 1238 512 1237 496 1237 495 1237 494 1237 493 1237 477 1248 400 1248 390 1242 389 1242 388 1242 388 1242 387 1242 387 1243 380 1249 325 1249 296 1240 295 1240 295 1240 294 1240 293 1240 279 1249 259 1240 258 1240 234 1240 233 1240 232 1240 213 1250 172 1245 172 1245 171 1245 154 1249 128 1243 127 1243 126 1243 125 1243 117 1249 108 1242 107 1242 106 1242 64 1242 64 1242 63 1242 62 1242 62 1242 52 1250 53 1285"/></Shape>
            <String CONTENT="Soeuure faisoye manuelle."
                    HPOS="52.0"
                    VPOS="1237.0"
                    WIDTH="495.0"
                    HEIGHT="98.0"
                    WC="0.9896758151054382"></String>
          </TextLine>
        </TextBlock>
        <TextBlock HPOS="711.0"
                   VPOS="956.0"
                   WIDTH="156.0"
                   HEIGHT="90.0"
                   ID="eSc_textblock_53a3224b"
                   TAGREFS="BT13">
          <Shape><Polygon POINTS="711 956 711 1046 867 1046 867 956"/></Shape>
          <TextLine ID="eSc_line_16b32124"
                    TAGREFS="LT8"
                    BASELINE="725 997 855 993" 
                    HPOS="723.0"
                    VPOS="953.0"
                    WIDTH="132.0"
                    HEIGHT="53.0">
            <Shape><Polygon POINTS="846 960 837 959 831 957 801 962 787 955 785 953 784 953 783 953 782 953 777 954 759 960 723 954 725 997 725 1006 790 1000 853 1004 855 993 852 960 846 960"/></Shape>
            <String CONTENT="Iob.21b."
                    HPOS="723.0"
                    VPOS="953.0"
                    WIDTH="132.0"
                    HEIGHT="53.0"
                    WC="0.9998595789074898"></String>
          </TextLine>
          <TextLine ID="eSc_line_d39bd090"
                    TAGREFS="LT8"
                    BASELINE="721 1040 770 1035 860 1035" 
                    HPOS="720.0"
                    VPOS="997.0"
                    WIDTH="140.0"
                    HEIGHT="58.0">
            <Shape><Polygon POINTS="721 1040 722 1055 749 1045 758 1052 759 1052 760 1052 761 1052 762 1052 763 1052 770 1046 795 1048 796 1048 797 1048 815 1043 835 1054 835 1054 836 1054 860 1053 860 1035 859 1003 809 997 808 997 807 997 806 997 799 1003 797 1005 762 1005 760 1004 753 998 752 998 751 998 750 998 720 1004 721 1040"/></Shape>
            <String CONTENT="Pro.26.c"
                    HPOS="720.0"
                    VPOS="997.0"
                    WIDTH="140.0"
                    HEIGHT="58.0"
                    WC="0.9998069703578949"></String>
          </TextLine>
        </TextBlock>
        <TextBlock HPOS="463.0"
                   VPOS="1294.0"
                   WIDTH="258.0"
                   HEIGHT="54.0"
                   ID="eSc_textblock_c24f3d2b"
                   TAGREFS="BT17">
          <Shape><Polygon POINTS="463 1294 463 1348 721 1348 721 1294"/></Shape>
          <TextLine ID="eSc_line_ce318fdb"
                    TAGREFS="LT8"
                    BASELINE="476 1336 711 1332" 
                    HPOS="474.0"
                    VPOS="1249.0"
                    WIDTH="235.0"
                    HEIGHT="112.0">
            <Shape><Polygon POINTS="475 1335 475 1354 540 1350 549 1357 551 1360 553 1360 554 1360 555 1361 588 1361 588 1360 590 1360 591 1360 591 1358 594 1357 597 1353 601 1357 603 1357 604 1357 605 1357 607 1357 608 1357 608 1356 616 1348 651 1348 708 1357 709 1331 707 1249 615 1249 613 1249 612 1249 611 1249 586 1265 551 1286 474 1282 475 1335"/></Shape>
            <String CONTENT="D .ii. Au¬"
                    HPOS="474.0"
                    VPOS="1249.0"
                    WIDTH="235.0"
                    HEIGHT="112.0"
                    ></String>
          </TextLine>
        </TextBlock>
      </PrintSpace>
    </Page>
  </Layout>
</alto>
