<?xml version="1.0" encoding="UTF-8"?>
<alto xmlns:xsi="http://www.w3.org/2001/XMLSchema-instance"
      xmlns="http://www.loc.gov/standards/alto/ns-v4#"
      xsi:schemaLocation="http://www.loc.gov/standards/alto/ns-v4# http://www.loc.gov/standards/alto/v4/alto-4-2.xsd">
  <Description>
    <MeasurementUnit>pixel</MeasurementUnit>
    <sourceImageInformation>
      <fileName>ABO_Z176243305.pdf_page_64.png</fileName>
      <fileIdentifier>mets//export_doc241_crrpv14_verite_cachee_alto_202408141449.zip/ABO_Z176243305.pdf_page_64.png</fileIdentifier>
    </sourceImageInformation>
  </Description>
  <Tags>
    <OtherTag ID="BT7" LABEL="CustomZone" DESCRIPTION="block type CustomZone"/><OtherTag ID="BT8" LABEL="DamageZone" DESCRIPTION="block type DamageZone"/><OtherTag ID="BT9" LABEL="DigitizationArtefactZone" DESCRIPTION="block type DigitizationArtefactZone"/><OtherTag ID="BT10" LABEL="DropCapitalZone" DESCRIPTION="block type DropCapitalZone"/><OtherTag ID="BT11" LABEL="GraphicZone" DESCRIPTION="block type GraphicZone"/><OtherTag ID="BT12" LABEL="MainZone" DESCRIPTION="block type MainZone"/><OtherTag ID="BT13" LABEL="MarginTextZone" DESCRIPTION="block type MarginTextZone"/><OtherTag ID="BT14" LABEL="MusicZone" DESCRIPTION="block type MusicZone"/><OtherTag ID="BT15" LABEL="NumberingZone" DESCRIPTION="block type NumberingZone"/><OtherTag ID="BT17" LABEL="QuireMarksZone" DESCRIPTION="block type QuireMarksZone"/><OtherTag ID="BT18" LABEL="RunningTitleZone" DESCRIPTION="block type RunningTitleZone"/><OtherTag ID="BT19" LABEL="SealZone" DESCRIPTION="block type SealZone"/><OtherTag ID="BT20" LABEL="StampZone" DESCRIPTION="block type StampZone"/><OtherTag ID="BT21" LABEL="TableZone" DESCRIPTION="block type TableZone"/><OtherTag ID="BT22" LABEL="TitlePageZone" DESCRIPTION="block type TitlePageZone"/><OtherTag ID="BT591" LABEL="MarginTextZone:handwrittenAddition" DESCRIPTION="block type MarginTextZone:handwrittenAddition"/>
    <OtherTag ID="LT7" LABEL="CustomLine" DESCRIPTION="line type CustomLine"/><OtherTag ID="LT8" LABEL="DefaultLine" DESCRIPTION="line type DefaultLine"/><OtherTag ID="LT9" LABEL="DropCapitalLine" DESCRIPTION="line type DropCapitalLine"/><OtherTag ID="LT10" LABEL="HeadingLine" DESCRIPTION="line type HeadingLine"/><OtherTag ID="LT11" LABEL="InterlinearLine" DESCRIPTION="line type InterlinearLine"/><OtherTag ID="LT12" LABEL="MusicLine" DESCRIPTION="line type MusicLine"/>
  </Tags>
  <Layout>
    <Page WIDTH="994"
          HEIGHT="1584"
          PHYSICAL_IMG_NR="56"
          ID="eSc_dummypage_">
      <PrintSpace HPOS="0"
                  VPOS="0"
                  WIDTH="994"
                  HEIGHT="1584">
        <TextBlock HPOS="45.0"
                   VPOS="119.0"
                   WIDTH="663.0"
                   HEIGHT="1194.0"
                   ID="eSc_textblock_385d0cfb"
                   TAGREFS="BT12">
          <Shape><Polygon POINTS="45 119 45 1313 426 1312 440 1186 689 1171 708 119"/></Shape>
          <TextLine ID="eSc_line_4b418f21"
                    TAGREFS="LT8"
                    BASELINE="66 169 672 173" 
                    HPOS="66.0"
                    VPOS="130.0"
                    WIDTH="606.0"
                    HEIGHT="60.0">
            <Shape><Polygon POINTS="664 139 655 139 647 138 638 136 629 135 620 134 619 133 612 136 611 136 611 136 596 131 594 131 585 130 576 130 567 130 559 130 555 130 548 136 547 137 534 137 532 135 525 130 523 130 515 130 506 130 498 130 491 135 490 136 476 136 475 135 468 130 462 130 453 130 444 130 435 130 427 130 418 130 409 130 400 130 391 130 387 130 377 132 371 130 365 130 357 130 336 134 333 134 331 134 317 130 312 130 303 130 295 130 287 133 286 134 285 133 276 130 268 130 259 130 250 130 242 130 236 130 233 133 231 135 220 135 217 133 213 130 206 130 198 130 189 130 180 130 171 130 168 130 165 132 164 133 66 132 66 169 66 185 193 181 212 187 216 188 217 188 218 189 329 189 329 188 332 188 365 182 397 186 398 186 445 183 459 189 460 189 461 189 462 189 465 189 500 183 518 189 520 190 521 190 522 190 561 190 561 190 562 190 563 190 568 184 578 190 579 190 580 190 581 190 584 190 624 183 631 189 631 190 632 190 633 190 633 190 671 190 672 173 671 139 664 139"/></Shape>
            <String CONTENT="Pourtant se tu nous ueulx suiuir,"
                    HPOS="66.0"
                    VPOS="130.0"
                    WIDTH="606.0"
                    HEIGHT="60.0"
                    WC="0.9958320386482008"></String>
          </TextLine>
          <TextLine ID="eSc_line_2cdd4f87"
                    TAGREFS="LT8"
                    BASELINE="57 217 691 220" 
                    HPOS="56.0"
                    VPOS="178.0"
                    WIDTH="635.0"
                    HEIGHT="59.0">
            <Shape><Polygon POINTS="57 217 56 230 279 235 280 235 299 234 331 229 372 234 393 236 394 236 411 234 447 230 454 234 456 236 456 236 457 236 458 236 459 236 463 235 478 230 495 235 499 236 500 236 500 236 506 235 530 230 537 236 537 236 537 237 538 237 539 237 540 237 564 236 657 231 689 237 691 220 687 180 682 184 581 180 566 180 566 180 561 180 531 184 473 180 456 179 455 179 449 180 431 183 423 180 420 179 419 179 419 179 403 180 368 183 364 180 362 178 361 178 360 178 360 178 359 178 352 180 339 183 57 180 57 217"/></Shape>
            <String CONTENT="Nye sainct Paul ⁊ tous Prophetes,"
                    HPOS="56.0"
                    VPOS="178.0"
                    WIDTH="635.0"
                    HEIGHT="59.0"
                    WC="0.9957090363358007"></String>
          </TextLine>
          <TextLine ID="eSc_line_63bcbd40"
                    TAGREFS="LT8"
                    BASELINE="57 266 692 266" 
                    HPOS="57.0"
                    VPOS="226.0"
                    WIDTH="635.0"
                    HEIGHT="57.0">
            <Shape><Polygon POINTS="57 266 57 279 187 276 193 280 196 282 197 282 198 282 198 283 300 283 300 282 301 282 301 282 304 280 310 276 318 280 319 280 320 280 321 280 322 280 323 280 338 276 348 280 353 282 353 282 354 283 386 283 386 282 387 282 388 282 390 280 397 276 416 280 425 282 426 282 427 282 427 282 430 280 437 276 474 280 490 282 491 282 492 282 493 282 494 280 502 276 526 276 548 280 557 282 558 282 559 282 565 280 582 276 589 280 590 282 591 282 592 282 593 282 637 281 638 281 639 281 639 280 644 277 691 280 692 266 692 233 638 233 637 232 629 226 628 226 627 226 626 226 597 231 593 232 591 231 582 227 581 227 581 227 580 227 571 231 567 233 494 233 490 230 481 226 480 226 479 226 458 230 448 232 444 229 440 226 439 226 438 226 410 226 409 226 387 229 367 232 341 228 320 226 319 226 318 226 310 228 298 232 252 227 249 227 248 227 246 227 212 232 174 227 166 226 165 226 164 226 162 227 153 232 146 227 146 226 145 226 144 226 143 226 142 226 140 227 123 232 117 227 117 226 116 226 115 226 57 226 57 266"/></Shape>
            <String CONTENT="Qui nauoient ou poser leurs testes."
                    HPOS="57.0"
                    VPOS="226.0"
                    WIDTH="635.0"
                    HEIGHT="57.0"
                    WC="0.9841803159032549"></String>
          </TextLine>
          <TextLine ID="eSc_line_649c201e"
                    TAGREFS="LT8"
                    BASELINE="55 308 573 310" 
                    HPOS="54.0"
                    VPOS="271.0"
                    WIDTH="519.0"
                    HEIGHT="57.0">
            <Shape><Polygon POINTS="55 308 54 321 70 326 71 326 72 326 105 322 110 326 110 327 111 327 112 327 113 327 149 322 156 327 157 327 158 327 159 327 197 322 199 322 200 322 212 327 213 327 213 327 244 322 250 322 260 322 315 328 316 328 316 328 317 328 324 323 325 322 326 323 337 328 338 328 338 328 339 328 350 323 353 322 356 323 373 328 374 328 375 328 375 328 387 323 391 322 396 323 411 328 412 328 412 328 435 324 447 322 451 324 458 328 459 328 460 328 461 328 472 324 480 322 571 325 573 310 573 278 538 271 537 271 482 277 481 277 479 277 432 271 431 271 430 271 429 271 422 277 419 278 418 276 408 271 407 271 392 271 391 271 390 271 390 271 390 272 385 276 383 278 316 278 311 275 308 272 307 272 306 272 305 272 259 274 207 277 194 273 183 271 182 271 181 271 168 273 152 277 141 273 135 271 134 271 133 271 132 271 126 272 114 277 55 272 55 308"/></Shape>
            <String CONTENT="Riche seras ⁊ grand seigneur"
                    HPOS="54.0"
                    VPOS="271.0"
                    WIDTH="519.0"
                    HEIGHT="57.0"
                    WC="0.998698890209198"></String>
          </TextLine>
          <TextLine ID="eSc_line_471b323c"
                    TAGREFS="LT8"
                    BASELINE="58 357 681 359" 
                    HPOS="57.0"
                    VPOS="315.0"
                    WIDTH="624.0"
                    HEIGHT="60.0">
            <Shape><Polygon POINTS="58 357 57 366 102 367 117 374 117 374 118 374 119 374 138 368 151 374 152 374 153 374 200 368 203 368 233 368 234 368 242 374 243 374 244 374 245 374 246 374 266 369 269 368 269 369 276 374 277 374 278 374 279 374 279 374 297 369 301 368 309 369 340 374 341 374 342 374 351 369 354 368 382 368 384 370 397 374 397 374 398 375 398 374 399 374 412 370 413 369 415 370 423 375 424 375 425 375 426 375 459 370 470 369 483 371 521 375 522 375 576 371 607 369 611 372 615 375 616 375 617 375 618 375 680 372 681 359 680 322 592 316 591 316 590 316 589 316 583 321 579 324 566 321 558 319 557 319 556 319 555 319 548 321 536 324 521 321 499 316 498 316 497 316 496 316 491 321 487 324 469 324 460 321 449 316 448 316 447 316 446 316 430 321 418 324 391 321 357 316 356 316 355 316 343 321 337 323 279 323 273 321 262 315 261 315 260 315 228 321 209 324 117 324 110 321 101 315 100 315 99 315 58 320 58 357"/></Shape>
            <String CONTENT="En nous seruant de tout ton cueur"
                    HPOS="57.0"
                    VPOS="315.0"
                    WIDTH="624.0"
                    HEIGHT="60.0"
                    WC="0.9974071925336664"></String>
          </TextLine>
          <TextLine ID="eSc_line_93ef5a6f"
                    TAGREFS="LT8"
                    BASELINE="58 409 207 404 562 406" 
                    HPOS="58.0"
                    VPOS="363.0"
                    WIDTH="504.0"
                    HEIGHT="60.0">
            <Shape><Polygon POINTS="58 409 58 419 85 422 86 422 87 422 95 419 108 416 117 419 125 422 125 422 126 423 180 423 180 422 181 422 191 419 203 416 213 419 222 422 223 422 224 422 264 418 299 416 308 418 319 422 320 422 321 422 322 422 323 422 328 418 333 416 370 416 373 418 376 421 376 422 377 422 378 422 379 423 430 423 430 422 478 420 479 420 480 420 480 419 483 418 484 416 488 418 495 420 496 420 497 420 561 417 562 406 561 371 544 366 543 366 542 366 493 370 482 371 480 370 468 364 467 364 466 364 465 364 450 370 447 371 429 369 399 366 398 366 385 368 372 371 367 368 356 363 355 363 354 363 325 367 304 372 282 372 277 366 274 365 274 364 273 364 272 364 272 364 257 366 235 371 229 366 226 363 225 363 224 363 196 363 195 363 194 363 193 363 193 364 191 366 184 372 158 372 142 365 138 363 137 363 136 363 135 363 131 365 124 367 58 364 58 409"/></Shape>
            <String CONTENT="Tu en uoirras lexperience."
                    HPOS="58.0"
                    VPOS="363.0"
                    WIDTH="504.0"
                    HEIGHT="60.0"
                    WC="0.996216567663046"></String>
          </TextLine>
          <TextLine ID="eSc_line_812390ae"
                    TAGREFS="LT10"
                    BASELINE="241 451 432 451" 
                    HPOS="241.0"
                    VPOS="410.0"
                    WIDTH="191.0"
                    HEIGHT="59.0">
            <Shape><Polygon POINTS="241 462 269 469 270 469 300 469 301 469 301 468 308 462 322 469 323 469 324 469 333 464 361 469 362 469 432 462 432 451 432 418 382 418 381 417 375 410 374 410 373 410 372 410 331 410 330 410 322 416 320 417 317 416 309 412 308 412 307 412 306 412 305 412 301 415 300 417 298 415 290 410 289 410 288 410 287 410 241 414 241 451"/></Shape>
            <String CONTENT="Ministre."
                    HPOS="241.0"
                    VPOS="410.0"
                    WIDTH="191.0"
                    HEIGHT="59.0"
                    WC="0.9998888174692789"></String>
          </TextLine>
          <TextLine ID="eSc_line_65d91d19"
                    TAGREFS="LT8"
                    BASELINE="71 498 572 498" 
                    HPOS="70.0"
                    VPOS="454.0"
                    WIDTH="502.0"
                    HEIGHT="59.0">
            <Shape><Polygon POINTS="71 498 71 513 106 507 145 512 146 512 147 512 158 507 171 512 172 512 173 512 174 512 186 507 233 507 238 511 238 512 239 512 240 512 241 512 247 511 272 507 296 511 307 512 308 512 571 507 572 498 570 462 537 454 537 454 536 454 521 462 516 463 510 462 490 454 489 454 447 454 446 454 445 454 444 454 438 459 430 455 429 455 428 455 427 455 417 460 408 464 344 464 336 459 334 457 333 457 332 457 331 457 331 457 330 457 328 459 321 463 253 463 247 457 246 457 246 456 245 456 244 456 222 454 221 454 210 457 184 463 160 456 154 454 153 454 152 454 70 454 71 498"/></Shape>
            <String CONTENT="Ie uous iure ma conscience,"
                    HPOS="70.0"
                    VPOS="454.0"
                    WIDTH="502.0"
                    HEIGHT="59.0"
                    WC="0.9996453324953715"></String>
          </TextLine>
          <TextLine ID="eSc_line_aafc6a8d"
                    TAGREFS="LT8"
                    BASELINE="62 544 636 542" 
                    HPOS="61.0"
                    VPOS="503.0"
                    WIDTH="575.0"
                    HEIGHT="54.0">
            <Shape><Polygon POINTS="62 544 62 555 634 557 636 542 634 507 563 503 562 503 561 503 560 503 553 507 548 511 520 511 514 508 500 503 499 503 498 503 497 503 496 503 487 508 485 510 484 508 478 503 477 503 476 503 456 503 456 503 455 503 454 503 445 509 441 511 307 511 303 510 282 504 281 504 280 504 279 504 279 504 279 505 272 510 272 512 211 512 210 511 200 504 199 504 198 504 86 504 85 504 84 504 61 512 62 544"/></Shape>
            <String CONTENT="Trescheres dame que le serment"
                    HPOS="61.0"
                    VPOS="503.0"
                    WIDTH="575.0"
                    HEIGHT="54.0"
                    WC="0.9995497544606526"></String>
          </TextLine>
          <TextLine ID="eSc_line_ee6e4b06"
                    TAGREFS="LT8"
                    BASELINE="66 591 679 591" 
                    HPOS="66.0"
                    VPOS="552.0"
                    WIDTH="613.0"
                    HEIGHT="56.0">
            <Shape><Polygon POINTS="675 552 66 554 66 591 66 607 107 601 117 608 117 608 118 608 119 608 202 608 202 608 203 608 205 608 226 601 242 608 243 608 244 608 245 608 292 608 292 608 293 608 294 608 301 601 346 601 353 607 353 608 354 608 355 608 356 608 375 608 375 608 375 608 376 608 384 601 395 608 396 608 397 608 398 608 423 603 437 608 438 608 439 608 441 608 478 601 487 608 488 608 489 608 490 608 509 608 509 608 510 608 533 601 552 608 552 608 553 608 554 608 572 601 618 601 634 608 635 608 636 608 679 608 679 591 678 556 675 552"/></Shape>
            <String CONTENT="Quay faict par le sainct sacrement"
                    HPOS="66.0"
                    VPOS="552.0"
                    WIDTH="613.0"
                    HEIGHT="56.0"
                    WC="0.9997958996716667"></String>
          </TextLine>
          <TextLine ID="eSc_line_b7e5d72f"
                    TAGREFS="LT8"
                    BASELINE="58 639 629 638" 
                    HPOS="58.0"
                    VPOS="595.0"
                    WIDTH="571.0"
                    HEIGHT="58.0">
            <Shape><Polygon POINTS="58 639 58 650 153 647 161 649 168 652 169 652 169 652 184 649 194 647 196 649 200 652 200 653 201 653 202 653 203 653 204 653 213 649 214 649 216 649 245 653 246 653 276 648 285 647 292 648 316 653 316 653 317 653 338 648 345 646 385 646 397 647 444 652 445 652 446 652 461 647 463 646 464 647 481 652 482 652 483 653 565 653 565 652 566 652 578 647 616 652 617 652 618 652 618 652 629 645 629 638 627 603 574 595 574 595 573 595 558 603 557 603 555 603 519 595 518 595 517 595 516 595 506 603 505 604 493 604 492 603 472 595 471 595 471 595 470 595 446 601 425 596 424 596 423 596 422 596 402 603 382 595 381 595 380 595 379 595 353 602 345 595 344 595 343 595 342 595 311 601 297 598 296 598 295 598 294 598 294 598 284 604 283 605 240 605 239 604 230 596 229 596 228 596 207 596 206 596 206 596 205 596 194 604 186 598 185 598 184 598 184 598 183 598 167 602 156 597 155 597 154 597 154 597 153 597 144 604 115 604 107 597 107 596 106 596 105 596 82 596 81 596 80 596 58 603 58 639"/></Shape>
            <String CONTENT="Que ie uous tiendray loyaulte."
                    HPOS="58.0"
                    VPOS="595.0"
                    WIDTH="571.0"
                    HEIGHT="58.0"
                    WC="0.9989359398682912"></String>
          </TextLine>
          <TextLine ID="eSc_line_6b7e65e9"
                    TAGREFS="LT8"
                    BASELINE="58 685 482 682" 
                    HPOS="58.0"
                    VPOS="641.0"
                    WIDTH="424.0"
                    HEIGHT="58.0">
            <Shape><Polygon POINTS="58 685 58 695 176 699 176 699 201 694 206 693 208 694 214 698 215 698 216 698 217 698 218 698 219 698 224 694 225 694 228 694 284 698 285 698 353 697 353 697 354 697 360 693 361 692 369 693 424 697 425 697 482 691 482 682 480 648 458 647 453 642 453 641 452 641 451 641 450 641 449 641 436 647 420 642 419 642 419 642 368 647 346 641 346 641 345 641 344 641 343 641 333 648 294 642 293 642 292 642 291 642 283 649 197 650 173 650 162 643 161 643 161 643 80 643 79 643 78 643 58 650 58 685"/></Shape>
            <String CONTENT="Et ny a aucune beaulte"
                    HPOS="58.0"
                    VPOS="641.0"
                    WIDTH="424.0"
                    HEIGHT="58.0"
                    WC="0.9998394007032568"></String>
          </TextLine>
          <TextLine ID="eSc_line_71fd7477"
                    TAGREFS="LT8"
                    BASELINE="60 731 632 731" 
                    HPOS="60.0"
                    VPOS="689.0"
                    WIDTH="572.0"
                    HEIGHT="59.0">
            <Shape><Polygon POINTS="60 731 60 741 144 741 157 747 158 747 159 747 191 741 191 741 192 741 229 747 230 747 258 742 286 747 287 747 287 747 305 741 306 741 353 741 354 741 361 747 362 747 363 747 364 748 403 748 403 747 404 747 404 747 404 746 409 742 436 747 437 747 438 747 452 741 453 741 456 741 484 747 485 747 560 741 570 741 573 741 595 747 596 747 632 741 632 731 632 696 608 696 600 689 599 689 598 689 597 689 483 690 450 696 428 689 427 689 427 689 426 689 425 689 425 690 418 696 349 696 336 689 335 689 292 689 291 689 290 689 272 696 229 689 228 689 228 689 206 696 149 696 141 690 140 690 139 690 78 689 77 689 76 689 60 696 60 731"/></Shape>
            <String CONTENT="Et tout le mõde qui men garde."
                    HPOS="60.0"
                    VPOS="689.0"
                    WIDTH="572.0"
                    HEIGHT="59.0"
                    WC="0.9998838805383251"></String>
          </TextLine>
          <TextLine ID="eSc_line_018b65cf"
                    TAGREFS="LT8"
                    BASELINE="83 777 527 777 669 783" 
                    HPOS="83.0"
                    VPOS="736.0"
                    WIDTH="586.0"
                    HEIGHT="60.0">
            <Shape><Polygon POINTS="83 777 83 790 123 787 134 791 146 794 147 794 147 795 181 795 181 794 182 794 183 794 183 793 185 791 187 790 194 791 212 794 213 794 213 794 222 792 235 787 245 792 251 794 252 794 253 794 254 794 260 792 271 787 275 792 279 794 279 795 279 795 280 795 281 796 312 796 312 795 313 795 321 792 328 789 336 792 337 792 338 792 338 792 345 792 385 788 390 792 393 794 393 795 394 795 395 795 396 795 397 795 406 792 418 790 431 792 441 795 442 795 443 795 448 793 457 788 540 788 559 794 564 795 565 795 566 795 576 794 620 788 634 794 636 795 637 795 638 795 668 794 669 783 668 740 603 737 602 737 601 737 596 740 588 743 572 740 567 739 566 739 566 739 564 740 555 743 552 740 550 738 549 738 548 738 522 737 522 737 509 739 490 743 484 739 482 737 481 737 480 737 462 737 461 737 460 737 459 737 459 738 457 739 452 744 275 744 235 738 224 736 223 736 222 736 217 737 198 742 83 737 83 777"/></Shape>
            <String CONTENT="Ie nay sinon peur que uous perde,"
                    HPOS="83.0"
                    VPOS="736.0"
                    WIDTH="586.0"
                    HEIGHT="60.0"
                    WC="0.9998761704473784"></String>
          </TextLine>
          <TextLine ID="eSc_line_cbe2fc55"
                    TAGREFS="LT8"
                    BASELINE="58 828 193 824 609 825" 
                    HPOS="58.0"
                    VPOS="784.0"
                    WIDTH="551.0"
                    HEIGHT="59.0">
            <Shape><Polygon POINTS="58 828 58 836 77 842 78 842 79 842 135 836 139 836 145 836 197 842 198 843 238 843 238 842 239 842 240 842 250 836 253 836 308 842 309 842 309 842 327 836 328 836 356 836 362 841 362 842 363 842 364 842 365 843 449 843 449 842 480 836 481 836 522 842 522 842 608 835 609 825 606 784 593 790 548 790 542 784 542 784 541 784 540 784 539 784 512 784 427 789 421 786 417 784 416 784 415 784 414 784 406 786 396 789 371 786 342 784 341 784 340 784 339 784 336 787 333 790 283 790 277 788 258 784 257 784 257 784 256 784 250 788 250 789 247 788 236 784 235 784 235 784 142 789 73 784 73 784 72 784 58 789 58 828"/></Shape>
            <String CONTENT="De me perdre, nayez pas peur."
                    HPOS="58.0"
                    VPOS="784.0"
                    WIDTH="551.0"
                    HEIGHT="59.0"
                    WC="0.9839810317960279"></String>
          </TextLine>
          <TextLine ID="eSc_line_977fb35f"
                    TAGREFS="LT10"
                    BASELINE="256 869 399 869" 
                    HPOS="256.0"
                    VPOS="830.0"
                    WIDTH="143.0"
                    HEIGHT="56.0">
            <Shape><Polygon POINTS="256 880 285 886 286 886 309 881 310 881 311 881 321 886 322 886 323 886 399 882 399 869 399 843 356 840 355 839 346 830 345 830 344 830 343 830 342 830 327 836 319 840 305 836 290 830 289 830 288 830 256 831 256 869"/></Shape>
            <String CONTENT="Aucun."
                    HPOS="256.0"
                    VPOS="830.0"
                    WIDTH="143.0"
                    HEIGHT="56.0"
                    WC="0.9749120672543844"></String>
          </TextLine>
          <TextLine ID="eSc_line_2c107edc"
                    TAGREFS="LT8"
                    BASELINE="61 919 596 916" 
                    HPOS="60.0"
                    VPOS="871.0"
                    WIDTH="536.0"
                    HEIGHT="64.0">
            <Shape><Polygon POINTS="61 919 61 929 94 930 98 934 98 935 99 935 100 935 101 935 102 935 117 930 125 935 126 935 127 935 128 935 194 929 203 929 204 929 211 934 212 934 213 934 213 934 214 934 228 929 230 929 274 929 276 929 282 934 283 934 284 934 285 934 338 933 339 933 340 933 345 929 347 928 390 928 394 929 404 933 404 933 405 933 406 933 414 929 418 928 431 929 452 931 453 931 454 931 459 929 463 927 465 929 468 931 468 932 469 932 470 932 471 932 596 929 596 916 593 871 563 875 557 871 556 871 555 871 554 871 482 872 474 872 449 878 375 875 353 874 353 874 344 875 326 879 296 877 243 872 242 872 242 872 241 872 233 878 231 880 208 880 207 879 195 872 194 872 193 872 192 872 173 879 170 880 169 880 149 873 148 873 147 873 147 873 131 879 117 873 117 873 116 873 92 878 73 873 72 873 71 873 70 873 69 873 60 879 61 919"/></Shape>
            <String CONTENT="Metz fin ung petit au labeur"
                    HPOS="60.0"
                    VPOS="871.0"
                    WIDTH="536.0"
                    HEIGHT="64.0"
                    WC="0.9957864688975471"></String>
          </TextLine>
          <TextLine ID="eSc_line_21f0e645"
                    TAGREFS="LT8"
                    BASELINE="73 963 571 963" 
                    HPOS="73.0"
                    VPOS="924.0"
                    WIDTH="498.0"
                    HEIGHT="55.0">
            <Shape><Polygon POINTS="73 963 73 979 97 974 106 979 107 979 108 979 109 979 110 979 110 979 130 974 146 978 147 979 148 979 149 979 154 978 178 974 189 978 191 979 192 979 193 979 221 977 283 974 288 976 292 979 293 979 294 979 294 979 295 979 302 976 311 974 324 976 338 979 339 979 359 975 373 974 390 974 392 975 396 978 396 979 397 979 397 979 398 979 399 979 413 975 420 974 443 975 511 979 512 979 513 979 514 979 519 974 571 973 571 963 571 932 516 932 515 931 507 926 506 926 505 926 504 926 503 926 487 931 485 931 483 931 469 924 468 924 413 924 412 924 412 924 411 924 411 925 405 930 391 924 390 924 342 924 341 924 340 924 339 924 339 925 335 929 333 931 329 929 320 924 319 924 318 924 317 924 307 929 300 931 284 928 264 924 233 924 232 924 231 924 230 924 225 928 219 931 211 927 205 924 204 924 203 924 184 927 156 931 73 926 73 963"/></Shape>
            <String CONTENT="Peuple allons Uerite oyr."
                    HPOS="73.0"
                    VPOS="924.0"
                    WIDTH="498.0"
                    HEIGHT="55.0"
                    WC="0.9995964145660401"></String>
          </TextLine>
          <TextLine ID="eSc_line_5ba92c3c"
                    TAGREFS="LT8"
                    BASELINE="59 1012 545 1009" 
                    HPOS="58.0"
                    VPOS="968.0"
                    WIDTH="487.0"
                    HEIGHT="56.0">
            <Shape><Polygon POINTS="59 1012 59 1021 382 1024 382 1024 544 1018 545 1009 544 971 518 968 517 968 516 968 505 972 481 980 462 973 451 968 450 968 424 968 423 968 422 968 421 968 412 974 407 977 391 975 390 975 390 975 368 980 353 975 333 968 332 968 273 968 272 968 272 968 271 968 257 977 240 970 239 970 238 970 237 970 221 976 186 971 185 971 184 971 184 971 175 978 168 973 167 973 166 973 165 973 164 973 154 977 135 971 134 971 133 971 132 971 111 981 109 982 58 982 59 1012"/></Shape>
            <String CONTENT="A ce nous est uenu querir"
                    HPOS="58.0"
                    VPOS="968.0"
                    WIDTH="487.0"
                    HEIGHT="56.0"
                    WC="0.9982061362266541"></String>
          </TextLine>
          <TextLine ID="eSc_line_e798e19e"
                    TAGREFS="LT8"
                    BASELINE="61 1060 184 1056 629 1056" 
                    HPOS="60.0"
                    VPOS="1012.0"
                    WIDTH="569.0"
                    HEIGHT="58.0">
            <Shape><Polygon POINTS="624 1020 621 1018 603 1012 602 1012 601 1012 559 1018 540 1012 539 1012 538 1012 537 1012 537 1012 529 1018 500 1012 500 1012 499 1012 482 1020 454 1013 453 1013 452 1013 451 1013 450 1013 441 1020 440 1020 331 1015 331 1015 330 1015 318 1021 263 1021 245 1013 244 1013 243 1013 212 1018 202 1013 201 1013 200 1013 151 1020 92 1013 91 1013 90 1013 60 1021 61 1060 61 1070 628 1068 629 1056 628 1025 624 1020"/></Shape>
            <String CONTENT="Le ministre, dont peulx scauoir"
                    HPOS="60.0"
                    VPOS="1012.0"
                    WIDTH="569.0"
                    HEIGHT="58.0"
                    WC="0.9995729692520634"></String>
          </TextLine>
          <TextLine ID="eSc_line_839588e7"
                    TAGREFS="LT8"
                    BASELINE="68 1105 311 1101 665 1103" 
                    HPOS="67.0"
                    VPOS="1063.0"
                    WIDTH="598.0"
                    HEIGHT="54.0">
            <Shape><Polygon POINTS="68 1105 68 1117 114 1113 145 1117 149 1117 150 1117 151 1117 152 1117 160 1113 257 1113 265 1115 267 1117 268 1117 269 1117 270 1117 271 1117 272 1115 278 1113 314 1115 341 1117 342 1117 343 1117 344 1117 347 1115 351 1113 357 1114 363 1117 364 1117 365 1117 625 1113 631 1113 650 1117 651 1117 652 1117 653 1117 665 1112 665 1103 663 1065 537 1069 529 1066 520 1063 519 1063 518 1063 489 1066 467 1069 462 1066 455 1063 454 1063 417 1063 416 1063 390 1067 378 1069 371 1067 356 1063 355 1063 354 1063 353 1063 339 1067 334 1069 327 1067 304 1063 303 1063 302 1063 288 1068 285 1070 213 1070 207 1068 175 1063 174 1063 173 1063 172 1063 164 1069 163 1070 117 1070 117 1069 93 1063 92 1063 91 1063 90 1063 67 1069 68 1105"/></Shape>
            <String CONTENT="Que la nous tous il ueult auoir."
                    HPOS="67.0"
                    VPOS="1063.0"
                    WIDTH="598.0"
                    HEIGHT="54.0"
                    WC="0.9958394449204206"></String>
          </TextLine>
          <TextLine ID="eSc_line_fb4ec851"
                    TAGREFS="LT8"
                    BASELINE="71 1151 645 1151" 
                    HPOS="71.0"
                    VPOS="1109.0"
                    WIDTH="574.0"
                    HEIGHT="63.0">
            <Shape><Polygon POINTS="71 1151 71 1166 141 1163 165 1166 197 1169 198 1169 198 1169 210 1166 215 1163 218 1165 221 1168 221 1169 222 1169 223 1169 251 1171 252 1171 253 1171 268 1165 273 1163 339 1163 348 1165 381 1171 382 1172 480 1172 480 1171 481 1171 482 1171 482 1170 487 1165 504 1171 505 1171 506 1171 507 1171 508 1171 508 1170 515 1163 516 1163 538 1163 539 1163 548 1171 549 1171 550 1171 551 1172 606 1172 606 1171 607 1171 608 1171 619 1163 645 1163 645 1151 645 1121 610 1121 609 1120 597 1114 596 1114 596 1114 548 1118 530 1109 530 1109 529 1109 452 1117 449 1117 449 1117 432 1112 431 1112 430 1112 378 1116 372 1116 371 1116 360 1111 359 1111 358 1111 327 1115 325 1115 324 1115 309 1109 309 1109 274 1109 273 1109 272 1109 272 1109 266 1114 259 1120 236 1114 222 1111 221 1111 206 1114 173 1119 71 1112 71 1151"/></Shape>
            <String CONTENT="Prens ton bõnet ⁊ ton mãteau."
                    HPOS="71.0"
                    VPOS="1109.0"
                    WIDTH="574.0"
                    HEIGHT="63.0"
                    WC="0.9996887349313305"></String>
          </TextLine>
          <TextLine ID="eSc_line_4d49ab1f"
                    TAGREFS="LT8"
                    BASELINE="60 1199 404 1195" 
                    HPOS="60.0"
                    VPOS="1155.0"
                    WIDTH="344.0"
                    HEIGHT="58.0">
            <Shape><Polygon POINTS="60 1208 127 1213 128 1213 153 1212 154 1212 154 1212 160 1207 161 1207 162 1207 206 1211 207 1211 208 1211 224 1206 225 1206 226 1206 249 1211 250 1211 250 1211 272 1206 284 1210 285 1210 286 1210 332 1206 380 1210 381 1210 382 1210 404 1203 404 1195 402 1161 352 1161 350 1161 341 1155 340 1155 339 1155 338 1155 338 1155 318 1161 313 1163 272 1163 271 1161 266 1157 265 1157 265 1157 264 1157 263 1157 262 1157 257 1161 254 1163 226 1163 224 1161 220 1157 219 1157 218 1157 217 1157 194 1161 177 1164 163 1161 148 1158 147 1158 70 1159 69 1159 68 1159 66 1161 63 1163 60 1161 60 1199 60 1208"/></Shape>
            <String CONTENT="Aduancons nous?"
                    HPOS="60.0"
                    VPOS="1155.0"
                    WIDTH="344.0"
                    HEIGHT="58.0"
                    WC="0.9921772082646688"></String>
          </TextLine>
          <TextLine ID="eSc_line_805fd9c5"
                    TAGREFS="LT10"
                    BASELINE="261 1241 414 1245" 
                    HPOS="260.0"
                    VPOS="1201.0"
                    WIDTH="154.0"
                    HEIGHT="62.0">
            <Shape><Polygon POINTS="260 1259 324 1253 338 1261 338 1262 339 1262 340 1262 341 1263 355 1263 355 1262 356 1262 357 1262 375 1254 394 1254 412 1263 414 1245 414 1209 261 1201 261 1241"/></Shape>
            <String CONTENT="Peuple."
                    HPOS="260.0"
                    VPOS="1201.0"
                    WIDTH="154.0"
                    HEIGHT="62.0"
                    WC="0.9788253137043544"></String>
          </TextLine>
          <TextLine ID="eSc_line_745be868"
                    TAGREFS="LT8"
                    BASELINE="60 1295 398 1290" 
                    HPOS="59.0"
                    VPOS="1246.0"
                    WIDTH="339.0"
                    HEIGHT="103.0">
            <Shape><Polygon POINTS="60 1295 60 1349 180 1345 191 1349 192 1349 193 1349 194 1349 195 1349 214 1335 238 1320 294 1320 305 1327 312 1332 313 1332 314 1332 315 1332 316 1332 316 1332 316 1331 323 1325 325 1324 331 1325 343 1326 344 1326 345 1326 346 1326 348 1323 350 1321 352 1322 363 1330 364 1330 365 1330 366 1330 367 1330 368 1330 368 1329 377 1320 379 1319 398 1319 398 1290 396 1246 322 1254 310 1248 304 1246 303 1246 302 1246 301 1246 301 1246 296 1249 287 1255 255 1255 235 1251 213 1246 212 1246 211 1246 196 1253 186 1256 169 1254 133 1247 132 1247 85 1248 84 1248 59 1256 60 1295"/></Shape>
            <String CONTENT="Allons tout beau?"
                    HPOS="59.0"
                    VPOS="1246.0"
                    WIDTH="339.0"
                    HEIGHT="103.0"
                    WC="0.9801763892173767"></String>
          </TextLine>
        </TextBlock>
        <TextBlock HPOS="595.0"
                   VPOS="1291.0"
                   WIDTH="138.0"
                   HEIGHT="71.0"
                   ID="eSc_textblock_71575137"
                   TAGREFS="BT17">
          <Shape><Polygon POINTS="595 1291 595 1362 733 1362 733 1291"/></Shape>
          <TextLine ID="eSc_line_bb66139e"
                    TAGREFS="LT8"
                    BASELINE="612 1342 718 1342" 
                    HPOS="612.0"
                    VPOS="1293.0"
                    WIDTH="106.0"
                    HEIGHT="80.0">
            <Shape><Polygon POINTS="612 1342 612 1373 635 1373 635 1372 636 1372 660 1364 685 1364 692 1370 692 1371 693 1371 694 1371 717 1372 718 1342 718 1299 670 1294 670 1294 669 1294 655 1299 632 1293 631 1293 630 1293 629 1293 612 1299 612 1342"/></Shape>
            <String CONTENT="Celuy"
                    HPOS="612.0"
                    VPOS="1293.0"
                    WIDTH="106.0"
                    HEIGHT="80.0"
                    WC="0.992551076412201"></String>
          </TextLine>
        </TextBlock>
      </PrintSpace>
    </Page>
  </Layout>
</alto>
