1006 1584
89 109 542 62 Et si Aucun, mot il ten sonne,

88 159 555 60 Dicz que bien faire la personne

93 206 525 60 Peult playe qui la scait saner.

87 254 478 56 Enuoye le sa terre ahaner.

85 297 521 60 Autre chose il ne te fault dire.

89 344 469 59 Pille/ derrobe/ serre/ ⁊ tire

89 393 553 57 Pẽdant que tu es en ton regne.

91 435 653 64 Quãd il est augst fault faire glenne.

91 486 545 55 Ie ne te scay mieulx conseiller.

93 532 564 55 Il conuient auant ton monstier

85 579 570 55 Auoir beaucoup de marmousetz

91 623 654 60 Grãs/ petitz/ moyẽs/ beaux/ ⁊ laidz,

88 669 634 59 Lung tienne une crosse en sa main,

88 718 531 57 Lautre sa teste contre son sein.

88 764 651 57 Lung des stimactes/ signez/ ⁊ seaux,

90 813 659 54 Lautre les doigtz chargez dãneaulx

88 856 660 58 Lũg ung chapeau/ lautre une mitre.

90 903 644 54 Lũg tiẽne au mur/ ⁊ lautre en uitre.

88 947 635 61 Lung une besche/ lautre une espee/

88 995 512 55 Lautre a cheual lance ferree.

88 1041 550 57 Lung en sa main ung urinal/

89 1087 595 57 Lautre y tienne ung fer a cheual.

90 1135 660 60 Lũg trãche cuyr/ lautre ung mãteau

90 1181 613 59 Lautre sur son poing ung oyseau,

89 1228 545 93 Lung en sa main une doloire,

608 1270 140 68 Lautre
