<?xml version="1.0" encoding="UTF-8"?>
<alto xmlns:xsi="http://www.w3.org/2001/XMLSchema-instance"
      xmlns="http://www.loc.gov/standards/alto/ns-v4#"
      xsi:schemaLocation="http://www.loc.gov/standards/alto/ns-v4# http://www.loc.gov/standards/alto/v4/alto-4-2.xsd">
  <Description>
    <MeasurementUnit>pixel</MeasurementUnit>
    <sourceImageInformation>
      <fileName>ABO_Z176243305.pdf_page_68.png</fileName>
      <fileIdentifier>mets//export_doc241_crrpv14_verite_cachee_alto_202408141449.zip/ABO_Z176243305.pdf_page_68.png</fileIdentifier>
    </sourceImageInformation>
  </Description>
  <Tags>
    <OtherTag ID="BT7" LABEL="CustomZone" DESCRIPTION="block type CustomZone"/><OtherTag ID="BT8" LABEL="DamageZone" DESCRIPTION="block type DamageZone"/><OtherTag ID="BT9" LABEL="DigitizationArtefactZone" DESCRIPTION="block type DigitizationArtefactZone"/><OtherTag ID="BT10" LABEL="DropCapitalZone" DESCRIPTION="block type DropCapitalZone"/><OtherTag ID="BT11" LABEL="GraphicZone" DESCRIPTION="block type GraphicZone"/><OtherTag ID="BT12" LABEL="MainZone" DESCRIPTION="block type MainZone"/><OtherTag ID="BT13" LABEL="MarginTextZone" DESCRIPTION="block type MarginTextZone"/><OtherTag ID="BT14" LABEL="MusicZone" DESCRIPTION="block type MusicZone"/><OtherTag ID="BT15" LABEL="NumberingZone" DESCRIPTION="block type NumberingZone"/><OtherTag ID="BT17" LABEL="QuireMarksZone" DESCRIPTION="block type QuireMarksZone"/><OtherTag ID="BT18" LABEL="RunningTitleZone" DESCRIPTION="block type RunningTitleZone"/><OtherTag ID="BT19" LABEL="SealZone" DESCRIPTION="block type SealZone"/><OtherTag ID="BT20" LABEL="StampZone" DESCRIPTION="block type StampZone"/><OtherTag ID="BT21" LABEL="TableZone" DESCRIPTION="block type TableZone"/><OtherTag ID="BT22" LABEL="TitlePageZone" DESCRIPTION="block type TitlePageZone"/><OtherTag ID="BT591" LABEL="MarginTextZone:handwrittenAddition" DESCRIPTION="block type MarginTextZone:handwrittenAddition"/>
    <OtherTag ID="LT7" LABEL="CustomLine" DESCRIPTION="line type CustomLine"/><OtherTag ID="LT8" LABEL="DefaultLine" DESCRIPTION="line type DefaultLine"/><OtherTag ID="LT9" LABEL="DropCapitalLine" DESCRIPTION="line type DropCapitalLine"/><OtherTag ID="LT10" LABEL="HeadingLine" DESCRIPTION="line type HeadingLine"/><OtherTag ID="LT11" LABEL="InterlinearLine" DESCRIPTION="line type InterlinearLine"/><OtherTag ID="LT12" LABEL="MusicLine" DESCRIPTION="line type MusicLine"/>
  </Tags>
  <Layout>
    <Page WIDTH="994"
          HEIGHT="1582"
          PHYSICAL_IMG_NR="60"
          ID="eSc_dummypage_">
      <PrintSpace HPOS="0"
                  VPOS="0"
                  WIDTH="994"
                  HEIGHT="1582">
        <TextBlock HPOS="76.0"
                   VPOS="110.0"
                   WIDTH="686.0"
                   HEIGHT="1196.0"
                   ID="eSc_textblock_f13a4428"
                   TAGREFS="BT12">
          <Shape><Polygon POINTS="76 110 83 1306 762 1294 757 110"/></Shape>
          <TextLine ID="eSc_line_98bea3d5"
                    TAGREFS="LT8"
                    BASELINE="91 169 631 171" 
                    HPOS="90.0"
                    VPOS="126.0"
                    WIDTH="541.0"
                    HEIGHT="59.0">
            <Shape><Polygon POINTS="627 132 618 132 609 132 600 132 592 132 583 132 574 132 565 132 556 131 548 131 539 131 530 131 525 131 516 134 512 131 512 131 504 131 495 130 486 130 477 130 475 130 455 135 434 135 431 131 429 130 424 130 416 130 413 130 401 131 380 134 375 131 372 130 363 130 354 129 345 129 336 129 328 129 319 129 310 129 301 129 297 128 290 131 286 133 285 131 280 128 275 128 266 128 257 128 248 128 240 128 238 128 231 132 228 134 153 134 150 132 135 126 134 126 125 126 122 126 91 132 91 169 90 178 96 182 97 182 98 182 99 182 150 178 179 183 180 184 212 184 212 183 213 183 214 183 214 182 219 178 248 183 248 183 273 178 277 178 282 178 317 183 318 183 319 183 329 179 332 178 336 179 361 184 362 184 363 184 382 179 384 179 386 179 397 184 398 184 399 185 468 185 468 184 469 184 470 184 476 180 477 179 478 180 482 183 482 183 483 183 484 183 485 183 486 183 491 180 493 179 504 180 536 184 537 184 630 181 631 171 630 132 627 132"/></Shape>
            <String CONTENT="Quen ceste uille tout brulloit."
                    HPOS="90.0"
                    VPOS="126.0"
                    WIDTH="541.0"
                    HEIGHT="59.0"
                    WC="0.9975816165247271"></String>
          </TextLine>
          <TextLine ID="eSc_line_2524a8bc"
                    TAGREFS="LT8"
                    BASELINE="88 216 667 219" 
                    HPOS="87.0"
                    VPOS="172.0"
                    WIDTH="580.0"
                    HEIGHT="60.0">
            <Shape><Polygon POINTS="88 216 87 224 96 229 97 229 98 229 121 224 124 224 127 224 151 229 152 230 231 230 231 229 232 229 241 224 242 224 246 225 266 229 267 229 320 225 341 224 350 226 378 231 379 231 380 231 389 226 391 225 395 226 416 231 417 231 438 226 445 225 452 226 469 231 470 231 471 231 472 231 475 227 478 225 517 225 522 227 533 232 533 232 534 232 666 228 667 219 666 174 548 177 547 177 533 183 518 179 518 179 517 179 516 179 505 182 498 175 497 175 497 174 496 174 496 174 495 174 494 174 493 174 492 175 482 182 447 182 426 176 416 174 416 174 374 174 373 174 372 174 365 177 353 181 321 177 288 173 287 173 286 173 285 173 280 178 277 180 253 181 246 178 234 172 233 172 233 172 232 172 231 172 223 178 219 181 145 181 140 179 127 173 126 173 125 173 88 179 88 216"/></Shape>
            <String CONTENT="Sans faulte a souper bien ie beu"
                    HPOS="87.0"
                    VPOS="172.0"
                    WIDTH="580.0"
                    HEIGHT="60.0"
                    WC="0.9999406840652227"></String>
          </TextLine>
          <TextLine ID="eSc_line_e49bee90"
                    TAGREFS="LT8"
                    BASELINE="88 261 614 263" 
                    HPOS="87.0"
                    VPOS="220.0"
                    WIDTH="527.0"
                    HEIGHT="58.0">
            <Shape><Polygon POINTS="88 261 87 270 153 275 154 275 175 272 183 277 184 277 185 277 186 278 231 278 231 277 232 277 233 277 237 273 241 276 241 277 242 277 243 277 244 278 244 277 245 277 246 277 246 276 251 272 299 276 299 276 300 276 310 272 314 275 314 276 314 276 315 276 316 276 334 273 358 278 358 278 395 273 450 273 463 278 464 278 465 278 518 273 551 278 552 278 553 278 554 278 554 277 558 274 576 278 577 278 577 278 613 272 614 263 612 223 606 226 603 223 601 222 601 221 600 221 599 221 556 221 555 221 555 221 550 224 540 229 534 224 533 222 533 221 532 221 531 221 500 221 499 221 498 221 491 224 482 227 460 224 435 221 434 221 433 221 426 224 417 230 352 230 341 225 325 220 324 220 323 220 282 225 265 228 263 226 258 222 258 221 257 221 256 221 255 221 255 221 254 221 248 226 234 220 233 220 233 220 232 220 231 220 223 226 222 227 219 226 204 223 203 223 202 223 173 227 163 228 160 227 149 221 148 221 109 220 109 220 108 220 107 220 98 227 97 228 88 228 88 261"/></Shape>
            <String CONTENT="Et me sembla que ueiz le feu."
                    HPOS="87.0"
                    VPOS="220.0"
                    WIDTH="527.0"
                    HEIGHT="58.0"
                    WC="0.9832318486838505"></String>
          </TextLine>
          <TextLine ID="eSc_line_a014969f"
                    TAGREFS="LT8"
                    BASELINE="93 311 606 309" 
                    HPOS="92.0"
                    VPOS="268.0"
                    WIDTH="514.0"
                    HEIGHT="58.0">
            <Shape><Polygon POINTS="93 311 93 326 131 319 205 319 211 324 212 325 212 326 213 326 214 326 215 326 226 324 247 319 281 323 312 326 313 326 314 326 321 322 326 319 328 322 331 325 331 326 332 326 333 326 334 326 349 326 349 326 350 326 360 321 368 319 380 321 396 325 397 325 398 325 414 320 416 320 416 320 432 325 433 325 434 325 435 325 436 325 436 324 440 320 442 319 445 320 460 325 460 325 461 325 486 319 490 319 496 319 540 325 540 325 541 325 542 325 542 324 547 320 577 324 577 324 606 317 606 309 605 277 556 269 555 269 555 269 554 269 554 270 548 276 547 277 533 277 532 275 524 269 524 268 523 268 522 268 521 268 520 268 505 275 503 276 496 275 456 268 387 268 387 268 364 274 347 278 254 278 246 272 245 272 244 272 243 272 241 272 220 276 210 271 209 271 208 271 207 271 206 271 205 271 200 275 192 272 191 272 190 272 190 272 177 277 141 277 133 270 132 269 131 269 131 269 130 269 92 269 93 311"/></Shape>
            <String CONTENT="Ie congneuz quãd fuz arriue"
                    HPOS="92.0"
                    VPOS="268.0"
                    WIDTH="514.0"
                    HEIGHT="58.0"
                    WC="0.9482600348336356"></String>
          </TextLine>
          <TextLine ID="eSc_line_6d48fdc4"
                    TAGREFS="LT8"
                    BASELINE="89 356 600 355" 
                    HPOS="88.0"
                    VPOS="316.0"
                    WIDTH="512.0"
                    HEIGHT="54.0">
            <Shape><Polygon POINTS="89 356 89 365 95 369 96 369 97 369 136 364 150 363 157 365 175 369 175 369 176 369 177 369 181 365 183 363 232 363 241 365 256 369 257 369 258 369 259 369 263 366 265 364 277 366 296 368 297 368 298 368 302 366 308 363 314 366 319 369 320 369 321 370 355 370 355 369 356 369 357 369 360 366 366 363 393 363 431 367 453 369 453 369 469 367 505 363 518 368 521 369 522 369 523 369 599 368 600 355 599 325 575 316 574 316 548 316 548 316 547 316 546 316 540 321 504 316 503 316 502 316 501 316 488 325 447 325 438 317 438 317 437 317 436 317 435 317 423 324 417 319 416 319 416 319 380 316 379 316 378 316 361 324 330 324 317 316 316 316 315 316 314 316 314 316 313 316 313 317 305 325 285 325 277 317 277 316 276 316 275 316 243 316 242 316 241 316 241 316 229 323 207 316 206 316 205 316 204 316 204 316 192 325 160 325 153 317 153 316 152 316 151 316 109 316 109 316 108 316 88 324 89 356"/></Shape>
            <String CONTENT="Que ie nauoye du tout reue."
                    HPOS="88.0"
                    VPOS="316.0"
                    WIDTH="512.0"
                    HEIGHT="54.0"
                    WC="0.9997587424737436"></String>
          </TextLine>
          <TextLine ID="eSc_line_2cea9dba"
                    TAGREFS="LT8"
                    BASELINE="87 403 591 400" 
                    HPOS="86.0"
                    VPOS="362.0"
                    WIDTH="505.0"
                    HEIGHT="58.0">
            <Shape><Polygon POINTS="87 403 87 411 98 417 99 417 100 417 101 417 116 411 128 411 176 411 177 411 194 419 195 419 196 420 237 420 237 419 238 419 239 419 239 418 246 412 247 411 249 412 266 416 267 416 268 416 269 416 270 416 275 412 277 410 278 412 287 418 288 418 289 418 290 418 323 413 333 411 338 413 355 418 356 418 357 418 358 418 358 418 367 413 372 410 386 413 410 418 411 418 412 418 425 413 437 409 452 413 458 415 459 415 460 415 474 413 508 409 523 414 532 417 533 417 533 417 591 414 591 400 589 368 510 368 505 363 505 362 504 362 504 362 503 362 502 362 484 368 482 368 481 368 451 362 450 362 412 368 394 362 394 362 357 362 356 362 355 362 334 368 319 362 318 362 285 362 284 362 283 362 269 369 267 369 228 362 227 362 226 362 226 362 219 369 217 370 153 370 147 370 98 362 97 362 96 362 86 368 87 403"/></Shape>
            <String CONTENT="Car on y a brusle pourceaux"
                    HPOS="86.0"
                    VPOS="362.0"
                    WIDTH="505.0"
                    HEIGHT="58.0"
                    WC="0.9960987943190115"></String>
          </TextLine>
          <TextLine ID="eSc_line_a8a6e5a4"
                    TAGREFS="LT8"
                    BASELINE="89 447 596 449 750 453" 
                    HPOS="89.0"
                    VPOS="404.0"
                    WIDTH="661.0"
                    HEIGHT="65.0">
            <Shape><Polygon POINTS="749 410 740 410 731 409 723 408 714 407 705 407 621 407 621 407 620 407 617 408 603 413 590 408 586 407 585 407 584 407 584 407 581 408 569 415 548 409 542 407 541 407 540 407 540 407 535 409 525 413 513 409 508 407 507 407 506 407 505 407 497 409 488 412 485 409 482 406 481 406 480 406 479 406 478 406 470 410 460 413 450 410 445 408 444 408 443 408 430 410 400 414 366 411 358 410 358 410 349 411 319 414 305 411 296 409 295 409 294 409 190 413 144 413 142 413 132 405 131 405 131 405 116 404 116 404 115 404 89 413 89 447 89 458 187 457 192 460 193 461 194 461 195 461 196 461 197 461 199 460 217 456 277 456 350 463 365 464 365 464 366 464 368 463 377 458 403 464 420 466 421 466 422 466 429 464 446 457 484 457 504 464 506 465 507 465 508 465 513 465 561 457 606 466 615 468 616 468 658 467 673 466 674 466 675 466 681 462 689 468 690 468 691 468 692 469 749 469 750 453 750 414 749 410"/></Shape>
            <String CONTENT="Qui nous tournoyent les museau:"
                    HPOS="89.0"
                    VPOS="404.0"
                    WIDTH="661.0"
                    HEIGHT="65.0"
                    ></String>
          </TextLine>
          <TextLine ID="eSc_line_78c3601a"
                    TAGREFS="LT8"
                    BASELINE="91 494 658 494" 
                    HPOS="91.0"
                    VPOS="454.0"
                    WIDTH="567.0"
                    HEIGHT="55.0">
            <Shape><Polygon POINTS="91 494 91 503 133 503 150 509 151 509 152 509 249 504 265 503 288 504 384 508 385 508 422 505 439 503 451 505 476 509 477 509 504 505 520 503 537 506 564 509 565 509 658 506 658 494 657 457 614 460 605 457 597 455 596 455 595 455 594 455 588 457 584 459 583 457 578 454 577 454 577 454 533 454 532 454 531 454 517 458 508 461 453 461 450 458 446 456 445 456 445 456 444 456 411 458 394 460 388 459 370 455 369 455 323 459 313 460 303 459 253 454 252 454 251 454 250 454 250 455 244 460 243 461 226 461 222 460 181 454 180 454 179 454 178 454 178 455 171 460 171 461 149 461 133 461 104 454 103 454 102 454 91 459 91 494"/></Shape>
            <String CONTENT="Ung pied de derriere extẽdirent"
                    HPOS="91.0"
                    VPOS="454.0"
                    WIDTH="567.0"
                    HEIGHT="55.0"
                    WC="0.9932776559144258"></String>
          </TextLine>
          <TextLine ID="eSc_line_463408aa"
                    TAGREFS="LT8"
                    BASELINE="87 539 652 542" 
                    HPOS="86.0"
                    VPOS="498.0"
                    WIDTH="566.0"
                    HEIGHT="58.0">
            <Shape><Polygon POINTS="87 539 86 546 143 553 144 553 145 553 146 553 150 550 154 554 155 554 156 554 157 555 234 555 234 554 235 554 255 549 258 548 265 549 301 553 302 553 327 549 330 549 331 550 340 555 341 555 342 555 343 555 416 551 417 551 445 555 445 555 446 555 447 555 453 551 454 549 463 551 487 556 488 556 511 551 519 550 529 551 543 554 544 554 651 552 652 542 651 500 624 506 603 501 602 501 550 506 542 500 541 500 540 500 540 500 539 500 538 500 532 506 526 501 525 501 524 501 523 501 482 506 469 500 465 499 464 499 335 499 334 499 333 499 332 499 332 500 328 501 325 506 290 506 285 502 276 498 275 498 274 498 273 498 259 502 253 505 149 505 147 503 142 499 142 498 141 498 140 498 108 498 107 498 106 498 87 503 87 539"/></Shape>
            <String CONTENT="Ainsi que les uoisins me dirent"
                    HPOS="86.0"
                    VPOS="498.0"
                    WIDTH="566.0"
                    HEIGHT="58.0"
                    WC="0.9991636064744764"></String>
          </TextLine>
          <TextLine ID="eSc_line_32073143"
                    TAGREFS="LT8"
                    BASELINE="87 588 542 587 665 591" 
                    HPOS="87.0"
                    VPOS="545.0"
                    WIDTH="578.0"
                    HEIGHT="59.0">
            <Shape><Polygon POINTS="87 588 87 597 129 597 130 597 141 603 142 603 143 603 144 603 157 597 160 596 162 598 168 602 169 602 170 602 171 602 172 602 173 602 177 598 182 595 224 598 258 601 259 601 281 599 326 595 336 600 344 603 345 603 346 604 362 604 362 603 363 603 364 603 368 600 377 595 428 595 437 601 439 603 440 603 441 603 442 603 453 602 478 596 663 603 665 591 663 547 649 550 643 547 640 545 639 545 638 545 637 545 633 547 614 554 600 547 596 545 595 545 594 545 577 546 576 546 575 546 575 547 574 547 566 554 491 552 487 548 485 546 485 545 484 545 483 545 451 545 450 545 449 545 444 548 431 555 383 555 365 549 358 546 357 546 325 546 324 546 323 546 322 546 322 547 320 549 314 554 292 554 287 549 285 547 285 546 284 546 283 546 282 546 281 546 270 549 251 554 240 549 233 546 232 546 231 546 230 546 224 550 215 554 193 550 183 548 182 548 182 548 181 548 178 550 172 553 156 550 150 549 149 549 148 549 147 549 146 550 141 553 137 550 131 545 130 545 129 545 128 545 87 550 87 588"/></Shape>
            <String CONTENT="Droict de deuers nostre maison."
                    HPOS="87.0"
                    VPOS="545.0"
                    WIDTH="578.0"
                    HEIGHT="59.0"
                    WC="0.9988449658116987"></String>
          </TextLine>
          <TextLine ID="eSc_line_93c6be52"
                    TAGREFS="LT8"
                    BASELINE="87 631 530 633" 
                    HPOS="86.0"
                    VPOS="592.0"
                    WIDTH="444.0"
                    HEIGHT="58.0">
            <Shape><Polygon POINTS="87 631 86 644 109 648 110 648 125 645 136 642 139 645 143 648 143 649 144 649 145 649 146 650 160 650 160 649 161 649 175 645 186 642 190 645 193 647 193 648 194 648 195 648 216 649 217 649 218 649 224 646 231 643 262 646 284 649 285 649 285 649 286 649 289 647 297 642 323 647 328 648 329 648 330 648 331 648 331 647 337 643 439 643 457 649 459 650 460 650 460 650 461 650 464 649 480 645 528 650 530 633 529 598 471 593 470 593 469 593 452 598 445 600 442 598 435 593 434 593 433 593 432 593 431 593 431 593 423 598 422 599 420 598 414 593 413 593 412 593 387 593 387 593 386 593 385 593 385 594 380 598 379 598 365 595 364 595 363 595 357 598 353 600 349 598 341 595 340 595 339 595 338 595 337 595 334 598 331 601 309 601 295 598 249 592 248 592 248 592 226 598 224 599 216 598 174 594 173 594 147 599 144 599 138 594 137 594 136 594 106 592 105 592 104 592 87 598 87 631"/></Shape>
            <String CONTENT="A quoy ny a autre raison"
                    HPOS="86.0"
                    VPOS="592.0"
                    WIDTH="444.0"
                    HEIGHT="58.0"
                    WC="0.9996696710586548"></String>
          </TextLine>
          <TextLine ID="eSc_line_ce2756f4"
                    TAGREFS="LT8"
                    BASELINE="92 680 681 682" 
                    HPOS="92.0"
                    VPOS="638.0"
                    WIDTH="589.0"
                    HEIGHT="54.0">
            <Shape><Polygon POINTS="681 643 644 638 643 638 643 638 642 638 637 642 631 647 617 647 602 642 593 639 592 639 592 639 591 639 590 639 586 642 583 645 565 642 558 641 557 641 556 641 555 641 555 642 550 646 499 646 480 642 479 642 478 642 477 642 466 645 460 641 455 638 454 638 453 638 367 638 366 638 365 638 365 638 361 641 357 645 353 642 353 641 352 641 351 641 350 641 350 641 333 645 328 641 324 638 323 638 322 638 291 638 290 638 289 638 288 638 284 640 275 646 254 646 247 640 245 638 244 638 243 638 242 638 241 638 241 638 238 640 229 645 194 640 193 640 192 640 191 640 190 640 181 646 151 646 144 639 142 638 142 638 141 638 140 638 117 638 116 638 116 638 115 638 112 639 102 645 94 639 92 680 92 692 680 689 681 682 681 643"/></Shape>
            <String CONTENT="Que pour leurs testamens tenir."
                    HPOS="92.0"
                    VPOS="638.0"
                    WIDTH="589.0"
                    HEIGHT="54.0"
                    WC="0.993149169029728"></String>
          </TextLine>
          <TextLine ID="eSc_line_e541f3e5"
                    TAGREFS="LT8"
                    BASELINE="87 727 650 726" 
                    HPOS="87.0"
                    VPOS="685.0"
                    WIDTH="563.0"
                    HEIGHT="58.0">
            <Shape><Polygon POINTS="87 727 87 739 118 735 132 739 146 742 146 742 147 742 148 742 149 742 149 741 153 739 158 734 173 734 180 738 184 741 185 741 186 741 187 741 188 741 189 741 194 738 196 737 202 738 218 741 219 741 245 738 268 734 272 737 277 740 277 740 278 740 279 740 280 740 293 737 295 737 296 737 309 742 310 742 311 742 312 742 313 742 321 737 326 734 350 737 390 740 391 740 444 736 463 734 466 735 475 740 475 740 476 740 477 740 491 737 505 742 506 742 507 743 593 743 593 742 650 733 650 726 650 692 630 685 629 685 628 685 533 690 528 686 528 685 527 685 526 685 526 685 525 685 524 685 517 689 506 685 505 685 504 685 504 685 490 692 462 692 447 685 446 685 445 685 445 685 425 691 413 685 412 685 411 685 366 691 335 685 334 685 333 685 332 685 332 686 326 692 270 692 262 685 261 685 260 685 230 685 229 685 228 685 227 685 219 692 197 692 181 685 180 685 179 685 178 685 177 685 177 686 171 692 149 692 139 685 138 685 138 685 104 685 103 685 102 685 87 691 87 727"/></Shape>
            <String CONTENT="Ces iambons nous deuez offrir"
                    HPOS="87.0"
                    VPOS="685.0"
                    WIDTH="563.0"
                    HEIGHT="58.0"
                    WC="0.9853223767773859"></String>
          </TextLine>
          <TextLine ID="eSc_line_66959571"
                    TAGREFS="LT8"
                    BASELINE="91 776 580 771" 
                    HPOS="90.0"
                    VPOS="731.0"
                    WIDTH="490.0"
                    HEIGHT="60.0">
            <Shape><Polygon POINTS="91 776 91 788 179 788 179 787 180 787 182 786 188 783 190 786 194 789 194 790 195 790 196 790 197 791 211 791 211 790 211 790 212 790 219 785 225 783 260 783 267 784 284 790 285 790 285 790 357 783 372 782 374 783 381 789 382 789 383 789 384 789 428 782 436 781 438 782 450 787 451 787 452 787 453 787 463 783 476 788 477 788 478 788 479 788 496 783 557 787 558 787 559 787 580 779 580 771 579 740 559 732 558 732 557 732 556 732 542 740 514 735 513 735 512 735 511 735 506 740 496 731 495 731 494 731 482 731 481 731 480 731 462 740 448 733 447 733 446 733 445 733 445 733 435 740 414 735 413 735 412 735 383 741 381 741 380 741 365 735 365 735 364 735 363 735 362 735 362 736 356 741 356 742 306 742 306 741 287 732 286 732 285 732 285 732 263 741 261 743 250 743 249 742 239 733 238 733 237 733 219 733 219 733 218 733 217 733 205 742 204 742 184 734 183 734 100 734 99 734 98 734 97 734 90 740 91 776"/></Shape>
            <String CONTENT="Selon le theme que disions"
                    HPOS="90.0"
                    VPOS="731.0"
                    WIDTH="490.0"
                    HEIGHT="60.0"
                    WC="0.9888860812553992"></String>
          </TextLine>
          <TextLine ID="eSc_line_e3209850"
                    TAGREFS="LT8"
                    BASELINE="87 821 684 820" 
                    HPOS="87.0"
                    VPOS="779.0"
                    WIDTH="597.0"
                    HEIGHT="60.0">
            <Shape><Polygon POINTS="87 821 88 838 110 831 130 838 131 838 131 838 132 838 136 838 182 832 197 837 197 837 198 837 199 837 212 831 232 831 240 837 241 838 241 838 242 838 243 839 313 839 313 838 314 838 320 836 343 831 400 835 401 835 401 835 423 830 455 835 466 837 467 837 467 837 472 835 485 830 527 830 533 834 534 834 535 834 536 834 537 834 552 831 558 834 562 837 562 837 563 837 564 837 592 834 621 832 629 834 635 836 636 836 637 836 638 836 644 834 658 830 682 834 684 820 679 783 677 785 671 783 663 779 662 779 661 779 630 782 615 783 604 782 588 780 587 780 586 780 585 780 584 782 576 789 555 789 547 782 543 779 542 779 541 779 540 779 540 779 539 779 536 782 533 784 514 782 494 779 493 779 492 779 483 782 468 786 456 782 449 779 448 779 422 779 421 779 420 779 413 782 395 788 358 783 357 783 356 783 343 789 322 784 321 784 321 784 320 784 320 785 315 790 234 790 224 781 223 781 222 781 221 781 220 781 201 790 146 790 130 781 128 780 127 780 126 780 87 780 87 821"/></Shape>
            <String CONTENT="Apportez nous de uoz moutons."
                    HPOS="87.0"
                    VPOS="779.0"
                    WIDTH="597.0"
                    HEIGHT="60.0"
                    WC="0.9992513574402908"></String>
          </TextLine>
          <TextLine ID="eSc_line_218ea7d3"
                    TAGREFS="LT8"
                    BASELINE="90 868 544 866" 
                    HPOS="89.0"
                    VPOS="826.0"
                    WIDTH="455.0"
                    HEIGHT="57.0">
            <Shape><Polygon POINTS="90 868 91 883 110 877 138 877 146 882 147 882 148 882 149 883 179 883 179 882 180 882 181 882 190 877 197 881 198 882 199 882 200 882 201 882 202 882 205 881 222 877 263 880 287 882 288 882 304 879 325 876 358 876 363 878 365 881 366 881 367 881 368 881 369 881 380 878 388 876 397 878 413 881 414 881 455 877 460 877 468 881 469 881 470 881 471 881 486 877 489 876 492 876 518 881 519 881 520 881 544 875 544 866 542 834 518 833 510 826 509 826 508 826 507 826 448 834 430 826 429 826 428 826 400 830 391 826 390 826 389 826 388 826 374 831 342 826 341 826 340 826 314 835 241 835 233 827 233 827 233 827 232 827 231 827 204 832 182 827 182 827 181 827 137 834 126 827 125 827 124 827 104 827 103 827 102 827 102 827 89 834 90 868"/></Shape>
            <String CONTENT="Uoila la premiere partie."
                    HPOS="89.0"
                    VPOS="826.0"
                    WIDTH="455.0"
                    HEIGHT="57.0"
                    WC="0.99840895652771"></String>
          </TextLine>
          <TextLine ID="eSc_line_da8228d0"
                    TAGREFS="LT8"
                    BASELINE="92 917 387 913" 
                    HPOS="91.0"
                    VPOS="870.0"
                    WIDTH="296.0"
                    HEIGHT="60.0">
            <Shape><Polygon POINTS="92 917 92 925 98 930 99 930 100 930 101 930 151 923 208 929 209 929 210 929 226 922 267 928 268 928 269 928 270 928 280 921 281 921 293 928 294 928 295 928 309 928 309 928 310 928 311 928 311 927 317 921 340 921 347 927 348 927 349 927 350 927 387 921 387 913 385 883 350 881 339 870 338 870 337 870 310 870 309 870 308 870 287 883 277 877 277 877 276 877 275 877 274 877 273 877 266 883 220 870 219 870 219 870 218 870 180 883 160 873 160 873 159 873 158 873 157 873 145 881 131 872 131 872 130 872 108 872 107 872 106 872 105 872 91 882 92 917"/></Shape>
            <String CONTENT="Hem/ hem/ hem."
                    HPOS="91.0"
                    VPOS="870.0"
                    WIDTH="296.0"
                    HEIGHT="60.0"
                    WC="0.9721567588193076"></String>
          </TextLine>
          <TextLine ID="eSc_line_2e5e83a6"
                    TAGREFS="LT8"
                    BASELINE="92 963 570 957" 
                    HPOS="91.0"
                    VPOS="915.0"
                    WIDTH="479.0"
                    HEIGHT="61.0">
            <Shape><Polygon POINTS="92 963 92 976 131 970 146 975 146 975 147 975 148 975 152 975 189 969 217 972 218 972 267 968 278 972 284 973 285 973 285 973 296 972 312 968 324 971 334 972 335 972 336 972 340 971 347 967 374 970 409 972 409 972 430 968 439 966 453 967 489 972 489 972 540 967 554 971 555 971 555 971 556 971 570 965 570 957 566 915 559 921 462 917 410 915 409 915 409 915 401 918 392 922 372 919 366 918 365 918 365 918 361 919 350 922 342 920 332 916 331 916 330 916 329 916 321 920 314 923 300 921 285 917 284 917 283 917 282 917 277 921 273 923 257 921 231 918 230 918 229 918 228 918 228 919 225 921 222 924 200 922 168 920 167 920 166 920 151 923 144 925 139 923 126 919 125 919 124 919 91 924 92 963"/></Shape>
            <String CONTENT="Saluons la uierge Marie"
                    HPOS="91.0"
                    VPOS="915.0"
                    WIDTH="479.0"
                    HEIGHT="61.0"
                    WC="0.997000911961431"></String>
          </TextLine>
          <TextLine ID="eSc_line_0b63efe9"
                    TAGREFS="LT8"
                    BASELINE="93 1008 564 1004" 
                    HPOS="92.0"
                    VPOS="964.0"
                    WIDTH="472.0"
                    HEIGHT="60.0">
            <Shape><Polygon POINTS="93 1008 93 1023 131 1017 137 1023 138 1023 138 1023 138 1023 139 1023 140 1024 159 1024 159 1023 160 1023 160 1023 160 1023 161 1023 167 1017 181 1023 184 1023 185 1023 186 1023 187 1023 190 1023 202 1016 256 1022 269 1023 270 1023 270 1023 273 1022 289 1015 318 1022 321 1022 322 1022 323 1022 324 1022 324 1021 332 1015 342 1021 343 1021 343 1021 344 1021 345 1021 352 1015 373 1020 374 1020 375 1020 376 1020 383 1015 416 1021 420 1021 421 1021 425 1021 469 1014 500 1020 502 1020 503 1020 506 1020 536 1015 562 1019 564 1004 562 970 526 972 521 970 512 964 511 964 511 964 510 964 509 964 508 964 508 965 503 970 502 971 476 972 469 970 465 968 464 968 463 968 462 968 461 968 461 969 460 970 456 973 437 970 420 967 419 967 418 967 417 967 413 970 408 973 378 970 365 969 364 969 363 969 358 970 343 974 339 970 334 966 334 965 333 965 332 965 331 965 223 966 222 966 221 966 216 971 213 973 181 977 155 977 146 971 138 967 137 967 136 967 92 971 93 1008"/></Shape>
            <String CONTENT="En qui thresor de grace y a"
                    HPOS="92.0"
                    VPOS="964.0"
                    WIDTH="472.0"
                    HEIGHT="60.0"
                    WC="0.9995751712057326"></String>
          </TextLine>
          <TextLine ID="eSc_line_56d6c91f"
                    TAGREFS="LT8"
                    BASELINE="92 1054 496 1051" 
                    HPOS="91.0"
                    VPOS="1011.0"
                    WIDTH="405.0"
                    HEIGHT="58.0">
            <Shape><Polygon POINTS="92 1054 92 1064 98 1069 99 1069 100 1069 101 1069 102 1069 102 1069 102 1068 109 1063 131 1069 132 1069 133 1069 214 1068 215 1068 216 1068 225 1062 226 1062 255 1067 256 1067 257 1067 258 1067 267 1062 269 1062 292 1066 293 1066 294 1066 295 1066 301 1062 303 1061 313 1062 354 1067 355 1067 391 1062 407 1060 496 1062 496 1051 495 1020 449 1011 448 1011 447 1011 426 1019 421 1014 420 1014 419 1014 418 1014 394 1019 394 1019 393 1019 381 1014 380 1014 380 1014 379 1014 365 1019 362 1020 361 1019 356 1015 355 1015 354 1015 353 1015 336 1017 315 1012 314 1012 314 1012 272 1018 255 1022 236 1022 233 1018 228 1014 228 1013 227 1013 226 1013 198 1013 197 1013 197 1013 196 1013 190 1018 186 1022 181 1018 174 1015 173 1015 172 1015 171 1015 170 1015 170 1015 167 1018 162 1023 147 1023 143 1018 138 1015 138 1014 138 1014 137 1014 136 1014 91 1017 92 1054"/></Shape>
            <String CONTENT="En disant Aue gratia."
                    HPOS="91.0"
                    VPOS="1011.0"
                    WIDTH="405.0"
                    HEIGHT="58.0"
                    WC="0.9770256422814869"></String>
          </TextLine>
          <TextLine ID="eSc_line_9bdfdb76"
                    TAGREFS="LT8"
                    BASELINE="99 1102 455 1098" 
                    HPOS="98.0"
                    VPOS="1058.0"
                    WIDTH="357.0"
                    HEIGHT="56.0">
            <Shape><Polygon POINTS="99 1102 99 1114 129 1108 165 1112 174 1113 175 1113 175 1113 180 1112 194 1107 204 1111 210 1113 211 1113 211 1114 253 1114 253 1113 254 1113 268 1110 279 1106 285 1109 291 1112 292 1112 292 1112 293 1112 294 1112 299 1108 303 1106 328 1107 394 1111 395 1111 396 1111 408 1105 439 1111 440 1111 441 1111 455 1103 455 1098 453 1067 406 1058 405 1058 352 1065 346 1060 345 1060 344 1060 343 1060 321 1065 296 1059 295 1059 294 1059 293 1059 285 1063 248 1059 247 1059 246 1059 245 1059 245 1060 237 1067 236 1069 186 1069 182 1067 175 1065 174 1065 173 1065 153 1068 144 1069 139 1068 119 1060 118 1060 117 1060 116 1060 98 1067 99 1102"/></Shape>
            <String CONTENT="Ferte nobis arietes,"
                    HPOS="98.0"
                    VPOS="1058.0"
                    WIDTH="357.0"
                    HEIGHT="56.0"
                    WC="0.9993449538946152"></String>
          </TextLine>
          <TextLine ID="eSc_line_5c480813"
                    TAGREFS="LT8"
                    BASELINE="90 1148 687 1143" 
                    HPOS="89.0"
                    VPOS="1101.0"
                    WIDTH="598.0"
                    HEIGHT="62.0">
            <Shape><Polygon POINTS="679 1112 670 1111 661 1110 652 1110 643 1109 635 1109 626 1108 617 1107 611 1106 610 1107 606 1105 599 1105 591 1104 582 1103 579 1107 518 1108 486 1101 485 1101 436 1109 397 1104 396 1104 355 1109 335 1103 334 1103 333 1103 302 1110 289 1103 288 1103 287 1103 250 1110 249 1110 238 1103 237 1103 236 1103 235 1103 234 1103 215 1109 202 1103 201 1103 200 1103 199 1103 198 1103 186 1111 185 1111 180 1111 120 1104 119 1104 118 1104 117 1104 109 1111 109 1112 89 1112 90 1148 90 1157 186 1163 187 1163 188 1163 209 1157 211 1156 273 1156 274 1156 286 1162 287 1162 288 1162 289 1162 300 1156 302 1155 321 1156 408 1161 409 1161 409 1161 424 1155 427 1154 430 1155 437 1159 438 1159 438 1159 478 1155 479 1155 523 1160 524 1160 612 1155 621 1159 622 1159 623 1159 624 1159 641 1153 643 1153 647 1153 675 1159 676 1159 677 1159 687 1153 687 1143 684 1112 679 1112"/></Shape>
            <String CONTENT="Et nous uous en dirons, grates."
                    HPOS="89.0"
                    VPOS="1101.0"
                    WIDTH="598.0"
                    HEIGHT="62.0"
                    WC="0.9985778677848077"></String>
          </TextLine>
          <TextLine ID="eSc_line_a1e10b21"
                    TAGREFS="LT8"
                    BASELINE="94 1195 525 1190" 
                    HPOS="93.0"
                    VPOS="1150.0"
                    WIDTH="432.0"
                    HEIGHT="61.0">
            <Shape><Polygon POINTS="94 1195 94 1205 170 1204 172 1206 176 1210 176 1211 177 1211 178 1211 179 1211 211 1210 211 1210 212 1210 217 1206 222 1202 343 1202 352 1206 353 1207 354 1207 355 1207 356 1207 357 1207 358 1207 358 1206 367 1201 387 1201 394 1206 394 1207 395 1207 396 1207 421 1208 422 1208 423 1208 427 1206 437 1204 459 1206 465 1207 466 1207 467 1207 468 1206 482 1201 492 1206 492 1207 493 1207 494 1207 495 1207 525 1206 525 1190 523 1160 496 1154 496 1154 495 1154 478 1159 468 1150 467 1150 467 1150 446 1150 445 1150 445 1150 427 1155 414 1151 413 1151 412 1151 411 1151 410 1151 401 1158 387 1151 386 1151 351 1151 350 1151 350 1151 328 1161 291 1161 272 1152 271 1152 270 1152 270 1152 269 1152 255 1161 248 1155 247 1155 246 1155 245 1155 244 1155 243 1155 243 1156 237 1162 186 1162 169 1156 168 1156 168 1156 142 1162 131 1153 131 1153 130 1153 109 1153 109 1153 108 1153 107 1153 93 1161 94 1195"/></Shape>
            <String CONTENT="Loco, au lieu ubi supra."
                    HPOS="93.0"
                    VPOS="1150.0"
                    WIDTH="432.0"
                    HEIGHT="61.0"
                    WC="0.9966380546490351"></String>
          </TextLine>
          <TextLine ID="eSc_line_49270650"
                    TAGREFS="LT8"
                    BASELINE="93 1243 336 1238 657 1240" 
                    HPOS="92.0"
                    VPOS="1197.0"
                    WIDTH="565.0"
                    HEIGHT="58.0">
            <Shape><Polygon POINTS="93 1243 93 1252 192 1255 193 1255 194 1255 195 1255 199 1252 200 1251 233 1251 235 1251 251 1255 252 1255 253 1255 254 1255 263 1251 263 1251 266 1251 290 1255 291 1255 292 1255 300 1251 302 1250 306 1251 318 1255 319 1255 320 1255 397 1250 407 1250 409 1250 436 1255 437 1255 438 1255 446 1250 447 1249 532 1249 533 1249 540 1254 540 1254 541 1254 542 1255 644 1255 644 1254 645 1254 657 1248 657 1240 657 1197 635 1197 635 1197 634 1197 633 1197 623 1205 589 1201 588 1201 566 1205 550 1197 549 1197 548 1197 528 1197 527 1197 526 1197 526 1197 526 1198 518 1204 496 1197 493 1197 492 1197 488 1197 454 1204 435 1198 434 1198 433 1198 432 1198 411 1206 404 1200 403 1200 402 1200 401 1200 363 1205 354 1198 353 1198 352 1198 325 1198 324 1198 323 1198 321 1198 291 1207 92 1200 93 1243"/></Shape>
            <String CONTENT="Bien ie prendroye pro ⁊ contra,"
                    HPOS="92.0"
                    VPOS="1197.0"
                    WIDTH="565.0"
                    HEIGHT="58.0"
                    WC="0.9949134895878453"></String>
          </TextLine>
          <TextLine ID="eSc_line_ac63f9da"
                    TAGREFS="LT8"
                    BASELINE="94 1291 536 1284" 
                    HPOS="93.0"
                    VPOS="1241.0"
                    WIDTH="443.0"
                    HEIGHT="87.0">
            <Shape><Polygon POINTS="94 1291 94 1328 160 1328 161 1328 162 1328 164 1326 193 1306 224 1306 260 1319 261 1319 262 1319 263 1319 276 1314 309 1320 318 1320 319 1320 320 1320 321 1320 322 1319 341 1302 401 1302 428 1314 445 1322 446 1322 447 1322 470 1320 471 1320 472 1320 472 1319 479 1312 487 1305 535 1309 536 1284 534 1248 489 1241 489 1241 488 1241 487 1241 479 1248 477 1249 471 1248 440 1244 439 1244 438 1244 438 1244 431 1249 430 1250 427 1249 404 1243 403 1243 402 1243 401 1243 388 1250 387 1251 385 1250 376 1248 375 1248 374 1248 292 1252 269 1246 268 1246 267 1246 266 1246 265 1246 265 1247 258 1254 245 1254 233 1254 226 1248 226 1247 225 1247 224 1247 205 1247 204 1247 204 1247 203 1247 190 1255 165 1248 164 1248 109 1248 108 1248 107 1248 93 1255 94 1291"/></Shape>
            <String CONTENT="Si de lame procede galle"
                    HPOS="93.0"
                    VPOS="1241.0"
                    WIDTH="443.0"
                    HEIGHT="87.0"
                    WC="0.9997633844614029"></String>
          </TextLine>
        </TextBlock>
        <TextBlock HPOS="625.0"
                   VPOS="1301.0"
                   WIDTH="125.0"
                   HEIGHT="42.0"
                   ID="eSc_textblock_5962daeb"
                   TAGREFS="BT17">
          <Shape><Polygon POINTS="625 1301 625 1343 750 1343 750 1301"/></Shape>
          <TextLine ID="eSc_line_98908daa"
                    TAGREFS="LT8"
                    BASELINE="639 1328 749 1329" 
                    HPOS="639.0"
                    VPOS="1285.0"
                    WIDTH="110.0"
                    HEIGHT="84.0">
            <Shape><Polygon POINTS="639 1328 639 1368 649 1364 660 1365 687 1369 688 1369 689 1369 712 1357 722 1353 748 1353 749 1329 745 1301 731 1301 728 1298 715 1288 714 1288 713 1288 712 1288 684 1291 676 1292 639 1285 639 1328"/></Shape>
            <String CONTENT="Pour"
                    HPOS="639.0"
                    VPOS="1285.0"
                    WIDTH="110.0"
                    HEIGHT="84.0"
                    WC="0.9999999105930328"></String>
          </TextLine>
        </TextBlock>
      </PrintSpace>
    </Page>
  </Layout>
</alto>
