990 1580
71 108 551 58 De condemner/ ⁊ de absouldre

68 157 554 60 Cõme faisons cesser la fouldre.

67 208 627 56 Car nous pouons les cieulx ouurir

70 251 467 57 Et fermer a nostre plaisir

69 301 484 52 Par noz deuotes oraisons

67 344 661 56 Que nuyct ⁊ iour pour uoꝰ faisons.

68 389 603 60 Quand uous reposez en uoz lictz

68 436 508 58 Qu labourez ou faictes pis,

69 483 659 54 Prions pour uous nostre Seigneur.

72 530 658 58 Parquoy uault mieulx nostre labeur

66 576 627 56 Que celuy peuple que uous faictes

72 621 608 57 Ou uoz seruiteurs ou uoz bestes.

73 667 651 61 Toutes uoz oeuures sõt corporelles,

68 714 517 57 Les nostres sont spirituelles

67 761 561 57 Qui tiennent le peuple en estat.

68 805 628 58 Dieu si souuent point ne uous bat.

72 853 515 58 Pour uoz pechez que il feroit

70 899 466 52 Si nostre Litanie nestoit

69 945 512 58 Qui rapaise Dieu de son ire

68 993 551 55 Dict le bon doubteur de la lire.

69 1040 552 57 Uous deuez souuent retourner

67 1084 441 58 A leglise uous confesser

67 1133 554 56 A nous pour prendre penitence

72 1178 607 62 Qui soit selon nostre ordonnance.

70 1227 474 101 Noz sainctz priez/ ⁊ aornez/

601 1268 119 67 Offrez
