<?xml version="1.0" encoding="UTF-8"?>
<alto xmlns:xsi="http://www.w3.org/2001/XMLSchema-instance"
      xmlns="http://www.loc.gov/standards/alto/ns-v4#"
      xsi:schemaLocation="http://www.loc.gov/standards/alto/ns-v4# http://www.loc.gov/standards/alto/v4/alto-4-2.xsd">
  <Description>
    <MeasurementUnit>pixel</MeasurementUnit>
    <sourceImageInformation>
      <fileName>ABO_Z176243305.pdf_page_8.png</fileName>
      <fileIdentifier>pdf//ABO_Z176243305.pdf</fileIdentifier>
    </sourceImageInformation>
  </Description>
  <Tags>
    <OtherTag ID="BT7" LABEL="CustomZone" DESCRIPTION="block type CustomZone"/><OtherTag ID="BT8" LABEL="DamageZone" DESCRIPTION="block type DamageZone"/><OtherTag ID="BT9" LABEL="DigitizationArtefactZone" DESCRIPTION="block type DigitizationArtefactZone"/><OtherTag ID="BT10" LABEL="DropCapitalZone" DESCRIPTION="block type DropCapitalZone"/><OtherTag ID="BT11" LABEL="GraphicZone" DESCRIPTION="block type GraphicZone"/><OtherTag ID="BT12" LABEL="MainZone" DESCRIPTION="block type MainZone"/><OtherTag ID="BT13" LABEL="MarginTextZone" DESCRIPTION="block type MarginTextZone"/><OtherTag ID="BT15" LABEL="NumberingZone" DESCRIPTION="block type NumberingZone"/><OtherTag ID="BT17" LABEL="QuireMarksZone" DESCRIPTION="block type QuireMarksZone"/><OtherTag ID="BT18" LABEL="RunningTitleZone" DESCRIPTION="block type RunningTitleZone"/><OtherTag ID="BT20" LABEL="StampZone" DESCRIPTION="block type StampZone"/><OtherTag ID="BT21" LABEL="TableZone" DESCRIPTION="block type TableZone"/><OtherTag ID="BT22" LABEL="TitlePageZone" DESCRIPTION="block type TitlePageZone"/><OtherTag ID="BT412" LABEL="MarginTextZone:handwrittenAddition" DESCRIPTION="block type MarginTextZone:handwrittenAddition"/>
    <OtherTag ID="LT7" LABEL="CustomLine" DESCRIPTION="line type CustomLine"/><OtherTag ID="LT8" LABEL="DefaultLine" DESCRIPTION="line type DefaultLine"/><OtherTag ID="LT9" LABEL="DropCapitalLine" DESCRIPTION="line type DropCapitalLine"/><OtherTag ID="LT10" LABEL="HeadingLine" DESCRIPTION="line type HeadingLine"/><OtherTag ID="LT11" LABEL="InterlinearLine" DESCRIPTION="line type InterlinearLine"/><OtherTag ID="LT12" LABEL="MusicLine" DESCRIPTION="line type MusicLine"/>
  </Tags>
  <Layout>
    <Page WIDTH="1020"
          HEIGHT="1578"
          PHYSICAL_IMG_NR="0"
          ID="eSc_dummypage_">
      <PrintSpace HPOS="0"
                  VPOS="0"
                  WIDTH="1020"
                  HEIGHT="1578">
        <TextBlock HPOS="25"
                   VPOS="93"
                   WIDTH="846"
                   HEIGHT="1289"
                   ID="eSc_textblock_b9062081"
                   TAGREFS="BT22">
          <Shape><Polygon POINTS="42 93 41 304 25 1369 855 1382 865 441 863 302 871 214 864 100"/></Shape>
          <TextLine ID="eSc_line_4cb4ff7a"
                    TAGREFS="LT10"
                    BASELINE="89 181 407 176 848 185" 
                    HPOS="86"
                    VPOS="97"
                    WIDTH="761"
                    HEIGHT="104">
            <Shape><Polygon POINTS="86 189 121 195 142 185 229 193 393 186 405 197 425 191 431 198 477 190 490 198 551 191 650 199 662 189 680 189 704 201 846 197 847 123 813 123 768 106 709 122 660 117 647 103 640 103 625 118 619 120 555 114 540 120 444 120 430 106 356 110 340 98 267 98 234 115 196 97 100 97 88 102 88 180"/></Shape>
	    <String CONTENT="¶ La Ierite cachee/ deuãt"
                    HPOS="86"
                    VPOS="97"
                    WIDTH="761"
                    HEIGHT="104"
                    WC="0.9849620438539065"></String>
          </TextLine>
          <TextLine ID="eSc_line_d99a4fb4"
                    TAGREFS="LT10"
                    BASELINE="121 225 415 235 788 241" 
                    HPOS="121"
                    VPOS="183"
                    WIDTH="667"
                    HEIGHT="81">
            <Shape><Polygon POINTS="121 244 199 241 224 248 231 250 232 250 233 250 234 250 237 248 249 243 274 243 285 250 290 254 291 254 292 254 293 254 300 250 311 246 323 250 324 250 325 250 326 250 340 245 353 251 354 251 355 251 380 246 393 253 398 256 399 256 400 256 401 256 407 254 422 248 453 248 464 255 467 257 468 257 469 257 470 257 475 255 493 249 508 249 518 256 519 256 520 256 548 250 563 257 564 257 591 251 608 260 613 262 725 264 726 264 727 264 731 263 750 256 786 264 788 241 788 207 765 207 764 206 741 197 740 197 739 197 694 205 692 205 691 205 679 195 678 195 677 195 646 195 645 195 644 195 643 195 632 202 583 193 582 193 581 193 551 201 549 201 547 201 520 197 442 199 423 199 421 198 413 191 412 191 411 191 410 191 391 197 388 198 385 197 348 187 347 187 301 186 300 186 299 186 288 195 287 195 213 193 212 192 194 184 193 184 192 184 179 187 156 183 155 183 154 183 143 189 137 184 136 184 135 184 134 184 121 189 121 225"/></Shape>
	    <String CONTENT="cent ans faicte ⁊ composee a six per¬"
                    HPOS="121"
                    VPOS="183"
                    WIDTH="667"
                    HEIGHT="81"
                    WC="0.9902922221132227"></String>
          </TextLine>
          <TextLine ID="eSc_line_561ea282"
                    TAGREFS="LT10"
                    BASELINE="177 290 733 297" 
                    HPOS="176"
                    VPOS="243"
                    WIDTH="557"
                    HEIGHT="73">
            <Shape><Polygon POINTS="176 308 222 309 223 309 224 309 246 302 275 302 291 310 292 310 293 310 310 305 330 305 342 311 343 311 344 311 345 311 346 311 353 305 359 311 360 311 361 311 362 311 363 311 385 305 396 312 397 312 398 312 399 312 400 312 414 306 435 312 436 312 437 312 438 312 484 305 507 312 508 312 509 312 510 312 511 312 520 306 586 306 613 314 614 314 615 314 619 314 659 308 674 315 675 315 676 315 677 316 732 316 733 297 733 263 666 263 664 261 662 259 662 258 661 258 660 258 659 258 609 259 549 261 540 257 517 247 516 247 515 247 470 251 444 246 443 246 442 246 428 254 420 259 399 259 389 253 387 251 386 251 385 251 384 251 380 252 367 258 361 252 355 247 355 246 354 246 353 246 342 245 313 247 312 247 308 250 303 255 286 249 271 245 270 245 269 245 252 248 243 250 221 250 218 248 213 243 212 243 211 243 210 243 177 246 177 290"/></Shape>
	    <String CONTENT="sonnages: nouuellement cor¬"
                    HPOS="176"
                    VPOS="243"
                    WIDTH="557"
                    HEIGHT="73"
                    WC="0.9850378014423229"></String>
          </TextLine>
          <TextLine ID="eSc_line_8ceb19a7"
                    TAGREFS="LT10"
                    BASELINE="231 348 322 347 676 355" 
                    HPOS="230"
                    VPOS="305"
                    WIDTH="446"
                    HEIGHT="74">
            <Shape><Polygon POINTS="230 369 299 362 308 370 308 371 309 371 310 371 362 372 364 372 365 372 366 372 367 372 367 371 375 364 389 364 399 371 400 371 401 371 402 371 403 371 404 371 411 367 439 374 440 374 441 374 442 374 454 366 476 366 488 375 489 375 490 375 506 376 507 376 508 376 509 376 509 375 519 367 534 367 546 376 547 376 548 376 589 376 590 376 591 376 592 376 603 369 624 369 649 378 650 378 651 379 675 379 676 355 675 316 656 319 646 315 643 314 642 314 641 314 640 314 639 315 634 318 631 315 628 313 628 312 627 312 604 312 603 312 589 315 574 318 570 314 568 312 567 312 566 312 538 311 537 311 536 311 529 314 524 317 522 314 519 312 519 311 518 311 517 311 498 310 497 310 496 310 495 310 491 314 487 316 415 315 413 313 408 310 407 310 406 310 405 310 397 312 393 314 391 312 385 309 384 309 383 309 382 309 381 309 380 309 380 310 377 312 376 314 338 314 327 312 277 305 276 305 231 311 231 348"/></Shape>
	    <String CONTENT="rigee ⁊ augmentee auec"
                    HPOS="230"
                    VPOS="305"
                    WIDTH="446"
                    HEIGHT="74"
                    WC="0.985471785068512"></String>
          </TextLine>
          <TextLine ID="eSc_line_d32f8b07"
                    TAGREFS="LT10"
                    BASELINE="272 403 640 412" 
                    HPOS="271"
                    VPOS="360"
                    WIDTH="369"
                    HEIGHT="68">
            <Shape><Polygon POINTS="271 419 485 419 495 425 495 426 496 426 497 426 498 426 501 426 529 420 599 427 608 428 609 428 610 428 611 428 622 423 637 428 640 412 640 379 619 379 618 378 605 367 604 367 603 367 602 367 601 367 569 376 544 366 543 366 542 366 519 375 481 364 480 364 462 364 461 364 460 364 459 364 451 370 435 363 434 363 433 363 392 372 368 364 367 364 366 364 365 364 348 372 347 372 346 372 291 360 290 360 289 360 272 369 272 403"/></Shape>
	    <String CONTENT="les autoritez de la"
                    HPOS="271"
                    VPOS="360"
                    WIDTH="369"
                    HEIGHT="68"
                    WC="0.9996245126975211"></String>
          </TextLine>
          <TextLine ID="eSc_line_1575678d"
                    TAGREFS="LT10"
                    BASELINE="320 463 600 464" 
                    HPOS="320"
                    VPOS="417"
                    WIDTH="280"
                    HEIGHT="67">
            <Shape><Polygon POINTS="320 479 352 478 357 480 369 483 370 483 371 483 372 483 378 479 386 475 436 475 442 477 446 480 447 480 448 480 449 480 463 477 470 483 471 483 472 484 513 484 513 483 531 476 533 475 534 476 543 483 544 483 545 483 546 484 572 484 572 483 573 483 574 483 584 475 599 475 600 464 599 426 578 426 577 426 567 418 566 418 565 418 564 418 563 418 549 425 548 424 534 418 533 418 532 418 508 423 506 423 504 423 482 418 481 418 480 418 471 421 462 426 428 426 421 420 420 420 419 420 418 420 417 420 411 426 391 426 381 419 380 418 379 418 378 418 373 419 356 421 320 417 320 463"/></Shape>
	    <String CONTENT="saincte Escri¬"
                    HPOS="320"
                    VPOS="417"
                    WIDTH="280"
                    HEIGHT="67"
                    WC="0.9999945334025792"></String>
          </TextLine>
          <TextLine ID="eSc_line_5e501fb8"
                    TAGREFS="LT10"
                    BASELINE="382 523 509 523" 
                    HPOS="382"
                    VPOS="478"
                    WIDTH="127"
                    HEIGHT="90">
            <Shape><Polygon POINTS="382 558 401 562 402 562 403 562 404 562 404 561 406 561 407 559 409 561 412 563 413 563 414 563 415 563 421 561 436 557 508 568 509 523 509 488 456 486 455 485 446 478 445 478 444 478 427 478 426 478 425 478 424 478 424 479 419 483 415 487 406 483 397 478 396 478 395 478 382 481 382 523"/></Shape>
	    <String CONTENT="pture."
                    HPOS="382"
                    VPOS="478"
                    WIDTH="127"
                    HEIGHT="90"
                    WC="0.9955050448576609"></String>
          </TextLine>
        </TextBlock>
        <TextBlock HPOS="50"
                   VPOS="3"
                   WIDTH="294"
                   HEIGHT="77"
                   ID="eSc_textblock_4c658ae7"
                   TAGREFS="BT412">
          <Shape><Polygon POINTS="50 3 53 80 344 80 344 3"/></Shape>
        </TextBlock>
        <TextBlock HPOS="795"
                   VPOS="9"
                   WIDTH="210"
                   HEIGHT="77"
                   ID="eSc_textblock_fea8fb46"
                   TAGREFS="BT412">
          <Shape><Polygon POINTS="795 9 795 86 1005 86 1005 9"/></Shape>
        </TextBlock>
        <TextBlock ID="eSc_dummyblock_">
          <TextLine ID="eSc_line_38b02297"
                    TAGREFS="LT10"
                    BASELINE="182 577 334 576" 
                    HPOS="181"
                    VPOS="514"
                    WIDTH="153"
                    HEIGHT="77">
            <Shape><Polygon POINTS="278 515 269 515 260 515 251 516 246 516 242 518 240 516 234 516 225 517 220 517 208 524 208 525 185 526 181 530 182 577 182 591 238 591 238 590 239 590 240 590 246 586 333 589 334 576 331 517 299 519 299 518 293 514 286 515"/></Shape>
	    <String CONTENT="Uerite."
                    HPOS="181"
                    VPOS="514"
                    WIDTH="153"
                    HEIGHT="77"
                    WC="0.9993995087487357"></String>
          </TextLine>
          <TextLine ID="eSc_line_ef1cad7e"
                    TAGREFS="LT10"
                    BASELINE="534 582 692 584" 
                    HPOS="533"
                    VPOS="513"
                    WIDTH="159"
                    HEIGHT="94">
            <Shape><Polygon POINTS="630 528 621 527 613 523 607 517 599 519 592 514 592 513 591 513 590 513 589 513 570 522 534 518 534 582 533 604 609 597 621 605 622 606 623 606 624 606 625 607 647 607 647 606 648 606 649 606 649 605 654 601 691 605 692 584 691 544 659 544 653 537 647 531 639 530"/></Shape>
	    <String CONTENT="Aucun."
                    HPOS="533"
                    VPOS="513"
                    WIDTH="159"
                    HEIGHT="94"
                    WC="0.9999401966730753"></String>
          </TextLine>
          <TextLine ID="eSc_line_41013266"
                    TAGREFS="LT10"
                    BASELINE="184 633 399 635" 
                    HPOS="183"
                    VPOS="582"
                    WIDTH="216"
                    HEIGHT="71">
            <Shape><Polygon POINTS="183 644 196 652 197 652 198 652 199 653 238 653 238 652 239 652 240 652 247 646 261 652 262 652 263 652 290 644 300 653 301 653 302 653 303 653 304 653 319 647 328 651 329 651 330 651 331 651 343 646 350 652 350 653 351 653 352 653 353 653 399 644 399 635 399 601 359 594 358 594 357 594 356 594 352 597 333 583 332 583 331 583 330 583 288 592 270 582 269 582 268 582 184 598 184 633"/></Shape>
	    <String CONTENT="Ministre."
                    HPOS="183"
                    VPOS="582"
                    WIDTH="216"
                    HEIGHT="71"
                    WC="0.9995248383945889"></String>
          </TextLine>
          <TextLine ID="eSc_line_77039e0e"
                    TAGREFS="LT10"
                    BASELINE="534 639 718 641" 
                    HPOS="533"
                    VPOS="596"
                    WIDTH="185"
                    HEIGHT="57">
            <Shape><Polygon POINTS="533 648 546 653 547 653 548 653 717 653 718 641 718 604 702 597 701 597 700 597 641 604 639 604 634 599 634 598 633 598 632 598 631 598 630 598 612 603 556 596 555 596 554 596 534 602 534 639"/></Shape>
	    <String CONTENT="Auarice."
                    HPOS="533"
                    VPOS="596"
                    WIDTH="185"
                    HEIGHT="57"
                    WC="0.9998162090778351"></String>
          </TextLine>
          <TextLine ID="eSc_line_1b5c0b96"
                    TAGREFS="LT10"
                    BASELINE="186 692 378 693" 
                    HPOS="185"
                    VPOS="640"
                    WIDTH="192"
                    HEIGHT="75">
            <Shape><Polygon POINTS="185 715 252 707 268 710 296 715 297 715 298 715 300 715 313 707 321 703 377 703 377 691 377 649 350 640 348 640 347 640 289 646 279 640 277 640 276 640 275 640 273 640 244 650 185 650 185 691"/></Shape>
	    <String CONTENT="Peuple:"
                    HPOS="185"
                    VPOS="640"
                    WIDTH="192"
                    HEIGHT="75"
                    WC="0.899794557264873"></String>
          </TextLine>
          <TextLine ID="eSc_line_2f134072"
                    TAGREFS="LT10"
                    BASELINE="541 699 748 703" 
                    HPOS="540"
                    VPOS="649"
                    WIDTH="208"
                    HEIGHT="66">
            <Shape><Polygon POINTS="546 713 547 713 548 713 549 713 588 709 592 709 746 715 748 703 748 663 728 656 727 656 726 656 714 661 709 656 709 655 708 655 707 655 706 655 674 661 660 652 659 652 658 652 657 652 656 652 626 661 593 649 592 649 566 649 565 649 564 649 563 649 551 661 542 661 541 699 540 709"/></Shape>
	    <String CONTENT="Simonie."
                    HPOS="540"
                    VPOS="649"
                    WIDTH="208"
                    HEIGHT="66"
                    WC="0.9904910326004028"></String>
          </TextLine>
          <TextLine ID="eSc_line_3c88025c"
                    TAGREFS="LT10"
                    BASELINE="236 829 403 824 631 824" 
                    HPOS="232"
                    VPOS="733"
                    WIDTH="398"
                    HEIGHT="112">
            <Shape><Polygon POINTS="235 841 488 837 496 842 497 844 498 844 500 844 501 845 592 845 592 844 593 844 598 842 617 836 625 842 630 823 627 742 597 737 596 737 534 744 488 733 486 733 485 733 459 745 436 737 435 737 434 737 433 737 410 745 400 736 400 735 398 735 397 735 354 735 352 735 301 746 263 739 261 739 260 739 232 748 235 828"/></Shape>
	    <String CONTENT="¶ Dialogue."
                    HPOS="232"
                    VPOS="733"
                    WIDTH="398"
                    HEIGHT="112"
                    WC="0.9977453405206854"></String>
          </TextLine>
          <TextLine ID="eSc_line_a03ccc54"
                    TAGREFS="LT8"
                    BASELINE="52 871 536 872 844 881" 
                    HPOS="52"
                    VPOS="828"
                    WIDTH="792"
                    HEIGHT="65">
            <Shape><Polygon POINTS="841 844 833 844 824 843 815 843 806 842 798 842 789 841 782 840 775 842 774 842 773 842 768 839 763 839 754 839 745 838 744 838 737 841 734 842 694 842 691 840 684 836 684 836 683 836 682 836 681 836 672 840 667 842 575 840 571 838 563 834 563 834 562 834 528 837 492 840 485 836 475 831 474 831 473 831 472 831 463 836 462 837 460 836 455 831 454 831 453 831 452 831 394 834 378 835 363 834 332 831 331 831 330 831 322 833 309 838 265 838 253 831 249 830 249 830 248 830 247 830 241 831 218 838 202 831 198 829 197 829 124 829 123 829 122 829 121 829 105 837 52 828 52 871 52 882 148 880 218 884 256 887 256 887 267 885 288 881 302 885 309 888 310 888 311 888 330 886 363 881 370 886 373 888 374 888 375 888 376 888 385 886 400 882 406 886 410 888 411 888 412 888 413 888 425 887 441 883 452 887 458 888 459 888 460 888 470 887 490 883 520 883 528 888 529 888 530 888 531 888 532 888 533 888 534 888 534 888 542 883 565 883 584 888 591 889 592 889 592 889 609 888 652 884 662 888 667 891 668 891 751 892 752 893 821 893 821 892 822 892 823 892 826 890 832 886 841 890 844 881 843 844 841 844"/></Shape>
	    <String CONTENT="P. Cõpaignõ. C. plaist. P quas tu entre tes mains."
                    HPOS="52"
                    VPOS="828"
                    WIDTH="792"
                    HEIGHT="65"
                    WC="0.9833397326561121"></String>
          </TextLine>
          <TextLine ID="eSc_line_2458d11a"
                    TAGREFS="LT8"
                    BASELINE="48 911 504 913 841 925" 
                    HPOS="48"
                    VPOS="874"
                    WIDTH="793"
                    HEIGHT="67">
            <Shape><Polygon POINTS="48 911 48 923 86 920 99 924 108 928 109 928 110 928 126 925 151 920 196 926 213 929 214 929 227 927 252 924 276 929 292 931 292 931 293 931 299 929 311 923 325 923 340 930 349 934 349 934 350 934 369 931 383 928 397 931 406 933 406 933 407 933 421 931 465 926 480 932 481 932 482 932 483 932 499 925 550 932 551 932 613 927 656 936 656 936 680 932 693 938 696 939 697 939 840 941 841 925 841 893 756 887 755 887 675 889 556 881 555 881 527 886 499 880 498 880 442 886 431 879 430 879 429 879 428 879 391 885 382 881 381 881 380 881 363 884 350 878 349 878 349 878 180 881 165 875 164 875 164 875 122 881 74 874 73 874 72 874 48 880 48 911"/></Shape>
	    <String CONTENT="C. un uieil traicte. P mais noeuf. C. toꝰ deux ẽsẽble."
                    HPOS="48"
                    VPOS="874"
                    WIDTH="793"
                    HEIGHT="67"
                    WC="0.9931433860744748"></String>
          </TextLine>
          <TextLine ID="eSc_line_933e2d18"
                    TAGREFS="LT8"
                    BASELINE="47 951 663 955" 
                    HPOS="46"
                    VPOS="916"
                    WIDTH="617"
                    HEIGHT="49">
            <Shape><Polygon POINTS="47 951 46 964 662 965 663 955 663 929 583 929 579 927 571 923 570 923 570 923 569 923 556 926 549 928 546 926 542 923 541 923 540 923 539 923 538 923 527 925 525 926 525 925 519 921 519 920 518 920 517 920 516 920 493 921 492 921 492 921 492 922 487 925 485 928 455 928 451 924 447 921 447 920 446 920 445 920 444 920 443 920 442 920 437 924 431 927 394 927 389 923 387 921 386 921 385 921 385 921 370 923 342 926 336 922 333 919 332 919 331 919 330 919 312 922 287 924 273 921 265 918 264 918 263 918 206 919 206 919 205 919 198 925 172 918 171 918 170 918 169 918 168 918 167 918 160 924 136 924 128 918 128 917 128 917 127 917 126 917 122 917 89 924 82 919 82 918 81 918 80 918 47 916 47 951"/></Shape>
	    <String CONTENT="P. cõment cela? Ccent ans y a du moins"
                    HPOS="46"
                    VPOS="916"
                    WIDTH="617"
                    HEIGHT="49"
                    WC="0.987510866079575"></String>
          </TextLine>
          <TextLine ID="eSc_line_4b2faf46"
                    TAGREFS="LT8"
                    BASELINE="48 993 569 996 821 1005" 
                    HPOS="47"
                    VPOS="955"
                    WIDTH="774"
                    HEIGHT="64">
            <Shape><Polygon POINTS="48 993 47 1003 105 1010 106 1010 156 1009 156 1009 166 1006 174 1003 198 1007 225 1010 226 1010 245 1008 268 1004 275 1008 281 1012 282 1012 283 1012 284 1012 285 1012 296 1009 310 1004 364 1004 376 1010 380 1012 381 1012 382 1012 396 1010 430 1006 451 1011 463 1015 463 1015 464 1015 465 1015 475 1012 488 1009 506 1013 518 1015 519 1015 520 1015 526 1013 544 1008 586 1008 625 1015 630 1016 631 1016 632 1016 634 1015 649 1009 684 1016 687 1016 688 1016 694 1016 727 1013 743 1017 748 1018 748 1018 749 1019 820 1019 821 1005 820 964 750 968 720 963 717 963 716 963 715 963 714 963 703 970 677 970 606 963 595 962 594 962 593 962 592 962 592 963 584 967 538 967 531 962 530 962 529 962 528 962 524 962 501 966 492 962 486 960 485 960 485 960 484 960 477 962 462 966 414 962 402 961 401 961 400 961 398 962 389 966 332 966 321 962 307 958 306 958 271 958 271 958 270 958 262 961 256 964 226 964 221 961 213 957 212 957 211 957 188 961 178 963 169 961 145 956 144 956 143 956 129 961 128 961 125 961 91 955 90 955 48 960 48 993"/></Shape>
	    <String CONTENT="Quil fut faict. P. ou? C en haynault se me semble."
                    HPOS="47"
                    VPOS="955"
                    WIDTH="774"
                    HEIGHT="64"
                    WC="0.9824473249912262"></String>
          </TextLine>
          <TextLine ID="eSc_line_b893eb20"
                    TAGREFS="LT8"
                    BASELINE="48 1034 506 1037 762 1044" 
                    HPOS="47"
                    VPOS="998"
                    WIDTH="715"
                    HEIGHT="60">
            <Shape><Polygon POINTS="48 1034 47 1046 53 1051 54 1051 55 1051 56 1051 57 1051 74 1044 79 1043 114 1043 148 1044 249 1052 250 1052 251 1052 272 1045 278 1044 295 1044 296 1046 306 1053 306 1053 307 1053 363 1054 363 1054 418 1046 423 1046 424 1047 438 1055 439 1055 440 1055 441 1055 442 1055 461 1048 472 1055 473 1055 474 1055 475 1056 495 1056 495 1055 496 1055 512 1047 513 1047 514 1047 540 1052 541 1052 593 1048 595 1048 614 1057 615 1057 682 1058 683 1058 709 1053 743 1058 744 1058 745 1058 761 1049 762 1044 761 1013 727 1006 726 1006 725 1006 724 1006 715 1012 714 1013 684 1013 681 1012 655 1003 654 1003 653 1003 620 1009 601 1002 600 1002 599 1002 599 1002 577 1010 562 1002 561 1002 541 1002 540 1002 539 1002 526 1009 502 1005 501 1005 453 1009 448 1009 446 1009 420 1001 419 1001 418 1001 380 1006 360 1000 359 1000 313 1000 312 1000 311 1000 294 1008 293 1008 273 999 272 999 271 999 128 1006 120 1006 119 1006 99 998 99 998 60 998 59 998 58 998 48 1003 48 1034"/></Shape>
	    <String CONTENT="P. donc est il uieil. C. cõbien que uieil ressemble"
                    HPOS="47"
                    VPOS="998"
                    WIDTH="715"
                    HEIGHT="60"
                    WC="0.9995527531091983"></String>
          </TextLine>
          <TextLine ID="eSc_line_6521d72d"
                    TAGREFS="LT8"
                    BASELINE="47 1078 415 1077 718 1084" 
                    HPOS="46"
                    VPOS="1040"
                    WIDTH="672"
                    HEIGHT="61">
            <Shape><Polygon POINTS="47 1078 46 1086 99 1092 99 1092 100 1092 101 1092 106 1087 109 1086 184 1086 192 1089 200 1093 201 1093 202 1093 203 1093 204 1093 208 1089 216 1085 242 1090 252 1092 253 1092 254 1092 257 1091 268 1087 275 1091 285 1097 285 1097 286 1097 287 1097 288 1097 306 1092 311 1090 338 1092 348 1093 349 1093 349 1093 350 1093 363 1086 375 1093 376 1093 377 1093 401 1087 432 1094 439 1095 440 1095 441 1095 443 1094 460 1087 527 1096 536 1097 537 1097 538 1097 540 1096 558 1089 589 1095 590 1095 622 1094 629 1098 629 1099 630 1099 631 1099 632 1099 633 1099 634 1099 643 1093 653 1099 654 1100 655 1100 656 1100 656 1101 717 1101 718 1084 717 1053 620 1053 619 1052 608 1044 607 1044 606 1044 545 1044 544 1044 543 1044 542 1044 531 1052 529 1052 506 1051 486 1051 469 1043 468 1043 467 1043 466 1043 449 1051 448 1051 418 1050 389 1050 380 1043 379 1043 378 1043 378 1043 349 1048 274 1041 273 1041 223 1049 218 1050 189 1050 186 1048 165 1040 164 1040 123 1040 122 1040 121 1040 121 1040 112 1046 65 1040 64 1040 64 1040 47 1045 47 1078"/></Shape>
	    <String CONTENT="Si est il noeuf. P. dis moy cõment. C. or oys:"
                    HPOS="46"
                    VPOS="1040"
                    WIDTH="672"
                    HEIGHT="61"
                    WC="0.98443799323224"></String>
          </TextLine>
          <TextLine ID="eSc_line_b670745e"
                    TAGREFS="LT8"
                    BASELINE="45 1115 600 1120" 
                    HPOS="44"
                    VPOS="1082"
                    WIDTH="556"
                    HEIGHT="51">
            <Shape><Polygon POINTS="45 1115 44 1128 71 1124 124 1130 129 1130 130 1130 131 1130 132 1130 132 1129 137 1124 155 1124 172 1130 173 1130 174 1130 176 1130 213 1125 219 1130 219 1130 220 1130 221 1130 221 1130 228 1130 265 1125 291 1130 292 1130 319 1127 323 1130 324 1131 325 1131 326 1131 327 1131 335 1130 363 1126 385 1130 392 1132 393 1132 400 1130 418 1127 454 1131 466 1132 467 1132 468 1132 472 1131 485 1127 489 1131 490 1132 491 1132 491 1133 492 1133 492 1133 493 1133 494 1133 500 1131 513 1128 522 1131 527 1133 527 1133 528 1133 539 1131 556 1129 599 1131 600 1120 599 1094 574 1094 573 1093 563 1086 563 1086 562 1086 561 1086 518 1092 508 1093 506 1091 501 1087 501 1087 500 1087 499 1087 499 1087 498 1087 497 1087 491 1091 489 1092 483 1091 463 1087 462 1087 439 1090 426 1092 423 1089 418 1086 418 1085 417 1085 416 1085 415 1085 342 1087 268 1091 235 1086 228 1085 228 1085 227 1085 225 1086 214 1089 203 1085 198 1083 197 1083 196 1083 185 1085 156 1090 141 1084 136 1082 135 1082 104 1082 103 1082 102 1082 100 1083 85 1089 78 1082 77 1082 76 1082 45 1082 45 1115"/></Shape>
	    <String CONTENT="La Uerite que congnoistre debuois/"
                    HPOS="44"
                    VPOS="1082"
                    WIDTH="556"
                    HEIGHT="51"
                    WC="0.9982990447212668"></String>
          </TextLine>
          <TextLine ID="eSc_line_9c5c97a0"
                    TAGREFS="LT8"
                    BASELINE="42 1158 621 1161" 
                    HPOS="42"
                    VPOS="1122"
                    WIDTH="579"
                    HEIGHT="50">
            <Shape><Polygon POINTS="42 1158 42 1172 620 1171 621 1161 621 1132 590 1124 589 1124 588 1124 587 1124 576 1131 557 1125 556 1125 556 1125 555 1125 534 1131 534 1131 533 1131 508 1127 507 1127 446 1130 435 1123 434 1123 433 1123 412 1123 411 1123 410 1123 409 1123 399 1130 373 1123 372 1123 371 1123 370 1123 358 1130 340 1130 333 1130 323 1123 322 1123 321 1123 320 1123 201 1130 167 1123 166 1123 130 1129 106 1122 106 1122 65 1122 64 1122 64 1122 42 1129 42 1158"/></Shape>
	    <String CONTENT="Et qui tauoit este long temps latente/"
                    HPOS="42"
                    VPOS="1122"
                    WIDTH="579"
                    HEIGHT="50"
                    WC="0.989240509899039"></String>
          </TextLine>
          <TextLine ID="eSc_line_0c0e8c1a"
                    TAGREFS="LT8"
                    BASELINE="44 1199 606 1202" 
                    HPOS="43"
                    VPOS="1165"
                    WIDTH="563"
                    HEIGHT="50">
            <Shape><Polygon POINTS="44 1199 43 1211 124 1208 144 1212 150 1213 151 1213 152 1213 156 1212 174 1208 185 1212 191 1214 192 1214 192 1214 203 1212 218 1208 229 1211 237 1214 238 1214 239 1214 256 1211 277 1208 284 1211 290 1214 291 1214 292 1214 292 1214 293 1214 293 1213 296 1211 299 1208 320 1208 325 1211 329 1213 330 1213 331 1213 342 1211 349 1209 351 1211 355 1214 355 1215 356 1215 356 1215 357 1215 358 1215 372 1211 377 1209 378 1211 382 1214 382 1215 383 1215 384 1215 385 1215 443 1211 503 1215 504 1215 505 1215 516 1210 530 1215 531 1215 532 1215 533 1215 549 1210 555 1215 556 1215 556 1215 557 1215 558 1215 569 1210 576 1215 577 1215 577 1215 578 1215 605 1209 606 1202 605 1176 546 1168 545 1168 544 1168 543 1168 543 1169 536 1175 536 1176 481 1176 479 1175 465 1167 464 1167 463 1167 463 1167 462 1167 455 1173 447 1167 446 1167 445 1167 444 1167 396 1174 393 1175 325 1175 289 1174 289 1173 278 1166 277 1166 276 1166 275 1166 274 1166 273 1166 265 1172 258 1167 258 1166 257 1166 256 1166 256 1166 255 1166 236 1173 235 1173 220 1167 219 1167 218 1167 217 1167 201 1172 185 1165 184 1165 130 1165 129 1165 128 1165 128 1165 118 1172 117 1173 99 1173 99 1172 85 1165 85 1165 64 1165 64 1165 63 1165 44 1172 44 1199"/></Shape>
	    <String CONTENT="Nouuellement par moy tu la reuois"
                    HPOS="43"
                    VPOS="1165"
                    WIDTH="563"
                    HEIGHT="50"
                    WC="0.9871955640388258"></String>
          </TextLine>
          <TextLine ID="eSc_line_6b39d552"
                    TAGREFS="LT8"
                    BASELINE="44 1241 634 1246" 
                    HPOS="43"
                    VPOS="1204"
                    WIDTH="591"
                    HEIGHT="58">
            <Shape><Polygon POINTS="44 1241 43 1255 70 1251 83 1256 84 1256 85 1256 118 1251 133 1257 134 1257 135 1257 136 1257 214 1251 228 1258 229 1258 230 1258 232 1258 324 1252 337 1258 339 1259 340 1259 341 1259 342 1259 343 1259 356 1255 367 1259 368 1259 369 1259 370 1259 370 1259 371 1259 383 1253 406 1259 406 1259 533 1260 534 1260 565 1255 579 1260 580 1260 581 1260 582 1260 603 1255 611 1261 612 1261 613 1261 613 1262 634 1262 634 1246 634 1216 564 1216 563 1215 559 1211 559 1210 558 1210 557 1210 556 1210 556 1210 542 1215 537 1215 534 1214 522 1208 521 1208 520 1208 466 1213 447 1215 441 1213 425 1207 424 1207 423 1207 422 1207 410 1212 406 1215 378 1215 364 1211 339 1206 338 1206 337 1206 320 1210 310 1214 248 1214 243 1209 242 1208 242 1207 241 1207 240 1207 239 1207 221 1208 207 1210 205 1208 201 1205 200 1205 199 1205 176 1205 175 1205 174 1205 173 1205 170 1208 164 1212 151 1208 142 1204 142 1204 141 1204 140 1204 128 1207 119 1209 114 1207 110 1204 109 1204 108 1204 107 1204 44 1205 44 1241"/></Shape>
	    <String CONTENT="Il te fault donc aller dessoubz sa tente."
                    HPOS="43"
                    VPOS="1204"
                    WIDTH="591"
                    HEIGHT="58"
                    WC="0.9879002440266493"></String>
          </TextLine>
          <TextLine ID="eSc_line_345b5805"
                    TAGREFS="LT8"
                    BASELINE="43 1280 687 1288" 
                    HPOS="42"
                    VPOS="1246"
                    WIDTH="645"
                    HEIGHT="55">
            <Shape><Polygon POINTS="684 1257 681 1254 641 1253 641 1253 634 1254 615 1258 579 1254 563 1252 562 1252 561 1252 556 1254 544 1258 533 1254 527 1252 527 1252 526 1252 516 1254 499 1257 475 1254 456 1251 456 1251 455 1251 454 1251 451 1253 448 1257 410 1257 400 1253 388 1250 387 1250 386 1250 385 1250 385 1250 381 1253 378 1256 330 1256 320 1253 299 1249 299 1249 268 1253 257 1254 254 1253 242 1248 241 1248 240 1248 205 1252 198 1253 196 1252 186 1247 185 1247 185 1247 122 1252 116 1252 94 1252 85 1252 79 1246 78 1246 78 1246 77 1246 43 1251 43 1280 42 1293 685 1301 687 1288 687 1260 684 1257"/></Shape>
	    <String CONTENT="P. ien suis content/ car tout bien est ouuert"
                    HPOS="42"
                    VPOS="1246"
                    WIDTH="645"
                    HEIGHT="55"
                    WC="0.9866198221842448"></String>
          </TextLine>
          <TextLine ID="eSc_line_853d96eb"
                    TAGREFS="LT8"
                    BASELINE="43 1329 622 1328" 
                    HPOS="42"
                    VPOS="1289"
                    WIDTH="580"
                    HEIGHT="72">
            <Shape><Polygon POINTS="43 1329 43 1345 59 1350 60 1350 61 1350 62 1350 63 1350 63 1350 67 1346 171 1346 177 1349 186 1356 187 1356 188 1356 189 1356 190 1356 191 1356 201 1350 207 1346 255 1346 266 1351 288 1361 289 1361 290 1361 291 1361 317 1352 335 1346 357 1353 365 1356 366 1356 367 1356 368 1356 369 1356 371 1354 376 1350 388 1354 389 1354 390 1354 391 1354 392 1354 404 1349 421 1355 437 1360 438 1360 439 1361 555 1361 555 1360 556 1360 556 1360 558 1358 571 1348 592 1359 595 1360 596 1360 597 1360 622 1359 622 1328 620 1298 595 1292 594 1292 593 1292 592 1292 586 1297 585 1298 499 1298 495 1296 481 1290 480 1290 479 1290 478 1290 461 1295 456 1297 450 1295 432 1290 431 1290 430 1290 429 1290 414 1295 407 1297 385 1294 363 1293 363 1293 342 1294 296 1298 283 1293 271 1289 270 1289 269 1289 247 1293 234 1295 228 1293 221 1289 220 1289 219 1289 199 1293 185 1294 182 1292 178 1289 177 1289 176 1289 175 1289 174 1289 169 1292 164 1295 159 1292 156 1289 155 1289 154 1289 127 1289 126 1289 125 1289 124 1289 124 1290 122 1292 114 1298 91 1297 83 1291 81 1289 80 1289 79 1289 78 1289 42 1290 43 1329"/></Shape>
	    <String CONTENT="Par Uerite. C. ⁊ tout mal descouuert."
                    HPOS="42"
                    VPOS="1289"
                    WIDTH="580"
                    HEIGHT="72"
                    WC="0.9951511589256493"></String>
          </TextLine>
        </TextBlock>
      </PrintSpace>
    </Page>
  </Layout>
</alto>
