<?xml version="1.0" encoding="UTF-8"?>
<alto xmlns:xsi="http://www.w3.org/2001/XMLSchema-instance"
      xmlns="http://www.loc.gov/standards/alto/ns-v4#"
      xsi:schemaLocation="http://www.loc.gov/standards/alto/ns-v4# http://www.loc.gov/standards/alto/v4/alto-4-2.xsd">
  <Description>
    <MeasurementUnit>pixel</MeasurementUnit>
    <sourceImageInformation>
      <fileName>12_13ad1_default.jpg</fileName>
      <fileIdentifier>https://www.e-rara.ch/zuz/i3f/v20/165853/full/full/0/default.jpg</fileIdentifier>
    </sourceImageInformation>
  </Description>
  
  <Tags>
    <OtherTag ID="BT734" LABEL="MainZone" DESCRIPTION="block type MainZone"/><OtherTag ID="BT735" LABEL="MarginTextZone" DESCRIPTION="block type MarginTextZone"/><OtherTag ID="BT736" LABEL="QuireMarksZone" DESCRIPTION="block type QuireMarksZone"/><OtherTag ID="BT737" LABEL="RunningTitleZone" DESCRIPTION="block type RunningTitleZone"/><OtherTag ID="BT738" LABEL="GraphicZone" DESCRIPTION="block type GraphicZone"/><OtherTag ID="BT739" LABEL="DropCapitalZone" DESCRIPTION="block type DropCapitalZone"/><OtherTag ID="BT740" LABEL="NumberingZone" DESCRIPTION="block type NumberingZone"/><OtherTag ID="BT741" LABEL="StampZone" DESCRIPTION="block type StampZone"/><OtherTag ID="BT929" LABEL="QuireMarksZone:catchword" DESCRIPTION="block type QuireMarksZone:catchword"/><OtherTag ID="BT930" LABEL="TitlePageZone" DESCRIPTION="block type TitlePageZone"/><OtherTag ID="BT931" LABEL="QuireMarksZone:signature" DESCRIPTION="block type QuireMarksZone:signature"/><OtherTag ID="BT932" LABEL="DamageZone" DESCRIPTION="block type DamageZone"/><OtherTag ID="BT933" LABEL="TableZone" DESCRIPTION="block type TableZone"/>
    <OtherTag ID="LT248" LABEL="DefaultLine" DESCRIPTION="line type DefaultLine"/><OtherTag ID="LT249" LABEL="HeadingLine" DESCRIPTION="line type HeadingLine"/><OtherTag ID="LT250" LABEL="DropCapitalLine" DESCRIPTION="line type DropCapitalLine"/><OtherTag ID="LT352" LABEL="CustomLine:handwrittenNote" DESCRIPTION="line type CustomLine:handwrittenNote"/>
  </Tags>
  
  <Layout>
    <Page WIDTH="1146"
          HEIGHT="1520"
          PHYSICAL_IMG_NR="12"
          ID="eSc_dummypage_">
      <PrintSpace HPOS="0"
                  VPOS="0"
                  WIDTH="1146"
                  HEIGHT="1520">
        
        <TextBlock HPOS="150"
                   VPOS="129"
                   WIDTH="713"
                   HEIGHT="1178"
                   ID="eSc_textblock_8749d1d6"
                   TAGREFS="BT734">
          <Shape><Polygon POINTS="150 129 150 1307 863 1307 863 129"/></Shape>
          
          
          <TextLine ID="eSc_line_0d58e256"
                    TAGREFS="LT248"
                    BASELINE="171 172 427 169" 
                    HPOS="171"
                    VPOS="126"
                    WIDTH="256"
                    HEIGHT="57">
            <Shape><Polygon POINTS="423 135 410 130 398 130 385 130 372 130 360 130 347 129 334 129 321 129 309 129 296 129 283 127 278 127 272 130 230 126 220 126 207 126 195 126 182 126 171 148 171 172 171 183 427 183 427 169 424 139 423 135"/></Shape>
	    <String CONTENT="Ou est purge"
                    HPOS="171"
                    VPOS="126"
                    WIDTH="256"
                    HEIGHT="57"></String>
          </TextLine>

          
          
          <TextLine ID="eSc_line_ce3cf69e"
                    TAGREFS="LT248"
                    BASELINE="167 217 706 216" 
                    HPOS="164"
                    VPOS="171"
                    WIDTH="540"
                    HEIGHT="64">
            <Shape><Polygon POINTS="185 171 183 171 164 179 166 216 167 235 188 226 228 234 229 234 230 235 271 235 271 234 272 234 273 234 281 226 304 233 308 234 309 234 310 234 311 234 313 234 314 233 324 226 366 231 377 233 379 233 400 231 452 226 458 230 463 234 465 234 466 234 467 234 605 233 607 233 608 233 616 228 618 226 627 226 694 234 695 234 697 234 698 234 698 233 704 226 704 215 702 177 660 171 659 171 657 171 656 171 647 177 632 187 570 187 551 178 548 177 547 177 546 177 545 177 541 178 517 186 507 178 504 176 503 176 502 176 500 176 499 176 491 178 472 187 436 187 405 179 363 171 362 171 361 171 329 181 323 182 321 181 313 173 313 172 311 172 310 172 309 172 234 177 186 171 185 171"/></Shape>
	    <String CONTENT="Son filz eleu, bis"
                    HPOS="164"
                    VPOS="171"
                    WIDTH="540"
                    HEIGHT="64"></String>
          </TextLine>

          
          
          <TextLine ID="eSc_line_d799e7ba"
                    TAGREFS="LT248"
                    BASELINE="163 263 453 260" 
                    HPOS="162"
                    VPOS="219"
                    WIDTH="291"
                    HEIGHT="58">
            <Shape><Polygon POINTS="162 244 163 263 163 269 216 277 218 277 324 269 338 276 339 276 341 277 441 277 441 276 442 276 443 276 453 268 453 260 450 219 361 225 341 221 320 219 319 219 318 219 316 219 310 222 305 226 300 224 295 220 294 220 292 220 291 220 233 225 220 226 215 226 176 220 174 220 173 220 162 244"/></Shape>
	    <String CONTENT="Comme iay leu,"
                    HPOS="162"
                    VPOS="219"
                    WIDTH="291"
                    HEIGHT="58"></String>
          </TextLine>

          
          
          <TextLine ID="eSc_line_2396f234"
                    TAGREFS="LT248"
                    BASELINE="164 309 443 312" 
                    HPOS="163"
                    VPOS="264"
                    WIDTH="280"
                    HEIGHT="65">
            <Shape><Polygon POINTS="164 309 163 319 441 329 443 312 442 276 399 268 398 268 358 274 357 274 351 267 349 267 349 266 348 266 347 266 346 266 285 273 258 264 257 264 256 264 207 272 174 264 173 264 172 264 171 264 169 264 164 268 164 309"/></Shape>
	    <String CONTENT="Uerbe abbrege."
                    HPOS="163"
                    VPOS="264"
                    WIDTH="280"
                    HEIGHT="65"></String>
          </TextLine>

          
          
          <TextLine ID="eSc_line_e92d1a5c"
                    TAGREFS="LT249"
                    BASELINE="209 405 849 405" 
                    HPOS="209"
                    VPOS="359"
                    WIDTH="640"
                    HEIGHT="62">
            <Shape><Polygon POINTS="830 373 817 373 804 373 792 372 779 372 766 372 754 372 741 371 728 371 716 371 703 371 690 369 678 369 665 369 652 369 642 368 641 371 586 371 574 367 564 367 551 367 538 367 528 366 526 369 470 369 466 366 463 364 462 364 450 364 437 364 431 367 428 364 425 363 424 363 412 363 399 363 386 363 373 362 361 362 348 362 335 362 323 362 320 361 318 363 311 367 278 363 247 359 245 359 244 359 234 363 219 368 211 362 210 362 209 405 209 421 849 420 849 405 849 373 843 373"/></Shape>
	    <String CONTENT="¶Autre Noel nouueau sur le chant"
                    HPOS="209"
                    VPOS="359"
                    WIDTH="640"
                    HEIGHT="62"></String>
          </TextLine>

          
          
          <TextLine ID="eSc_line_0a4b9d38"
                    TAGREFS="LT249"
                    BASELINE="205 449 778 452" 
                    HPOS="204"
                    VPOS="407"
                    WIDTH="574"
                    HEIGHT="61">
            <Shape><Polygon POINTS="204 458 305 467 306 468 433 468 433 467 434 467 447 461 448 461 452 461 493 468 494 468 495 468 512 462 775 463 778 452 777 418 736 410 735 410 703 416 692 409 690 409 689 409 688 409 687 409 663 416 663 418 595 418 595 416 585 409 584 409 583 409 581 409 580 409 555 416 553 416 534 410 533 410 532 410 531 410 517 416 515 416 462 416 418 416 405 407 404 407 403 407 401 407 251 415 214 407 212 407 211 407 210 407 205 411 205 449"/></Shape>
	    <String CONTENT="Amy souffrez que ie uous ayme."
                    HPOS="204"
                    VPOS="407"
                    WIDTH="574"
                    HEIGHT="61"></String>
          </TextLine>

          
          
          <TextLine ID="eSc_line_70a01bd7"
                    TAGREFS="LT250"
                    BASELINE="166 541 257 541" 
                    HPOS="164"
                    VPOS="453"
                    WIDTH="92"
                    HEIGHT="95">
            <Shape><Polygon POINTS="164 545 254 548 256 540 254 453 164 458 164 540"/></Shape>
	    <String CONTENT="C"
                    HPOS="164"
                    VPOS="453"
                    WIDTH="92"
                    HEIGHT="95"></String>
          </TextLine>

          
          
          <TextLine ID="eSc_line_ed079145"
                    TAGREFS="LT248"
                    BASELINE="262 500 843 496" 
                    HPOS="259"
                    VPOS="457"
                    WIDTH="582"
                    HEIGHT="57">
            <Shape><Polygon POINTS="261 499 261 514 754 514 754 513 755 513 756 513 769 505 840 511 841 495 839 457 259 457 261 499"/></Shape>
	    <String CONTENT="Hantons Noel par uoix seraine,"
                    HPOS="259"
                    VPOS="457"
                    WIDTH="582"
                    HEIGHT="57"></String>
          </TextLine>

          
          
          <TextLine ID="eSc_line_9f925d8a"
                    TAGREFS="LT248"
                    BASELINE="266 540 810 544" 
                    HPOS="263"
                    VPOS="505"
                    WIDTH="545"
                    HEIGHT="56">
            <Shape><Polygon POINTS="264 539 263 556 806 561 808 543 806 505 264 505 264 539"/></Shape>
	    <String CONTENT="Le filz de Dieu; nostre sauueur"
                    HPOS="263"
                    VPOS="505"
                    WIDTH="545"
                    HEIGHT="56"></String>
          </TextLine>

          
          
          <TextLine ID="eSc_line_1a67d2c0"
                    TAGREFS="LT248"
                    BASELINE="160 590 668 592" 
                    HPOS="159"
                    VPOS="545"
                    WIDTH="509"
                    HEIGHT="61">
            <Shape><Polygon POINTS="160 590 159 597 201 606 202 606 240 600 665 606 668 592 668 557 576 556 575 554 569 548 567 548 566 548 565 548 537 553 523 556 469 552 414 548 413 548 394 551 358 554 346 549 339 547 338 547 337 547 318 548 264 554 257 548 257 547 256 547 254 547 160 545 160 590"/></Shape>
	    <String CONTENT="Nostre aduocat, ⁊ protecteur"
                    HPOS="159"
                    VPOS="545"
                    WIDTH="509"
                    HEIGHT="61"></String>
          </TextLine>

          
          
          <TextLine ID="eSc_line_c49a6816"
                    TAGREFS="LT248"
                    BASELINE="158 638 843 635" 
                    HPOS="157"
                    VPOS="595"
                    WIDTH="686"
                    HEIGHT="61">
            <Shape><Polygon POINTS="158 638 158 648 271 648 311 656 313 656 352 648 404 648 415 656 417 656 418 656 419 656 420 656 422 656 434 648 462 656 463 656 465 656 466 656 496 647 499 647 502 647 523 654 524 654 526 656 825 656 825 654 826 654 843 647 843 635 840 602 797 595 796 595 794 595 775 601 774 602 614 602 608 600 588 595 586 595 585 595 532 600 498 602 488 599 477 596 476 596 475 596 474 596 472 596 470 599 465 602 450 599 434 596 433 596 418 599 398 602 375 599 361 596 360 596 329 599 270 602 259 597 257 596 256 596 254 596 157 596 158 638"/></Shape>
	    <String CONTENT="A prins poͬ noꝰ nature humaine. bis"
                    HPOS="157"
                    VPOS="595"
                    WIDTH="686"
                    HEIGHT="61"></String>
          </TextLine>

          
          
          <TextLine ID="eSc_line_712d02fc"
                    TAGREFS="LT248"
                    BASELINE="159 682 746 686" 
                    HPOS="158"
                    VPOS="646"
                    WIDTH="588"
                    HEIGHT="57">
            <Shape><Polygon POINTS="159 682 158 692 401 701 403 701 542 696 546 701 547 701 547 703 548 703 550 703 551 703 745 696 746 686 744 646 159 646 159 682"/></Shape>
	    <String CONTENT="¶Adam nous auoit mis en peine"
                    HPOS="158"
                    VPOS="646"
                    WIDTH="588"
                    HEIGHT="57"></String>
          </TextLine>

          
          
          <TextLine ID="eSc_line_586b0ace"
                    TAGREFS="LT248"
                    BASELINE="157 728 690 732" 
                    HPOS="155"
                    VPOS="690"
                    WIDTH="535"
                    HEIGHT="56">
            <Shape><Polygon POINTS="157 728 155 746 689 746 690 732 689 692 157 690 157 728"/></Shape>
	    <String CONTENT="Par son peche, ⁊ son malheur;"
                    HPOS="155"
                    VPOS="690"
                    WIDTH="535"
                    HEIGHT="56"></String>
          </TextLine>

          
          
          <TextLine ID="eSc_line_411fadd1"
                    TAGREFS="LT248"
                    BASELINE="157 779 783 779" 
                    HPOS="157"
                    VPOS="735"
                    WIDTH="626"
                    HEIGHT="63">
            <Shape><Polygon POINTS="778 752 765 744 763 743 682 737 680 737 679 737 678 737 678 738 673 743 671 743 647 735 646 735 645 735 643 735 618 742 614 744 588 744 586 742 579 735 578 735 576 735 575 735 574 735 560 742 557 744 507 744 503 742 495 735 494 735 493 735 491 735 490 735 472 742 466 743 460 741 446 735 444 735 443 735 398 741 373 743 365 741 352 735 351 735 349 735 348 735 337 741 329 743 321 741 311 735 310 735 309 735 285 739 267 743 258 739 248 735 247 735 245 735 244 735 243 735 238 739 233 743 224 739 214 735 212 735 211 735 157 738 157 779 157 790 272 790 278 795 278 796 280 796 281 796 282 796 315 790 316 790 329 796 330 796 332 796 333 796 348 790 349 790 352 790 389 796 390 798 447 798 447 796 448 796 450 796 450 795 455 790 456 790 471 796 472 796 474 796 504 791 512 790 521 791 559 796 560 796 593 791 602 790 605 791 617 796 618 796 619 796 783 791 783 779 778 752 778 752"/></Shape>
	    <String CONTENT="Mais Iesus Christ nostre seigneur"
                    HPOS="157"
                    VPOS="735"
                    WIDTH="626"
                    HEIGHT="63"></String>
          </TextLine>

          
          
          <TextLine ID="eSc_line_3ea26f35"
                    TAGREFS="LT248"
                    BASELINE="155 824 841 824" 
                    HPOS="155"
                    VPOS="781"
                    WIDTH="686"
                    HEIGHT="63">
            <Shape><Polygon POINTS="840 794 827 785 816 781 815 781 813 781 779 782 778 782 777 782 777 784 770 789 768 792 670 792 660 789 643 784 642 784 641 784 640 784 638 784 638 785 635 789 631 792 565 792 555 787 536 781 534 781 533 781 532 781 507 787 491 792 398 792 390 787 381 781 380 781 379 781 377 781 323 786 289 790 283 786 278 782 278 781 277 781 276 781 275 781 155 785 155 824 155 834 291 842 292 842 294 842 313 837 319 836 328 837 362 843 363 843 365 843 385 837 392 836 401 838 423 843 424 843 425 844 567 844 567 843 569 843 570 843 574 839 578 836 593 839 605 843 607 843 608 844 693 844 693 843 694 843 699 841 707 837 718 841 725 843 726 843 727 843 744 842 783 837 840 842 841 824 841 795 840 794"/></Shape>
	    <String CONTENT="Noꝰ uoeut sauuer ꝑ foy certaine. bis"
                    HPOS="155"
                    VPOS="781"
                    WIDTH="686"
                    HEIGHT="63"></String>
          </TextLine>

          
          
          <TextLine ID="eSc_line_fe449015"
                    TAGREFS="LT248"
                    BASELINE="155 871 746 874" 
                    HPOS="154"
                    VPOS="832"
                    WIDTH="592"
                    HEIGHT="55">
            <Shape><Polygon POINTS="155 871 154 879 237 886 238 886 427 881 461 887 462 887 745 881 746 874 744 832 155 833 155 871"/></Shape>
	    <String CONTENT="¶Sa mere estoit dame haultaine"
                    HPOS="154"
                    VPOS="832"
                    WIDTH="592"
                    HEIGHT="55"></String>
          </TextLine>

          
          
          <TextLine ID="eSc_line_1f03ae56"
                    TAGREFS="LT248"
                    BASELINE="158 918 730 920" 
                    HPOS="157"
                    VPOS="875"
                    WIDTH="573"
                    HEIGHT="57">
            <Shape><Polygon POINTS="158 918 157 929 727 932 730 920 728 884 688 876 687 876 685 876 673 882 671 884 463 884 461 882 444 875 443 875 442 875 441 875 439 875 431 881 414 875 413 875 412 875 410 875 385 881 384 881 382 881 320 875 319 875 158 880 158 918"/></Shape>
	    <String CONTENT="Fille a Dauid, le roy d honneur;"
                    HPOS="157"
                    VPOS="875"
                    WIDTH="573"
                    HEIGHT="57"></String>
          </TextLine>

          
          
          <TextLine ID="eSc_line_ff341fb1"
                    TAGREFS="LT248"
                    BASELINE="166 966 754 967" 
                    HPOS="163"
                    VPOS="922"
                    WIDTH="590"
                    HEIGHT="59">
            <Shape><Polygon POINTS="164 965 163 972 206 980 207 981 751 981 753 966 751 928 424 922 423 922 422 922 414 924 398 928 366 923 353 922 352 922 341 923 308 928 292 923 290 922 289 922 287 922 282 923 257 928 164 922 164 965"/></Shape>
	    <String CONTENT="Iesus son filz est grand donneur,"
                    HPOS="163"
                    VPOS="922"
                    WIDTH="590"
                    HEIGHT="59"></String>
          </TextLine>

          
          
          <TextLine ID="eSc_line_1e87d2de"
                    TAGREFS="LT248"
                    BASELINE="154 1010 839 1013" 
                    HPOS="153"
                    VPOS="967"
                    WIDTH="686"
                    HEIGHT="55">
            <Shape><Polygon POINTS="826 975 818 972 784 969 783 969 782 969 780 969 774 974 768 980 704 980 690 974 678 970 676 970 675 970 674 970 660 974 643 979 619 974 593 969 592 969 590 969 569 974 550 979 542 974 534 969 533 969 532 969 531 969 455 974 413 976 408 974 400 967 399 967 398 967 396 967 395 967 394 967 384 974 381 975 377 974 361 967 360 967 357 967 344 967 332 967 319 967 306 967 299 967 297 967 296 967 277 974 263 977 234 974 202 969 192 970 180 970 171 970 154 972 154 1010 153 1022 837 1019 839 1013 837 979 826 975"/></Shape>
	    <String CONTENT="Demandõs luy la bõne estraine. bis"
                    HPOS="153"
                    VPOS="967"
                    WIDTH="686"
                    HEIGHT="55"></String>
          </TextLine>

          
          
          <TextLine ID="eSc_line_260f9262"
                    TAGREFS="LT248"
                    BASELINE="154 1056 739 1058" 
                    HPOS="153"
                    VPOS="1017"
                    WIDTH="586"
                    HEIGHT="59">
            <Shape><Polygon POINTS="154 1056 153 1066 201 1074 202 1074 306 1069 324 1069 325 1070 330 1074 330 1075 332 1075 333 1075 334 1076 737 1076 739 1058 737 1020 154 1017 154 1056"/></Shape>
	    <String CONTENT="¶Allons par foy a son domaine,"
                    HPOS="153"
                    VPOS="1017"
                    WIDTH="586"
                    HEIGHT="59"></String>
          </TextLine>

          
          
          <TextLine ID="eSc_line_91a7983e"
                    TAGREFS="LT248"
                    BASELINE="153 1104 701 1107" 
                    HPOS="152"
                    VPOS="1067"
                    WIDTH="549"
                    HEIGHT="54">
            <Shape><Polygon POINTS="153 1080 153 1104 152 1113 228 1121 229 1121 699 1118 701 1107 698 1067 159 1067 153 1080"/></Shape>
	    <String CONTENT="Nul que luy ny est conducteur,"
                    HPOS="152"
                    VPOS="1067"
                    WIDTH="549"
                    HEIGHT="54"></String>
          </TextLine>

          
          
          <TextLine ID="eSc_line_1052390b"
                    TAGREFS="LT248"
                    BASELINE="155 1157 723 1152" 
                    HPOS="154"
                    VPOS="1107"
                    WIDTH="569"
                    HEIGHT="60">
            <Shape><Polygon POINTS="631 1107 630 1107 628 1107 624 1109 611 1117 437 1118 404 1109 400 1109 399 1109 398 1109 392 1109 357 1118 334 1110 332 1109 330 1109 329 1109 328 1109 324 1110 294 1119 261 1110 259 1110 258 1110 257 1110 154 1110 155 1157 155 1165 721 1167 723 1152 717 1108 704 1117 651 1117 636 1108 632 1107 631 1107"/></Shape>
	    <String CONTENT="Il est nostre souuerain pasteur,"
                    HPOS="154"
                    VPOS="1107"
                    WIDTH="569"
                    HEIGHT="60"></String>
          </TextLine>

          
          
          <TextLine ID="eSc_line_ec188dcf"
                    TAGREFS="LT248"
                    BASELINE="152 1200 785 1200" 
                    HPOS="152"
                    VPOS="1156"
                    WIDTH="633"
                    HEIGHT="62">
            <Shape><Polygon POINTS="774 1170 745 1156 744 1156 742 1156 741 1156 716 1169 697 1162 695 1162 694 1162 693 1162 675 1171 673 1174 567 1174 561 1169 553 1164 552 1164 551 1164 550 1164 493 1165 476 1157 475 1157 474 1157 472 1157 471 1157 458 1165 413 1162 412 1162 410 1162 409 1162 405 1166 401 1169 396 1166 391 1161 390 1161 389 1161 387 1161 352 1165 335 1166 325 1164 296 1156 291 1157 278 1157 266 1157 256 1157 152 1160 152 1200 152 1208 199 1216 200 1216 201 1216 202 1216 211 1209 212 1209 240 1209 286 1209 294 1217 295 1217 296 1217 297 1218 513 1218 513 1217 514 1217 531 1210 536 1209 546 1210 579 1217 580 1217 618 1212 635 1209 651 1212 684 1217 685 1217 785 1212 785 1200 784 1195 774 1170"/></Shape>
	    <String CONTENT="Mediateur, ⁊ capitaine. bis"
                    HPOS="152"
                    VPOS="1156"
                    WIDTH="633"
                    HEIGHT="62"></String>
          </TextLine>

          
          
          <TextLine ID="eSc_line_32bb5042"
                    TAGREFS="LT248"
                    BASELINE="153 1245 742 1248" 
                    HPOS="152"
                    VPOS="1202"
                    WIDTH="590"
                    HEIGHT="58">
            <Shape><Polygon POINTS="334 1202 333 1202 332 1202 314 1209 311 1210 275 1210 272 1208 264 1202 263 1202 262 1202 261 1202 153 1207 153 1245 152 1256 740 1260 742 1248 741 1213 665 1204 623 1204 622 1204 621 1204 619 1204 619 1205 613 1212 612 1212 507 1212 505 1210 499 1204 498 1204 496 1204 495 1204 494 1204 476 1210 475 1210 474 1210 456 1203 455 1203 453 1203 452 1203 431 1209 427 1212 363 1212 358 1209 335 1202 334 1202"/></Shape>
	    <String CONTENT="¶Allons apres le porte enseigne;"
                    HPOS="152"
                    VPOS="1202"
                    WIDTH="590"
                    HEIGHT="58"></String>
          </TextLine>

          
          
          <TextLine ID="eSc_line_74724ea9"
                    TAGREFS="LT248"
                    BASELINE="152 1297 735 1294" 
                    HPOS="150"
                    VPOS="1248"
                    WIDTH="585"
                    HEIGHT="71">
            <Shape><Polygon POINTS="566 1248 565 1248 564 1248 439 1257 384 1250 382 1250 278 1256 264 1250 263 1250 166 1250 164 1250 163 1250 162 1250 150 1256 152 1297 152 1312 218 1319 219 1319 220 1319 221 1319 221 1318 228 1313 235 1313 324 1319 325 1319 367 1314 381 1313 733 1317 735 1294 732 1257 575 1257 567 1250 567 1248 566 1248"/></Shape>
	    <String CONTENT="Laissons l hõme qui est menteur,"
                    HPOS="150"
                    VPOS="1248"
                    WIDTH="585"
                    HEIGHT="71"></String>
          </TextLine>

          
        </TextBlock>
        
        <TextBlock HPOS="160"
                   VPOS="460"
                   WIDTH="97"
                   HEIGHT="86"
                   ID="eSc_textblock_0e90f553"
                   TAGREFS="BT739">
          <Shape><Polygon POINTS="160 460 160 546 257 546 257 460"/></Shape>
          
        </TextBlock>
        

        
      </PrintSpace>
    </Page>
  </Layout>
</alto>
