1146 1521
147 116 432 56 Nulle fois en tentation,

143 159 564 66 Si par Satan sommes seduitz,

145 209 436 62 Oste nous de seduction,

144 261 425 55 Par ta forte protection,

141 304 276 59 Deliure nous,

145 351 509 59 Ou nous irions sans fiction

141 397 424 56 A la dãnation trestous.

144 442 535 58 ¶Pour nous deliurer de cela,

144 486 611 66 Ton filz Iesus est nay pour tous,

141 536 483 55 En temps certain se reuela

141 580 572 58 Nostre sauueur ⁊ nostre espoux,

141 629 662 64 Lequel soustint pour nous les coups,

140 676 346 55 Le doulx aigneau,

145 719 576 61 Fut mis a mort des cruelz loups

141 769 663 66 Pour nous sauuer, Or chantõs nau.

182 863 626 54 ¶Autre Noel nouueau sur le chant

187 916 614 58 Tous les regretz quoncques furẽt

183 958 250 56 au monde ⁊c.

141 1011 88 87 T

239 1000 587 60 Ous les pasteͬs qͥ regẽtez le mõde

237 1050 589 59 Regardez biẽ, en q̃l chemin ⁊ uoye

141 1100 688 55 Uous cõduysez, moutõs ⁊ de q̃lle unde

143 1140 686 62 Les abreuuez, rien nest q̃ dieu ne uoye.

144 1188 682 60 ¶Noͬrissez les du pain quõ faict ⁊ fõde

143 1234 684 76 Des saĩctz escriptz, gardez uoꝰ biẽ quõ

692 1285 135 66 (ne oye
