1146 1521
134 131 719 61 ¶Cõgnoissez uoꝰ en cõtẽplant le Christ,

135 179 689 60 Mettez son faict ⁊ le uostre en balance,

131 225 714 55 Et uous uerrez q̃ aucũs sont l antechrist

133 272 702 53 Contredisantz; a sa saincte ordonnance,

134 319 686 53 Nostre seigneur deffend toute boubãce,

133 366 678 52 Toute auarice, enuie, paresse, orgueil,

134 410 721 62 Mais uoꝰ faictes cõtre on le uoit a l oeil.

178 458 638 57 ¶Autre Noel nouueau sur le chant;

180 508 593 57 Nous nyrons plus planter l ortie.

126 564 100 93 C

216 553 525 64 hantons noel du filz Marie,

220 600 252 60 Par melodie,

130 645 473 57 Et doulx accord spirituel,

138 692 446 63 Il est le roy Emmanuel,

126 741 720 60 Regnant en nous par foy unie, bis

131 790 269 61 Ie uous affie.

130 831 545 58 ¶La uertu dieu estoit latente,

133 882 324 58 Dessoubz la tente

129 927 534 62 Du corps forme diuinement,

131 977 421 59 Par l operer subitement

129 1020 734 68 Du sainct esprit, cest mon entente; bis

128 1072 305 61 Et mon attente.

129 1114 597 66 ¶Chantons noel par sa doctrine,

128 1166 318 67 Saincte ⁊ diuine,

129 1211 606 61 Laquelle nous fault tous scauoir;

126 1259 580 89 Car cest lauoir quon doibt auoir,
