1146 1520
310 134 584 56 En le seruant, tout temps ⁊ lieu;

310 181 586 60 Car il est des seigneurs; seigneur.

311 233 547 54 ¶ Chantons noel ioyeusement

311 273 449 61 Par la parolle de Iesus;

311 324 447 53 Car toute creature ment,

314 367 568 66 Fors que luy seul qui est la sus.

353 464 621 57 ¶ Autre noel nouueau sur le chant

360 507 569 55 Iouuenette si uous maymez ⁊c.

310 554 91 94 A

396 556 467 57 Me doulcette, esueille toy,

405 602 451 54 Chante noel ioyeusement

309 647 659 63 D un coeur gaillard, sans nul esmoy;

308 694 476 57 Et contemple deuotement

310 742 346 56 Le doulx aigneau,

306 787 284 54 Et chante nau;

308 830 685 66 Non seulemẽt de bouche ⁊ uoix, bis

306 880 498 53 Chante le noel que tu uoys.

309 927 594 59 ¶Mon dieu, ne me uueille punir

306 971 504 65 De mes pechez en ta fureur,

313 1020 503 54 Ne contre moy rigueur tenir;

304 1067 616 61 Ains monstre moy grace ⁊ faueur,

306 1112 255 55 Malade suis,

305 1161 289 53 Rien ie ne puis,

306 1204 686 65 Sans uous mõ roy Emmanuel bis

304 1254 516 72 Au nom duquel, chante noel.

185 913 96 68 Ps.6.

177 972 129 54 Dñe ne

173 1013 131 63 t̃ furore.
