2267 3563
138 326 1398 113 mens des saou lx? Il est certain que telle ma¬

140 419 1384 101 niere de choses ne se mõstrent point par signe

146 496 1380 103 de lesprit/ mais se boutẽt hors par mouuemẽt.

150 581 1384 97 Pareille mẽt est lamour enflãmee ⁊ uehemen¬

144 665 1382 99 te/ ⁊ principalemẽt la diuine: quãt en soy elle

130 751 1391 95 ne se scait cõstraindre.4 Elle ne regarde point

130 825 1382 113 par q̃lle ordre/ ne par q̃lle loy/ ne par q̃lle ma¬

130 920 1379 101 niere/ ne par quel petit nõbre de parolles elle se

136 997 1376 107 boute hors: moyennãt q̃ de ce/ elle ne sente nul

127 1080 1382 95 detriment de soymesme. Aucunesfoys aussi ne

118 1155 1394 112 reqͥert point les parolles: ny q̃lque uoix aussi

120 1249 1396 102 aucunesfoys: et est contente a ce/ seulemẽt des

132 1330 1390 103 souspirs. Toy/ pourquoy demãde tu en par¬

122 1411 1392 107 lant/ les oraisons bien conioinctes/ ⁊ les motz

124 1494 1396 111 elegans? Quelles loix impose tu/ ou quelles

122 1579 1424 105 rigles/ a ta prolation? Elle ne receoit pos ta

122 1664 1424 101 moderation: (i nottendpos de toy telle com¬

130 1736 1394 107 position: mais de elle mesme se borte hors d¬

130 1827 1384 106 plus proffond lieu/ non pes seulement quãt

122 1910 1390 114 tu ne le ueulx point/ mais aussi quant tu ne

118 1995 477 89 le scais point.

114 2074 1392 139 Colossen.4.A. ¶ Soyez instans

110 2197 1406 130 en oraison: ueillãt en icelle par actiõ

116 2308 1402 142 de graces/ en priant ensemble aussi

118 2432 497 119 pour nous.

126 2535 1388 139 1.Timo.2.B. ¶ Ie uueil donc

116 2662 1404 130 que les hõmes prient en tous lieux.

112 2777 1408 128 En leuãt les mains pures/ sans ire

116 2882 505 148 ⁊ dissention.

372 190 1039 136 De oraison. Cha.xbi.

1570 223 168 113 259

1562 736 211 116 Nulle

1542 834 225 104 loy ne

1533 917 240 107 doit es¬

1536 1003 246 101 tre don¬

1530 1086 228 95 nee en

1533 1181 246 107 oraison.

1536 1719 258 154 Rom̃.8 c

686 2981 829 163 Gg .iii. ¶ Chrysosto.
