2267 3563
451 576 262 154 Exo.8./

863 336 1144 125 ¶ Chrysost ome en la .xxxii. homelie

1025 435 749 99 de la croix ⁊ du larron.

732 504 1392 121 ¶ Pourtãt aussi cõmanda dieu aux Iuifz de

727 581 1394 134 laisser toute la terre/ ⁊ de celebrer le sacrifi ce ⁊

706 674 1414 109 loblation en ung lieu seul: pour ce q̃ lors tou¬¬

702 758 1416 105 te la terre estoit souillee de la fumee ⁊ odeur/ et

724 837 1388 113 estoit pollue dautre cõtamination qͥ estoit ma¬

742 920 1373 125 gnifiee sur icelle par les sacrifices des gentilz.

754 1000 1370 113 7 Mais a nous/ de ce que la uenue de Christ

739 1086 1376 119 a nettoye toute la terre: tout lieu est conuena¬

721 1163 1385 122 ble pour ora/ son. Donrtãt Paul en toute cõfi

710 1258 1399 122 dence exhorte/ disant. Ie uezeil dõc que les bõ¬

724 1345 1397 106 mes priẽt en tout lieu. Uoicy tout le mõde est

738 1425 1392 109 nettoye/ les elemẽtz sont ꝯurgez/ tellemẽt quil

740 1506 1382 107 nous est licite de annõcer dieu partout: ⁊ tou¬¬

740 1587 1368 113 te la terre est plus saincte que nestoit le lieu qͥ

740 1670 1378 111 en ce temps la estoit appelle ⁊ publie le sancta

748 1755 1376 111 sanctorum. Car illec estoit offert la beste irrai¬

748 1836 1382 119 sonnable/ ⁊ icy est offerte la chose spirituelle:

742 1925 1388 113 ⁊ dautãt est le sacrifice plus grand/ que aussi

730 2007 1139 114 la sainciete est preferee du sacrememt.

728 2090 1386 136 1.Corin.14. C. ¶ Ie prieray de

736 2207 1374 140 lesprit/ ⁊ prieray de la pensee: ie chan

744 2321 1384 137 teray de lesprit/ et chanteray de la

742 2440 1386 135 pensee. En oultre/ si tu beneis de le¬

756 2551 1364 143 sprit: celuy qui tiendra le lieu du sim

746 2672 1372 136 ple peuple/ comment dira il amen

750 2785 1360 142 sur ta benediction? Car il ne scait

738 2913 451 135 que tu dis.

421 872 286 92 Hiere.23.

427 941 143 107 b.c.

433 1018 303 116 On doit

427 1107 262 113 prier et

421 1190 259 122 prescher

418 1270 262 119 en tout

436 1362 176 131 bieu.

1128 205 509 139 De oraison.

1740 3008 370 123 ¶ Augustin
