2267 3563
277 300 1025 123 ¶ Augustin au liure du Maistre/

431 401 689 101 au premier Chapitre.

187 466 1358 115 ¶ Iest̃me q̃ tu ne scais point autre cause poͬ¬

181 558 1369 104 quoy il nous est cõmande q̃ nous priõs en noz

178 641 1372 113 chãbres fermees/ par leq̃l nom sont signifiez

166 727 1384 101 les lieux secretz de la pensee: sinon pour ce que

163 810 1379 101 dieu ne demãde point destre esmeu ne enseigne

169 887 1373 113 de nous dõner ce q̃ nous demãdons par nostre

172 973 1373 101 parolle. Car celuy qͥ parle/ il dõne le signe par

166 1064 1384 105 dehors de sa uolunte/ par ung son organise:

164 1144 1392 105 mais dieu doibt estre cherche ⁊ prie es lieux se

160 1229 1398 103 cretz de lame raisonnable/ qͥ est appelle lhõme

158 1310 1398 101 interiore. Car il a uoulu q̃ telz lieux soiẽt ses

157 1386 1390 113 tẽples.? Parquoy nest q̃lq̃ ne cessite de parol¬

160 1484 1387 104 les quãt nous priõs: cest adire/ de parolles sõ¬

157 1570 1417 86 nantes: si ce nest par auẽture cõme font les pre

163 1644 1420 113 stres/ pour cause de bauller a entendre sa pẽsee/

172 1728 1402 103 non pas auin que dieu loye/ mais affin que

166 1817 1381 98 les ho// mes loyent ⁊ que par ceste commemo

169 1891 1381 101 ration/ ilz soient aucunement esleuez par tel

174 1977 641 103 sentement de pensee.

255 2062 1247 109 ¶ Augustin aux inquisitions de Ianua¬

326 2147 1032 105 rius/ au .ii. liure/ au .xuiii. Chap̃.

176 2232 1398 105 ¶ Ie mesmerueille urayemẽt/ pourquoy tu as

174 2317 1407 99 ainsi uoulu/ que ie te rescriuisse aucunes cho¬

178 2401 1388 97 ses/ de ce que diuersemẽt est obserue en diuers

172 2476 1381 101 lieux: cõme il ne soit pas necessaire.? Et cõme

169 2556 1399 107 il soit q̃ en telles choses doibt estre retenue une

166 2639 1414 107 rigle tres salutaire: a scauoir que ce quil nest

172 2731 1405 104 pas contre la soy /ne contre bõnes meurs/ et a

175 2823 1387 92 quelque chose pour exhortation de meilleure

175 2897 1375 116 uie: partout la ou nous le uoyõs instituer/ ou

409 168 1079 142 De oraison. Chap̃.xui.

1565 457 303 130 Dieu ne

1571 564 271 101 demãde

1574 641 268 107 pas de es

1571 724 274 98 tre ensei

1565 825 271 95 gne par

1562 902 271 89 nostrepa

1568 979 167 116 rolle.

1631 192 182 106 260

1562 1353 289 140 1.corĩ.3.e

1562 1475 300 104 Toꝰ doi

1595 1555 273 101 uent en¬

1607 1638 258 98 tẽdre au

1586 1716 273 118 tõple lo¬

1568 1799 280 116 raisõ du¬

1574 1885 208 125 prestre.

1577 2467 271 107 Une ri¬

1589 2562 259 116 gle gene

1592 2642 250 101 ralle poͬ

1589 2722 247 101 les ꝯstitu

1580 2808 262 113 tions hu

1571 2900 265 122 maines.

1003 2986 553 115 Gg .iiii. q̃ nous
