2267 3563
736 302 1384 113 q̃ nous cõgnoissons estre institue: q̃ non seule¬

736 395 1398 99 mẽt ne le reprouuõs point/ mais aussi q̃ en le

736 475 1396 101 louant ⁊ le imitãt nous lensuyuõs: ouy si lin

724 558 1408 109 firmite daucuns nẽpesche tellement/ que plus

712 637 1414 115 grãd detrimẽt en sourde. Car si telle chose em¬

708 730 1412 97 pesche en ceste maniere/ que on doibue esperer

714 811 1404 103 plus grãdz gaignaiges des uertus/ q̃ craindre

718 898 1404 87 les detrimẽs des calumniateurs: sans doubie

739 964 1388 110 il le fault faire? singulieremẽt ce qͥ peult aus¬

742 1054 1379 103 si estre soustenu par les escriptures: comme de

727 1149 1382 95 chãter Hymnes ⁊ ꝓseaulmes: car aussien auõs

707 1235 1396 98 nous les en seignemẽs di seigneur ⁊ des apo¬

716 1300 1399 119 stres ⁊ des exẽples tãt utiles de telle chose. Il

736 1395 1385 101 ya diuer se coufume pour fidelement admõne

751 1472 1370 107 ster le couraige/ ⁊ pour embraser laffection de

736 1558 1367 98 la diuine lecture: ⁊ le plus souuent en Aphricq̃

730 1638 1372 103 les mẽbres de leglise sont les plus paresseux:

732 1726 1386 95 tellemẽt q̃ les Donatistes nous reprẽnent/ que

732 1807 1390 101 sobrement nous chantõs en leglise les diuins

724 1890 1398 105 cãtiques des prophetes: la ou il enflamment

718 1977 1398 97 leurs yurongneries por le chant des pseaul¬

702 2058 1406 101 mes cõpose de lẽtẽdemẽt humain/ cõe par trõ-

702 2139 1404 105 pettes dexhortation. Maĩs cest poͬce quil nest

718 2224 1386 97 pas tẽps de chanter les sainctes choses quant

726 2306 1386 101 les freres sont assẽblez en leglise/ sinon quant

728 2389 1386 105 on lit/ ou quon dispute/ ou q̃ le prelat faict sa

724 2472 1384 105 deprecation a clere uoix/ ou q̃ loraison cõmu¬

722 2557 1176 99 ne est cõmandee par la uoix du diacre.

946 2636 901 109 ¶ Augustin au .ix. liure de ses

1229 2719 394 107 confessions.

726 2800 1364 105 ¶ Leglise de Milan nauoit pas cõmence de

712 2895 1372 115 long temps a celebrer ceste maniere de conso¬

424 917 300 160 Que les

418 1065 283 92 constitu

421 1152 286 89 tions hu

410 1229 255 89 maines

430 1306 268 104 soiẽt fon

433 1389 250 104 uees es

439 1478 268 110 escriptu

448 1558 140 116 res.

1146 170 493 130 De oraison.

1819 2979 257 108 lation/
