2267 3563
390 142 1118 146 De oraison. Chap̃.xui.

172 281 1433 120 lation/ par la grãde uertu des freres chantãs

176 372 1413 114 ensemble de uoix ⁊ de cueurs. Car urayement

182 453 1386 117 ny auoit que ung an/ ou guiere plus quãt Iu

190 538 1370 115 stine mere du roy Ualẽtin enfant/ persecutoit

180 615 1376 119 ton hõme Ambroise/ a cause de lheresie dicelle

174 702 1374 113 par laquelle auoit este seduicte des Arrians.

184 792 1369 110 * Le peuple fidele ueilloit en leglise appareil¬

178 875 1367 113 le de mourir auec leur euesque qͥ estoit ton ser¬

184 956 1361 106 uiteur. Illec uiuoit ma mere qui est ta seruan¬

175 1039 1378 101 te/ en oraisons/ laquelle tenoit les premiers

169 1113 1390 125 lieux de la sollicitude ⁊ des ueilles. Nous qui

169 1202 1381 104 estions encore froid/ estions incitez de la cha¬

174 1288 1386 103 leur de ton esprit auec la cite toute estonnee et

172 1356 1384 122 troublee. * Lors fut ordonne que les hymnes

172 1440 1402 139 ⁊ les pseaulmes fussent chantees selon la ma

172 1532 1423 106 niere des parties orientales: affin que le peu¬

178 1609 1432 124 ple par attediation de dueil ne se amatist: et

188 1702 1425 111 est retenu despuis ce temps la iusques a main

196 1783 1409 113 tenant: la ou maintenant plusieurs: et qua¬

194 1872 1391 113 si tous tes trouppeaux lensuyuent en tous

180 1959 429 103 autres lieux.

178 2026 1390 143 Esaie.1.D. ¶ Quãt uous multi¬

174 2147 1394 147 plierez loraisõ: ie ne lexauceray poĩt.

180 2276 1403 132 Esa.29.D. ¶ Pource que ce peu¬

192 2377 1411 138 ple icy sapproche de sa bouche: et me

184 2482 1414 157 glorifie de ses leures: mais sõ cueur

176 2612 1433 137 est loing de moy: ⁊ mont craint par

174 2727 1413 137 le commandement des hõmes/ ⁊ par

176 2856 681 156 leurs doctrines.

1645 166 148 97 261

1598 757 250 121 Pour¬

1568 864 277 103 quoy sa-

1568 944 277 92 inct Am

1568 1024 274 104 broise or

1577 1104 265 107 donna le

1571 1190 211 116 chant.

1583 1345 282 109 Le chãt

1592 1445 285 93 diuin de¬

1619 1523 267 107 boute la

1628 1594 249 145 tristesse.

1613 2526 246 101 mat.15.a

1239 2959 319 117 Amos.5.F.
