2267 3563
750 287 1366 144 Amos.5. F. ¶ Oste arriere de moy

752 401 1376 149 le tumulte de tes chansons: aussi ne

740 522 1386 149 escouteray ie point les chansons de

726 635 374 123 ta uiele.

722 742 1390 162 Amos.6/ B. ¶ Il se sont estimez

736 870 1388 141 auoir les uaisseaux du cantique cõ¬

756 979 1370 149 me Dauid: en beuuõt le uin es phio¬

732 1098 1380 145 les/ ⁊ en estãt oingz de tresbõoigne¬

718 1217 1384 140 ment: ⁊ st nauoient qtelque souffiq̃¬

730 1326 1113 144 ce de la contrition de Ioseph.

746 1443 1378 148 Mat.15. C. ¶ Ce peuple icy me

746 1557 1368 141 honnore des leures: mais leur cueur

742 1670 1376 149 est loing de moy. Et me honnorent

748 1787 1378 135 sans cause/ en enseignant les doctri

740 1914 1285 126 nes ⁊ mandemens des hommes.

803 2036 1307 117 ¶ Chrysostome/ au liure de diuerses home

793 2121 1202 119 lies/ en la .xui. homelie/ de la Cananee.

733 2209 1370 118 ¶ Aucuns entrãs en leglise estẽdẽt deur oraisõ

751 2298 1364 112 en mil uers: cõme sil estoit necessaire enuers

751 2381 1370 119 le seigñr de multiplicite de parolles/ cõe a ce¬

751 2464 1367 122 luy qͥ ignore ce q̃ tu demãde: la ou il le cõgnoit

745 2547 1367 116 deuãt q̃ tu le pẽse. Car aussi urayemẽt ne scai

745 2633 1358 119 uent ilz quilz dient. Les leures seulemẽt sere¬

742 2728 1361 113 muent/ mais lentendemẽt est sans fruict: ⁊ ses

736 2805 1361 119 aureilles sont sourdes. Tu ne oys point ton

714 2889 1386 131 oraison: ⁊ si ueulx q̃ le seigñr oye ta yequeste.

451 976 291 164 Esaie.5.

453 1116 156 111 c.e.

1142 146 499 144 De oraison.

439 2188 268 116 multitu

442 2292 294 107 de de pse

439 2372 271 113 aulmes

436 2473 288 92 est repro

439 2544 229 104 uee en

433 2636 300 104 oraison.

418 2707 306 113 mat.6.b

415 2805 309 110 1.cor.14.c

1813 2988 295 125 Iay plie
