<?xml version="1.0" encoding="UTF-8"?>
<alto xmlns:xsi="http://www.w3.org/2001/XMLSchema-instance"
      xmlns="http://www.loc.gov/standards/alto/ns-v4#"
      xsi:schemaLocation="http://www.loc.gov/standards/alto/ns-v4# http://www.loc.gov/standards/alto/v4/alto-4-2.xsd">
  <Description>
    <MeasurementUnit>pixel</MeasurementUnit>
    <sourceImageInformation>
      <fileName>106_448cb_default.jpg</fileName>
      <fileIdentifier>https://www.e-rara.ch/i3f/v20/4106264/full/full/0/default.jpg</fileIdentifier>
    </sourceImageInformation>
  </Description>
  <Tags>
    <OtherTag ID="BT8" LABEL="DamageZone" DESCRIPTION="block type DamageZone"/><OtherTag ID="BT10" LABEL="DropCapitalZone" DESCRIPTION="block type DropCapitalZone"/><OtherTag ID="BT11" LABEL="GraphicZone" DESCRIPTION="block type GraphicZone"/><OtherTag ID="BT12" LABEL="MainZone" DESCRIPTION="block type MainZone"/><OtherTag ID="BT13" LABEL="MarginTextZone" DESCRIPTION="block type MarginTextZone"/><OtherTag ID="BT15" LABEL="NumberingZone" DESCRIPTION="block type NumberingZone"/><OtherTag ID="BT17" LABEL="QuireMarksZone" DESCRIPTION="block type QuireMarksZone"/><OtherTag ID="BT18" LABEL="RunningTitleZone" DESCRIPTION="block type RunningTitleZone"/><OtherTag ID="BT20" LABEL="StampZone" DESCRIPTION="block type StampZone"/><OtherTag ID="BT21" LABEL="TableZone" DESCRIPTION="block type TableZone"/><OtherTag ID="BT22" LABEL="TitlePageZone" DESCRIPTION="block type TitlePageZone"/>
    <OtherTag ID="LT8" LABEL="DefaultLine" DESCRIPTION="line type DefaultLine"/><OtherTag ID="LT9" LABEL="DropCapitalLine" DESCRIPTION="line type DropCapitalLine"/><OtherTag ID="LT10" LABEL="HeadingLine" DESCRIPTION="line type HeadingLine"/><OtherTag ID="LT11" LABEL="InterlinearLine" DESCRIPTION="line type InterlinearLine"/><OtherTag ID="LT311" LABEL="default" DESCRIPTION="line type default"/>
  </Tags>
  <Layout>
    <Page WIDTH="2267"
          HEIGHT="3563"
          PHYSICAL_IMG_NR="106"
          ID="eSc_dummypage_">
      <PrintSpace HPOS="0"
                  VPOS="0"
                  WIDTH="2267"
                  HEIGHT="3563">
        <TextBlock HPOS="343"
                   VPOS="165"
                   WIDTH="1149"
                   HEIGHT="168"
                   ID="eSc_textblock_636a1fc1"
                   TAGREFS="BT18">
          <Shape><Polygon POINTS="343 179 343 333 1492 314 1492 165"/></Shape>
          <TextLine ID="eSc_line_59275f3c"
                    TAGREFS="LT10"
                    BASELINE="366 294 1460 267" 
                    HPOS="359"
                    VPOS="148"
                    WIDTH="1099"
                    HEIGHT="181">
            <Shape><Polygon POINTS="365 314 401 329 1022 296 1114 311 1173 293 1188 305 1188 308 1414 290 1452 302 1458 264 1452 154 1399 148 1259 192 1194 157 1120 154 977 204 900 207 825 207 787 172 784 166 680 166 635 201 612 181 600 181 522 210 460 178 359 181 365 293"/></Shape>
	    <String CONTENT="De oraison. Cha.xui."
                    HPOS="359"
                    VPOS="148"
                    WIDTH="1099"
                    HEIGHT="181"></String>
          </TextLine>
        </TextBlock>
        <TextBlock HPOS="143"
                   VPOS="303"
                   WIDTH="1511"
                   HEIGHT="2751"
                   ID="eSc_textblock_84c65864"
                   TAGREFS="BT12">
          <Shape><Polygon POINTS="143 332 188 3054 1179 3011 1185 3009 1264 2988 1611 2986 1654 2625 1631 2405 1613 2379 1613 2321 1592 2292 1588 2125 1597 1870 1633 1777 1581 1495 1567 1451 1560 1220 1582 1164 1574 688 1611 303"/></Shape>
          <TextLine ID="eSc_line_87531d0c"
                    TAGREFS="LT8"
                    BASELINE="176 413 811 387 1576 374" 
                    HPOS="172"
                    VPOS="298"
                    WIDTH="1404"
                    HEIGHT="143">
            <Shape><Polygon POINTS="192 338 172 340 176 413 176 441 368 437 370 437 372 437 394 423 465 431 467 431 469 431 492 421 558 429 560 429 677 417 706 427 708 427 710 427 712 427 714 427 718 427 756 413 855 421 879 423 881 423 883 423 890 421 922 409 1055 415 1110 417 1112 417 1114 417 1116 417 1116 415 1120 413 1132 403 1170 411 1182 413 1183 413 1207 411 1279 399 1576 399 1576 374 1570 310 1471 312 1463 310 1407 298 1405 298 1403 298 1346 312 1330 316 1316 314 1263 302 1261 302 1259 302 1235 314 1231 316 1227 314 1191 304 1189 304 1187 304 1120 306 1118 306 1094 318 1084 322 1075 318 1051 308 1049 308 1047 308 1045 308 1043 308 1031 318 1023 326 972 326 940 320 900 312 898 312 896 312 879 320 863 328 805 322 762 318 760 318 724 324 665 334 649 324 643 320 641 320 639 320 637 320 635 320 633 320 625 326 607 336 536 326 508 324 506 324 487 328 435 340 421 328 419 328 419 326 417 326 415 326 413 326 411 326 409 326 405 330 386 342 312 336 310 336 241 346 192 336 192 338"/></Shape>
	    <String CONTENT="Iay plie (diras tu) les genoulx. Tu as uraye"
                    HPOS="172"
                    VPOS="298"
                    WIDTH="1404"
                    HEIGHT="143"></String>
          </TextLine>
          <TextLine ID="eSc_line_abecbd55"
                    TAGREFS="LT8"
                    BASELINE="170 492 1562 455" 
                    HPOS="166"
                    VPOS="389"
                    WIDTH="1396"
                    HEIGHT="131">
            <Shape><Polygon POINTS="170 492 170 510 298 520 300 520 302 520 304 520 318 508 322 506 334 508 384 518 386 518 388 518 390 518 390 516 399 506 403 504 439 506 520 512 522 512 524 512 526 512 538 504 542 502 556 504 593 512 595 512 687 502 760 494 795 500 827 506 829 506 863 498 904 490 936 498 954 502 956 502 958 502 982 496 1019 488 1061 496 1079 498 1081 498 1122 494 1267 481 1328 490 1338 492 1340 492 1350 490 1415 477 1560 486 1562 455 1556 389 1013 413 993 407 974 401 972 401 970 401 928 409 892 417 837 413 766 407 764 407 762 407 760 407 748 415 740 421 734 417 722 409 720 409 718 409 716 409 714 409 681 419 661 423 645 419 619 413 617 413 615 413 613 413 611 413 601 421 593 425 556 423 459 415 457 415 455 415 421 427 413 431 166 435 170 492"/></Shape>
	    <String CONTENT="ment plie les genoulx dedẽs: mais ta pẽsee est"
                    HPOS="166"
                    VPOS="389"
                    WIDTH="1396"
                    HEIGHT="131"></String>
          </TextLine>
          <TextLine ID="eSc_line_ed40ec6f"
                    TAGREFS="LT8"
                    BASELINE="184 576 1271 540 1546 540" 
                    HPOS="180"
                    VPOS="473"
                    WIDTH="1366"
                    HEIGHT="134">
            <Shape><Polygon POINTS="184 576 184 593 219 607 221 607 223 607 225 607 249 595 310 605 312 605 314 605 316 605 340 589 399 601 401 601 403 601 405 601 425 585 447 585 516 583 518 583 564 597 566 597 568 597 615 595 617 595 619 595 619 593 635 579 635 577 696 577 698 577 738 591 740 591 742 591 890 585 892 585 894 585 914 572 1015 583 1017 583 1079 579 1081 579 1083 579 1083 577 1096 566 1142 579 1144 579 1146 579 1304 560 1336 574 1338 574 1340 574 1342 574 1385 564 1465 570 1467 570 1469 570 1471 570 1488 554 1504 562 1506 562 1508 562 1510 562 1546 550 1546 540 1542 482 1484 475 1482 475 1480 475 1455 486 1453 486 1449 486 1419 473 1417 473 1415 473 1413 473 1411 473 1411 475 1395 486 1393 488 1379 486 1273 477 1271 477 1269 477 1235 490 1229 492 1217 490 1150 481 1148 481 1146 481 1144 481 1144 482 1132 492 1132 494 1071 498 1037 494 989 490 987 490 902 498 819 508 728 508 714 502 700 496 698 496 696 496 694 496 692 496 692 498 687 504 679 510 633 504 580 498 578 498 485 508 374 520 362 510 360 510 358 510 356 510 354 510 350 512 328 520 283 512 251 508 249 508 180 514 184 576"/></Shape>
	    <String CONTENT="uague par dehors. Ton corps est dedẽs: mais"
                    HPOS="180"
                    VPOS="473"
                    WIDTH="1366"
                    HEIGHT="134"></String>
          </TextLine>
          <TextLine ID="eSc_line_b89b061b"
                    TAGREFS="LT8"
                    BASELINE="182 661 1538 619" 
                    HPOS="178"
                    VPOS="554"
                    WIDTH="1360"
                    HEIGHT="132">
            <Shape><Polygon POINTS="182 661 182 686 247 674 306 684 308 684 310 684 312 684 314 684 330 673 370 682 372 682 374 682 376 682 441 669 498 678 500 678 502 678 504 678 506 678 520 667 621 674 625 674 627 674 631 674 712 661 855 665 857 665 918 655 950 665 952 665 954 665 956 665 1136 659 1138 659 1140 659 1152 647 1185 657 1187 657 1189 657 1195 657 1281 643 1534 645 1538 619 1532 564 1449 566 1445 566 1403 554 1401 554 1399 554 1312 568 1296 556 1294 556 1292 556 1290 556 1229 558 1227 558 1225 558 1205 574 1203 576 1088 576 1037 564 1035 564 1033 564 1031 564 1029 564 1011 577 954 572 952 572 950 572 930 581 928 581 902 570 900 570 898 570 774 572 698 587 692 589 687 589 629 576 627 576 625 576 568 593 562 593 558 593 500 579 498 579 496 579 439 597 433 599 368 599 364 599 322 585 320 585 318 585 316 585 314 585 314 587 300 601 298 601 291 601 223 593 221 593 219 593 178 603 182 661"/></Shape>
	    <String CONTENT="ton sens est dehors. La bouche parloit: mais"
                    HPOS="178"
                    VPOS="554"
                    WIDTH="1360"
                    HEIGHT="132"
                    WC="0.9930440769954161"></String>
          </TextLine>
          <TextLine ID="eSc_line_ab9e8ff9"
                    TAGREFS="LT8"
                    BASELINE="176 742 1544 702" 
                    HPOS="174"
                    VPOS="635"
                    WIDTH="1370"
                    HEIGHT="138">
            <Shape><Polygon POINTS="176 742 176 764 241 773 243 773 245 773 285 762 289 762 320 762 566 764 568 764 570 764 572 764 582 756 588 752 653 754 784 758 786 758 831 750 863 744 910 748 966 752 968 752 970 752 985 746 1001 740 1029 744 1059 750 1061 750 1063 750 1065 750 1065 748 1071 744 1077 738 1094 744 1110 748 1112 748 1114 748 1116 748 1138 742 1166 736 1209 740 1241 744 1243 744 1245 744 1255 740 1273 732 1540 732 1544 702 1538 645 1423 647 1421 647 1362 635 1360 635 1271 651 1263 653 1257 653 1197 639 1195 639 1193 639 1132 655 1126 657 1120 657 1065 647 1063 647 910 663 898 663 896 663 861 649 859 649 857 649 720 669 710 669 702 669 633 657 631 657 629 657 568 673 566 673 554 661 552 661 550 661 481 661 479 661 388 676 320 665 318 665 316 665 267 680 267 682 235 682 233 682 217 669 215 669 213 669 211 669 209 669 174 680 176 742"/></Shape>
	    <String CONTENT="la pẽsee pẽsoit aux usures/ elle nõbroit les re¬"
                    HPOS="174"
                    VPOS="635"
                    WIDTH="1370"
                    HEIGHT="138"
                    WC="0.999717047401503"></String>
          </TextLine>
          <TextLine ID="eSc_line_2b54fef5"
                    TAGREFS="LT8"
                    BASELINE="168 823 1546 785" 
                    HPOS="166"
                    VPOS="720"
                    WIDTH="1380"
                    HEIGHT="131">
            <Shape><Polygon POINTS="168 823 168 845 384 851 386 851 467 839 489 835 496 837 524 847 526 847 528 847 578 837 714 841 716 841 718 841 738 831 748 825 839 825 851 829 877 837 879 837 881 837 883 837 885 837 885 835 894 827 896 825 924 827 1035 833 1037 833 1039 833 1075 823 1088 819 1108 821 1162 829 1164 829 1166 829 1168 829 1180 819 1187 813 1381 811 1397 813 1429 821 1431 821 1546 809 1546 785 1542 732 1415 720 1413 720 1411 720 1409 720 1389 736 1387 736 1383 736 1340 722 1338 722 1336 722 1334 722 1332 722 1332 724 1318 738 1316 738 1314 738 1273 724 1271 724 1269 724 1203 726 1201 726 1199 726 1182 740 1124 728 1122 728 1120 728 1118 728 1096 744 1092 746 958 748 950 748 888 734 887 734 885 734 853 750 851 750 843 750 673 740 671 740 605 742 603 742 572 758 570 758 560 758 465 752 463 752 413 762 411 762 392 750 390 750 388 750 386 750 384 750 354 764 352 766 166 768 168 823"/></Shape>
	    <String CONTENT="uenues des possessiõs/ elle regardoit la descri¬"
                    HPOS="166"
                    VPOS="720"
                    WIDTH="1380"
                    HEIGHT="131"
                    WC="0.9830069104019477"></String>
          </TextLine>
          <TextLine ID="eSc_line_df60c379"
                    TAGREFS="LT8"
                    BASELINE="178 908 1544 868" 
                    HPOS="174"
                    VPOS="811"
                    WIDTH="1370"
                    HEIGHT="129">
            <Shape><Polygon POINTS="178 908 178 940 245 940 245 938 247 938 253 936 293 922 354 932 370 934 372 934 390 930 453 916 506 926 512 926 514 926 516 926 518 926 518 924 530 914 603 922 643 926 645 926 647 926 649 926 655 920 671 910 786 914 825 916 827 916 829 916 837 912 861 904 881 912 900 918 902 918 904 918 985 906 999 906 1013 906 1130 912 1132 912 1193 898 1217 894 1237 898 1292 906 1294 906 1413 890 1419 890 1421 890 1463 902 1465 902 1467 902 1469 902 1471 902 1488 888 1490 886 1542 886 1544 868 1538 811 174 843 178 908"/></Shape>
	    <String CONTENT="ption des maisons/ elle repensoit les parolles"
                    HPOS="174"
                    VPOS="811"
                    WIDTH="1370"
                    HEIGHT="129"
                    WC="0.9970372202603713"></String>
          </TextLine>
          <TextLine ID="eSc_line_f1abf24c"
                    TAGREFS="LT8"
                    BASELINE="180 987 1546 952" 
                    HPOS="176"
                    VPOS="888"
                    WIDTH="1370"
                    HEIGHT="129">
            <Shape><Polygon POINTS="180 987 180 1005 219 1017 221 1017 223 1017 225 1017 275 1005 283 1003 342 1003 370 1003 394 1015 395 1015 397 1015 506 1001 540 997 560 1001 607 1009 609 1009 611 1009 643 999 663 993 681 999 704 1007 706 1007 708 1007 821 997 942 985 958 995 964 999 966 999 968 999 970 999 1241 993 1257 991 1320 975 1360 987 1362 987 1364 987 1366 987 1395 973 1542 985 1546 952 1540 896 1465 902 1455 896 1439 888 1437 888 1435 888 1433 888 1407 898 1387 904 1324 900 1277 896 1275 896 1251 900 1217 908 1197 902 1174 894 1172 894 1170 894 1168 894 1142 902 1118 910 1037 904 1015 904 1013 904 1011 904 1009 904 1009 906 1001 914 987 906 976 900 974 900 972 900 920 906 881 912 873 908 861 902 859 902 857 902 793 910 752 914 734 910 716 906 714 906 712 906 710 906 708 906 708 908 704 912 690 924 629 924 576 914 556 910 554 910 532 914 475 928 388 918 374 916 372 916 370 916 368 916 366 918 346 930 279 924 277 924 275 924 249 934 176 922 180 987"/></Shape>
	    <String CONTENT="des amys/ elle regardoit les negligences des"
                    HPOS="176"
                    VPOS="888"
                    WIDTH="1370"
                    HEIGHT="129"
                    WC="0.984157689593055"></String>
          </TextLine>
          <TextLine ID="eSc_line_da68a029"
                    TAGREFS="LT8"
                    BASELINE="188 1072 1546 1035" 
                    HPOS="184"
                    VPOS="975"
                    WIDTH="1362"
                    HEIGHT="117">
            <Shape><Polygon POINTS="188 1072 188 1092 409 1084 451 1086 514 1092 516 1092 518 1092 538 1084 550 1080 564 1084 591 1090 593 1090 595 1090 597 1090 613 1082 621 1078 637 1082 671 1088 673 1088 734 1078 762 1074 801 1076 898 1082 900 1082 1067 1068 1118 1064 1148 1066 1255 1072 1257 1072 1334 1060 1346 1059 1354 1059 1399 1068 1401 1068 1403 1068 1405 1068 1405 1066 1415 1057 1417 1057 1421 1057 1471 1066 1473 1066 1544 1053 1546 1035 1540 975 184 1009 188 1072"/></Shape>
	    <String CONTENT="seruiteurs/ elle se mocquoit des ciuilitez des"
                    HPOS="184"
                    VPOS="975"
                    WIDTH="1362"
                    HEIGHT="117"
                    WC="0.9989856351976809"></String>
          </TextLine>
          <TextLine ID="eSc_line_e0e34d47"
                    TAGREFS="LT8"
                    BASELINE="180 1155 1550 1118" 
                    HPOS="178"
                    VPOS="1053"
                    WIDTH="1372"
                    HEIGHT="132">
            <Shape><Polygon POINTS="180 1155 180 1185 344 1181 346 1181 395 1167 453 1177 465 1179 467 1179 481 1177 540 1163 591 1173 609 1175 611 1175 683 1173 685 1173 687 1173 692 1169 702 1161 728 1167 744 1171 746 1171 748 1171 750 1171 752 1171 752 1169 756 1167 766 1157 791 1165 809 1169 811 1169 813 1169 843 1163 877 1155 887 1161 894 1167 896 1167 898 1167 900 1167 936 1159 974 1152 1003 1157 1037 1163 1039 1163 1130 1152 1189 1144 1364 1142 1372 1144 1401 1154 1403 1154 1405 1154 1548 1136 1550 1118 1544 1062 1461 1064 1455 1064 1409 1053 1407 1053 1405 1053 1403 1053 1370 1066 1368 1066 1358 1066 1229 1059 1227 1059 1225 1059 1223 1059 1205 1070 1203 1070 1201 1070 1088 1064 1086 1064 1084 1064 1043 1076 1039 1076 1033 1076 993 1064 991 1064 989 1064 987 1064 964 1078 962 1078 958 1078 916 1066 914 1066 912 1066 910 1066 877 1080 875 1080 865 1080 750 1070 748 1070 661 1086 655 1086 643 1086 498 1078 496 1078 494 1078 451 1092 447 1092 443 1092 390 1080 388 1080 386 1080 384 1080 384 1082 382 1082 376 1090 217 1086 215 1086 213 1086 178 1096 180 1155"/></Shape>
	    <String CONTENT="happelopins/ ⁊ cõsideroit la beaulte des fem¬"
                    HPOS="178"
                    VPOS="1053"
                    WIDTH="1372"
                    HEIGHT="132"
                    WC="0.997950070578119"></String>
          </TextLine>
          <TextLine ID="eSc_line_d9810205"
                    TAGREFS="LT8"
                    BASELINE="172 1241 1556 1203" 
                    HPOS="170"
                    VPOS="1134"
                    WIDTH="1386"
                    HEIGHT="128">
            <Shape><Polygon POINTS="172 1241 172 1254 354 1252 358 1252 380 1262 382 1262 384 1262 386 1262 423 1252 431 1251 439 1252 494 1262 496 1262 498 1262 530 1251 540 1245 675 1245 685 1247 722 1256 724 1256 726 1256 873 1243 936 1237 968 1241 1027 1249 1029 1249 1031 1249 1033 1249 1033 1247 1043 1239 1049 1231 1132 1231 1154 1237 1185 1245 1187 1245 1189 1245 1239 1243 1241 1243 1243 1243 1257 1235 1269 1227 1281 1233 1294 1241 1296 1241 1298 1241 1409 1239 1411 1239 1413 1239 1425 1231 1437 1223 1457 1231 1477 1237 1478 1237 1480 1237 1554 1227 1556 1203 1554 1150 1526 1134 1524 1134 1522 1134 1520 1134 1478 1150 1403 1138 1401 1138 1399 1138 1372 1150 1338 1138 1336 1138 1334 1138 1332 1138 1261 1155 1189 1142 1187 1142 1041 1161 904 1152 902 1152 900 1152 898 1152 883 1165 829 1152 827 1152 825 1152 679 1171 348 1165 346 1165 344 1165 298 1181 211 1169 209 1169 207 1169 170 1183 172 1241"/></Shape>
	    <String CONTENT="mes. Toy donc qui scais que telles choses se"
                    HPOS="170"
                    VPOS="1134"
                    WIDTH="1386"
                    HEIGHT="128"
                    WC="0.9895233078436418"></String>
          </TextLine>
          <TextLine ID="eSc_line_f92bb581"
                    TAGREFS="LT8"
                    BASELINE="182 1326 651 1306 1552 1285" 
                    HPOS="178"
                    VPOS="1214"
                    WIDTH="1372"
                    HEIGHT="145">
            <Shape><Polygon POINTS="181 1324 181 1359 294 1345 906 1345 906 1342 956 1327 1143 1336 1277 1318 1470 1327 1550 1309 1550 1282 1542 1214 1143 1235 1081 1223 1045 1220 1025 1238 974 1226 944 1223 921 1241 820 1229 796 1229 713 1247 647 1232 603 1250 505 1235 478 1252 350 1241 320 1241 279 1258 178 1247 181 1324"/></Shape>
	    <String CONTENT="font en oraisõs * ensuys la Cananee: toy qui"
                    HPOS="178"
                    VPOS="1214"
                    WIDTH="1372"
                    HEIGHT="145"></String>
          </TextLine>
          <TextLine ID="eSc_line_f6523d7f"
                    TAGREFS="LT8"
                    BASELINE="178 1405 1555 1365" 
                    HPOS="172"
                    VPOS="1303"
                    WIDTH="1381"
                    HEIGHT="142">
            <Shape><Polygon POINTS="175 1404 175 1431 246 1445 255 1445 276 1431 371 1443 472 1425 947 1425 965 1410 1010 1419 1048 1422 1051 1416 1066 1407 1152 1419 1164 1404 1550 1407 1553 1362 1547 1306 1105 1303 1004 1321 995 1321 962 1306 956 1306 757 1330 745 1330 683 1315 558 1336 463 1321 172 1345 175 1404"/></Shape>
	    <String CONTENT="es ung hõme/ ensuys la fẽme: laq̃lle en grosse"
                    HPOS="172"
                    VPOS="1303"
                    WIDTH="1381"
                    HEIGHT="142"
                    WC="0.9954473599791527"></String>
          </TextLine>
          <TextLine ID="eSc_line_9a2c200c"
                    TAGREFS="LT8"
                    BASELINE="180 1486 1559 1451" 
                    HPOS="175"
                    VPOS="1380"
                    WIDTH="1381"
                    HEIGHT="143">
            <Shape><Polygon POINTS="178 1484 178 1523 1556 1484 1556 1448 1550 1395 1452 1380 1449 1380 1446 1380 1443 1380 1426 1395 1423 1398 175 1413 178 1484"/></Shape>
	    <String CONTENT="diligence/ ⁊ auec tresgrande sapience prioit le"
                    HPOS="175"
                    VPOS="1380"
                    WIDTH="1381"
                    HEIGHT="143"
                    WC="0.9923257574122003"></String>
          </TextLine>
          <TextLine ID="eSc_line_50148ee2"
                    TAGREFS="LT8"
                    BASELINE="190 1573 1564 1533" 
                    HPOS="184"
                    VPOS="1472"
                    WIDTH="1378"
                    HEIGHT="134">
            <Shape><Polygon POINTS="187 1570 187 1606 463 1606 463 1603 516 1585 626 1597 719 1579 823 1594 834 1576 944 1573 1036 1588 1048 1573 1105 1585 1167 1567 1227 1582 1348 1561 1417 1576 1562 1555 1562 1532 1553 1472 184 1505 187 1570"/></Shape>
	    <String CONTENT="seigñr: ⁊ pourtãt desseruit impetratiõ. Mais"
                    HPOS="184"
                    VPOS="1472"
                    WIDTH="1378"
                    HEIGHT="134"
                    WC="0.999932792592556"></String>
          </TextLine>
          <TextLine ID="eSc_line_837b2b6c"
                    TAGREFS="LT8"
                    BASELINE="188 1656 1592 1615" 
                    HPOS="184"
                    VPOS="1540"
                    WIDTH="1405"
                    HEIGHT="146">
            <Shape><Polygon POINTS="187 1653 187 1686 1586 1641 1589 1612 1580 1540 184 1594 187 1653"/></Shape>
	    <String CONTENT="par aduenture diras tu: ie nay pas de fille qui"
                    HPOS="184"
                    VPOS="1540"
                    WIDTH="1405"
                    HEIGHT="146"></String>
          </TextLine>
          <TextLine ID="eSc_line_57dd11d6"
                    TAGREFS="LT8"
                    BASELINE="201 1737 1608 1698" 
                    HPOS="196"
                    VPOS="1633"
                    WIDTH="1411"
                    HEIGHT="136">
            <Shape><Polygon POINTS="199 1736 199 1769 1607 1733 1607 1695 1598 1633 196 1674 199 1736"/></Shape>
	    <String CONTENT="soit plaine du diable: mais tu as une ame qui"
                    HPOS="196"
                    VPOS="1633"
                    WIDTH="1411"
                    HEIGHT="136"></String>
          </TextLine>
          <TextLine ID="eSc_line_41dcfff8"
                    TAGREFS="LT8"
                    BASELINE="207 1819 1096 1797" 
                    HPOS="203"
                    VPOS="1732"
                    WIDTH="893"
                    HEIGHT="120">
            <Shape><Polygon POINTS="207 1819 207 1852 372 1830 483 1842 528 1846 530 1846 574 1838 637 1823 730 1823 742 1830 746 1832 748 1832 750 1832 752 1832 754 1832 762 1829 774 1823 784 1829 801 1836 803 1836 805 1836 807 1836 809 1836 809 1834 819 1827 825 1819 859 1819 873 1825 900 1834 902 1834 904 1836 972 1836 972 1834 974 1834 1005 1823 1047 1832 1049 1832 1051 1832 1053 1832 1096 1813 1096 1797 1092 1743 1035 1732 1033 1732 1031 1732 1007 1745 1005 1745 993 1745 896 1735 894 1735 892 1735 890 1735 875 1747 875 1749 746 1751 734 1741 734 1739 732 1739 730 1739 690 1739 689 1739 687 1739 657 1753 655 1753 653 1753 609 1741 607 1741 605 1741 461 1757 447 1759 445 1759 437 1751 437 1749 435 1749 433 1749 431 1749 429 1749 407 1759 399 1759 249 1751 247 1751 245 1751 203 1763 207 1819"/></Shape>
	    <String CONTENT="est toute plaine de pechez ⁊c."
                    HPOS="203"
                    VPOS="1732"
                    WIDTH="893"
                    HEIGHT="120"
                    WC="0.992145957549413"></String>
          </TextLine>
          <TextLine ID="eSc_line_0ae7276d"
                    TAGREFS="LT10"
                    BASELINE="528 1896 1306 1874" 
                    HPOS="524"
                    VPOS="1803"
                    WIDTH="782"
                    HEIGHT="109">
            <Shape><Polygon POINTS="528 1912 1304 1894 1306 1874 1302 1817 1235 1803 1233 1803 1134 1819 997 1811 995 1811 993 1811 958 1823 918 1813 916 1813 914 1813 912 1813 877 1827 564 1823 562 1823 560 1823 524 1834 528 1896"/></Shape>
	    <String CONTENT="¶ En la mesme Homelie."
                    HPOS="524"
                    VPOS="1803"
                    WIDTH="782"
                    HEIGHT="109"></String>
          </TextLine>
          <TextLine ID="eSc_line_028fe5c5"
                    TAGREFS="LT8"
                    BASELINE="203 1987 1579 1951" 
                    HPOS="201"
                    VPOS="1882"
                    WIDTH="1378"
                    HEIGHT="135">
            <Shape><Polygon POINTS="1568 1898 1562 1896 1413 1898 1381 1882 1379 1882 1378 1882 1376 1882 1340 1898 1302 1886 1300 1886 1298 1886 1296 1886 1294 1886 1269 1902 1213 1886 1211 1886 1209 1886 1207 1886 1205 1886 1182 1906 1180 1908 1118 1908 1092 1908 1061 1890 1059 1890 1057 1890 1055 1890 984 1910 966 1894 964 1894 962 1894 960 1894 958 1894 904 1908 888 1894 887 1894 885 1894 883 1894 809 1896 807 1896 736 1918 730 1920 627 1920 625 1920 597 1906 595 1906 593 1906 591 1906 590 1906 570 1922 548 1904 546 1904 544 1904 542 1904 467 1916 275 1910 273 1910 271 1910 201 1929 203 1987 203 2017 277 2017 279 2017 281 2017 302 2003 409 2013 423 2013 425 2013 427 2013 431 2011 455 1999 485 2007 487 2007 489 2007 584 1995 611 2005 617 2007 619 2007 621 2007 623 2007 625 2007 627 2005 641 1993 696 1993 720 2001 732 2005 734 2005 736 2005 815 2003 817 2003 831 1997 853 1989 890 1995 918 1999 920 1999 922 1999 924 1999 930 1993 936 1987 948 1993 962 1999 964 1999 966 1999 1029 1989 1053 1987 1069 1989 1112 1995 1114 1995 1116 1995 1118 1995 1128 1987 1136 1981 1207 1983 1348 1989 1350 1989 1579 1969 1579 1951 1574 1898 1568 1898"/></Shape>
	    <String CONTENT="¶ Regarde lame philosophique de la femme/"
                    HPOS="201"
                    VPOS="1882"
                    WIDTH="1378"
                    HEIGHT="135"></String>
          </TextLine>
          <TextLine ID="eSc_line_3807a762"
                    TAGREFS="LT8"
                    BASELINE="190 2068 1574 2038" 
                    HPOS="188"
                    VPOS="1967"
                    WIDTH="1386"
                    HEIGHT="133">
            <Shape><Polygon POINTS="190 2068 190 2096 279 2100 281 2100 283 2100 300 2094 322 2086 348 2092 360 2094 362 2094 364 2094 372 2092 395 2082 477 2088 556 2094 558 2094 560 2094 595 2084 623 2076 742 2074 835 2078 1015 2084 1017 2084 1019 2084 1021 2084 1037 2070 1041 2068 1071 2070 1201 2080 1203 2080 1205 2080 1241 2066 1449 2072 1451 2072 1453 2072 1494 2058 1538 2070 1540 2070 1542 2070 1544 2070 1574 2054 1574 2038 1568 1967 1413 1971 1411 1971 1409 1971 1401 1979 1391 1971 1389 1971 1387 1971 1385 1971 1300 1973 1294 1973 1189 1993 1063 1993 1015 1981 1013 1981 1011 1981 1009 1981 978 1995 922 1987 920 1987 821 1999 748 1989 746 1989 744 1989 710 2001 690 1989 689 1989 687 1989 685 1989 683 1989 681 1989 627 2003 560 1993 546 1991 465 1991 463 1991 461 1991 459 1991 455 1995 439 2007 372 1997 352 1995 350 1995 188 2001 190 2068"/></Shape>
	    <String CONTENT="disant: Aye pitie de moy. Ie nay pas (dit elle)"
                    HPOS="188"
                    VPOS="1967"
                    WIDTH="1386"
                    HEIGHT="133"
                    WC="0.9859833882210103"></String>
          </TextLine>
          <TextLine ID="eSc_line_5f951f58"
                    TAGREFS="LT8"
                    BASELINE="194 2153 1572 2119" 
                    HPOS="190"
                    VPOS="2062"
                    WIDTH="1382"
                    HEIGHT="115">
            <Shape><Polygon POINTS="194 2153 194 2169 352 2177 354 2177 425 2165 437 2163 445 2163 498 2173 500 2173 613 2159 625 2159 631 2159 677 2169 679 2169 839 2155 861 2153 902 2153 1231 2155 1233 2155 1235 2155 1257 2143 1259 2143 1265 2143 1312 2153 1314 2153 1572 2135 1572 2119 1566 2062 190 2092 194 2153"/></Shape>
	    <String CONTENT="la cõscience de bõnes oeuures: ne la cõfidence"
                    HPOS="190"
                    VPOS="2062"
                    WIDTH="1382"
                    HEIGHT="115"
                    WC="0.9995145396310456"></String>
          </TextLine>
          <TextLine ID="eSc_line_da80f6ec"
                    TAGREFS="LT8"
                    BASELINE="194 2234 1575 2200" 
                    HPOS="190"
                    VPOS="2131"
                    WIDTH="1384"
                    HEIGHT="140">
            <Shape><Polygon POINTS="193 2232 193 2271 311 2256 421 2268 442 2253 519 2265 543 2250 873 2256 891 2241 1533 2241 1533 2238 1574 2220 1574 2197 1568 2140 1286 2131 1206 2149 1188 2149 1120 2134 1045 2152 998 2137 989 2137 953 2155 778 2146 745 2161 736 2161 698 2146 597 2164 531 2149 493 2167 329 2155 190 2173 193 2232"/></Shape>
	    <String CONTENT="de droicte uie. * Ie prens mõ refuge a ta mise¬"
                    HPOS="190"
                    VPOS="2131"
                    WIDTH="1384"
                    HEIGHT="140"></String>
          </TextLine>
          <TextLine ID="eSc_line_e54295fa"
                    TAGREFS="LT8"
                    BASELINE="194 2323 1577 2283" 
                    HPOS="190"
                    VPOS="2212"
                    WIDTH="1384"
                    HEIGHT="136">
            <Shape><Polygon POINTS="193 2321 193 2348 1571 2307 1574 2280 1565 2212 190 2250 193 2321"/></Shape>
	    <String CONTENT="ricorde: au uray port des pecheurs. Ie prẽs mõ"
                    HPOS="190"
                    VPOS="2212"
                    WIDTH="1384"
                    HEIGHT="136"
                    WC="0.9935808790226778"></String>
          </TextLine>
          <TextLine ID="eSc_line_a2ba16b0"
                    TAGREFS="LT8"
                    BASELINE="207 2403 1596 2362" 
                    HPOS="202"
                    VPOS="2289"
                    WIDTH="1393"
                    HEIGHT="154">
            <Shape><Polygon POINTS="205 2402 210 2443 228 2428 285 2440 294 2440 297 2440 300 2440 303 2440 303 2437 317 2425 371 2437 386 2437 389 2437 392 2437 395 2437 395 2434 398 2434 407 2422 537 2428 591 2431 594 2431 632 2425 707 2413 760 2419 796 2425 799 2425 1595 2387 1595 2360 1586 2289 1497 2307 202 2327 205 2402"/></Shape>
	    <String CONTENT="refuge a ta misericorde/ la ou il ya salut inef¬"
                    HPOS="202"
                    VPOS="2289"
                    WIDTH="1393"
                    HEIGHT="154"
                    WC="0.9933116597433885"></String>
          </TextLine>
          <TextLine ID="eSc_line_18bd6a68"
                    TAGREFS="LT8"
                    BASELINE="229 2484 1618 2445" 
                    HPOS="225"
                    VPOS="2387"
                    WIDTH="1391"
                    HEIGHT="124">
            <Shape><Polygon POINTS="228 2482 228 2511 1616 2470 1616 2443 1607 2387 225 2410 228 2482"/></Shape>
	    <String CONTENT="fable. Dis moy femme/ cõmẽt tu as eu la har"
                    HPOS="225"
                    VPOS="2387"
                    WIDTH="1391"
                    HEIGHT="124"></String>
          </TextLine>
          <TextLine ID="eSc_line_0b5883cd"
                    TAGREFS="LT8"
                    BASELINE="219 2567 1634 2532" 
                    HPOS="213"
                    VPOS="2458"
                    WIDTH="1418"
                    HEIGHT="140">
            <Shape><Polygon POINTS="216 2565 216 2598 1631 2550 1631 2529 1622 2458 213 2494 216 2565"/></Shape>
	    <String CONTENT="diesse/ ueu que tu es pecheresse ⁊ mauuaise/ de"
                    HPOS="213"
                    VPOS="2458"
                    WIDTH="1418"
                    HEIGHT="140"></String>
          </TextLine>
          <TextLine ID="eSc_line_69b2b583"
                    TAGREFS="LT8"
                    BASELINE="211 2650 1625 2608" 
                    HPOS="209"
                    VPOS="2551"
                    WIDTH="1416"
                    HEIGHT="119">
            <Shape><Polygon POINTS="211 2650 211 2670 999 2658 1001 2658 1003 2658 1007 2654 1019 2646 1059 2652 1083 2656 1084 2656 1086 2656 1088 2656 1094 2652 1104 2644 1130 2650 1136 2652 1138 2652 1140 2652 1142 2652 1144 2652 1146 2650 1160 2640 1288 2638 1623 2638 1625 2608 1621 2553 1284 2551 1282 2551 1201 2563 1150 2555 1148 2555 1086 2567 1079 2569 1073 2569 1039 2559 1037 2559 1035 2559 1033 2559 1011 2571 1009 2571 1003 2571 962 2561 960 2561 958 2561 936 2573 934 2573 920 2573 815 2565 813 2565 635 2581 605 2583 590 2583 481 2575 479 2575 477 2575 443 2587 441 2587 411 2577 409 2577 407 2577 405 2577 368 2589 366 2591 209 2593 211 2650"/></Shape>
	    <String CONTENT="approcher a luy? Ie scay biẽ (dit elle) q̃ ie fais/"
                    HPOS="209"
                    VPOS="2551"
                    WIDTH="1416"
                    HEIGHT="119"
                    WC="0.989468698318188"></String>
          </TextLine>
          <TextLine ID="eSc_line_bdc08b79"
                    TAGREFS="LT8"
                    BASELINE="207 2739 760 2715 1631 2697" 
                    HPOS="203"
                    VPOS="2626"
                    WIDTH="1428"
                    HEIGHT="137">
            <Shape><Polygon POINTS="207 2739 207 2763 427 2759 429 2759 431 2759 431 2757 443 2747 483 2755 485 2755 487 2755 532 2743 552 2753 552 2755 554 2755 556 2755 558 2755 560 2755 562 2755 562 2753 578 2741 629 2751 645 2753 647 2753 687 2749 809 2735 883 2743 916 2745 918 2745 920 2745 922 2745 928 2741 944 2731 962 2739 966 2741 968 2741 970 2741 985 2739 1027 2729 1041 2737 1051 2741 1053 2741 1055 2741 1057 2741 1081 2735 1112 2727 1231 2729 1362 2733 1364 2733 1366 2733 1368 2733 1378 2725 1385 2719 1437 2723 1528 2729 1530 2729 1532 2729 1558 2719 1566 2715 1574 2717 1593 2725 1595 2725 1597 2725 1599 2725 1631 2715 1631 2697 1625 2626 1510 2642 1385 2632 1378 2632 1376 2632 1366 2632 1223 2650 1055 2642 1053 2642 1051 2642 1007 2656 976 2646 974 2646 972 2646 970 2646 932 2658 766 2650 762 2650 760 2650 758 2650 700 2664 582 2654 568 2654 566 2654 564 2654 562 2654 544 2668 455 2658 447 2658 445 2658 443 2658 441 2658 415 2672 395 2664 394 2664 392 2664 344 2674 203 2666 207 2739"/></Shape>
	    <String CONTENT="Regarde la prudẽce de la femme. Elle ne prie"
                    HPOS="203"
                    VPOS="2626"
                    WIDTH="1428"
                    HEIGHT="137"
                    WC="0.9973695397377014"></String>
          </TextLine>
          <TextLine ID="eSc_line_c7d3c758"
                    TAGREFS="LT8"
                    BASELINE="211 2822 1104 2791 1619 2785" 
                    HPOS="207"
                    VPOS="2711"
                    WIDTH="1412"
                    HEIGHT="141">
            <Shape><Polygon POINTS="211 2822 213 2852 265 2840 510 2844 542 2844 544 2844 576 2842 881 2820 989 2830 991 2830 993 2830 995 2830 1021 2816 1053 2824 1055 2824 1057 2824 1104 2814 1116 2824 1118 2824 1120 2824 1122 2824 1217 2810 1267 2822 1269 2822 1271 2822 1273 2822 1372 2810 1439 2816 1441 2816 1443 2816 1445 2816 1459 2804 1480 2814 1482 2814 1484 2814 1619 2812 1619 2785 1615 2725 1550 2711 1548 2711 1478 2725 1435 2715 1433 2715 1431 2715 1429 2715 1401 2729 1288 2719 1286 2719 1172 2735 1148 2723 1146 2723 1144 2723 1057 2739 902 2731 900 2731 740 2749 732 2749 728 2749 677 2737 675 2737 673 2737 637 2751 546 2741 544 2741 542 2741 512 2753 489 2743 487 2743 485 2743 207 2763 211 2822"/></Shape>
	    <String CONTENT="point Iaq̃s/ elle ne faict pas sa req̃ste a Iehã/ ⁊"
                    HPOS="207"
                    VPOS="2711"
                    WIDTH="1412"
                    HEIGHT="141"
                    WC="0.992638804591619"></String>
          </TextLine>
          <TextLine ID="eSc_line_8947e4ce"
                    TAGREFS="LT8"
                    BASELINE="213 2905 1601 2864" 
                    HPOS="209"
                    VPOS="2802"
                    WIDTH="1392"
                    HEIGHT="129">
            <Shape><Polygon POINTS="213 2905 213 2931 358 2921 395 2927 409 2929 411 2929 413 2929 425 2927 463 2917 506 2923 522 2925 524 2925 526 2925 528 2925 530 2923 546 2911 586 2921 599 2923 601 2923 659 2917 809 2903 883 2909 922 2913 924 2913 926 2913 928 2913 928 2911 932 2909 944 2899 1035 2905 1088 2907 1090 2907 1092 2907 1104 2901 1118 2895 1211 2899 1302 2901 1304 2901 1306 2901 1322 2895 1338 2888 1379 2891 1423 2897 1425 2897 1427 2897 1429 2897 1437 2889 1441 2886 1455 2889 1473 2895 1475 2895 1477 2895 1601 2884 1601 2864 1595 2802 209 2844 213 2905"/></Shape>
	    <String CONTENT="ne ua poĩt a Pierre/ ⁊ ne enflãme point la cõ¬"
                    HPOS="209"
                    VPOS="2802"
                    WIDTH="1392"
                    HEIGHT="129"></String>
          </TextLine>
          <TextLine ID="eSc_line_47fdd274"
                    TAGREFS="LT8"
                    BASELINE="215 2990 1273 2957 1597 2953" 
                    HPOS="211"
                    VPOS="2891"
                    WIDTH="1386"
                    HEIGHT="149">
            <Shape><Polygon POINTS="215 2990 215 3040 326 3038 328 3038 332 3036 411 3008 463 3028 465 3028 467 3028 607 3002 671 3016 673 3016 675 3016 690 3008 704 3018 716 3026 718 3026 720 3026 722 3026 805 3024 956 3018 958 3018 960 3018 982 3002 989 2998 1043 3000 1083 3000 1084 3000 1086 3000 1088 3000 1092 2996 1104 2988 1130 2994 1172 3006 1174 3006 1176 3006 1178 3006 1219 2990 1237 2985 1261 2988 1300 2994 1302 2994 1304 2994 1324 2985 1334 2979 1399 2979 1405 2981 1429 2998 1431 2998 1433 2998 1435 2998 1437 2998 1496 2979 1576 2983 1577 2983 1579 2983 1581 2983 1597 2973 1597 2953 1593 2893 1267 2891 1265 2891 1203 2903 1193 2905 1178 2905 1069 2897 1067 2897 1065 2897 1063 2897 1047 2909 1043 2909 999 2899 997 2899 883 2903 881 2903 879 2903 865 2915 863 2915 859 2915 803 2905 801 2905 742 2917 734 2919 726 2919 673 2911 671 2911 542 2925 526 2925 520 2925 479 2915 477 2915 407 2929 397 2929 382 2929 257 2923 255 2923 253 2923 211 2933 215 2990"/></Shape>
	    <String CONTENT="gregatiõ des apostres: elle na pas demande de"
                    HPOS="211"
                    VPOS="2891"
                    WIDTH="1386"
                    HEIGHT="149"></String>
          </TextLine>
        </TextBlock>
        <TextBlock HPOS="1566"
                   VPOS="179"
                   WIDTH="212"
                   HEIGHT="112"
                   ID="eSc_textblock_e8d18b4e"
                   TAGREFS="BT15">
          <Shape><Polygon POINTS="1566 179 1574 291 1778 289 1769 179"/></Shape>
          <TextLine ID="eSc_line_8dbf144e"
                    TAGREFS="LT8"
                    BASELINE="1591 264 1758 261" 
                    HPOS="1586"
                    VPOS="181"
                    WIDTH="169"
                    HEIGHT="133">
            <Shape><Polygon POINTS="1589 261 1589 296 1752 314 1755 258 1750 184 1586 181 1589 261"/></Shape>
	    <String CONTENT="262"
                    HPOS="1586"
                    VPOS="181"
                    WIDTH="169"
                    HEIGHT="133"></String>
          </TextLine>
        </TextBlock>
        <TextBlock HPOS="1556"
                   VPOS="1216"
                   WIDTH="333"
                   HEIGHT="516"
                   ID="eSc_textblock_90dc0f31"
                   TAGREFS="BT13">
          <Shape><Polygon POINTS="1556 1229 1566 1464 1581 1498 1601 1625 1624 1729 1889 1732 1889 1229 1728 1216 1724 1216"/></Shape>
          <TextLine ID="eSc_line_76e182ce"
                    TAGREFS="LT8"
                    BASELINE="1570 1284 1839 1278" 
                    HPOS="1565"
                    VPOS="1187"
                    WIDTH="271"
                    HEIGHT="119">
            <Shape><Polygon POINTS="1568 1282 1568 1306 1836 1297 1836 1276 1824 1187 1779 1208 1729 1196 1684 1187 1681 1187 1678 1187 1675 1187 1648 1205 1634 1214 1565 1214 1568 1282"/></Shape>
	    <String CONTENT="mat.15.c"
                    HPOS="1565"
                    VPOS="1187"
                    WIDTH="271"
                    HEIGHT="119"
                    WC="0.9999863654375076"></String>
          </TextLine>
          <TextLine ID="eSc_line_b7017f7b"
                    TAGREFS="LT8"
                    BASELINE="1571 1365 1845 1357" 
                    HPOS="1565"
                    VPOS="1288"
                    WIDTH="277"
                    HEIGHT="104">
            <Shape><Polygon POINTS="1568 1362 1568 1392 1842 1383 1842 1356 1836 1294 1565 1288 1568 1362"/></Shape>
	    <String CONTENT="La dili¬"
                    HPOS="1565"
                    VPOS="1288"
                    WIDTH="277"
                    HEIGHT="104"
                    WC="0.9896065071225166"></String>
          </TextLine>
          <TextLine ID="eSc_line_6bc27f10"
                    TAGREFS="LT8"
                    BASELINE="1575 1450 1861 1443" 
                    HPOS="1571"
                    VPOS="1368"
                    WIDTH="288"
                    HEIGHT="110">
            <Shape><Polygon POINTS="1574 1448 1574 1478 1859 1457 1859 1440 1851 1368 1571 1386 1574 1448"/></Shape>
	    <String CONTENT="gẽte orai"
                    HPOS="1571"
                    VPOS="1368"
                    WIDTH="288"
                    HEIGHT="110"
                    WC="0.9979751884937287"></String>
          </TextLine>
          <TextLine ID="eSc_line_7e0a1087"
                    TAGREFS="LT8"
                    BASELINE="1594 1532 1872 1524" 
                    HPOS="1589"
                    VPOS="1457"
                    WIDTH="282"
                    HEIGHT="98">
            <Shape><Polygon POINTS="1592 1529 1592 1555 1871 1543 1871 1523 1862 1457 1589 1463 1592 1529"/></Shape>
	    <String CONTENT="son de la"
                    HPOS="1589"
                    VPOS="1457"
                    WIDTH="282"
                    HEIGHT="98"
                    WC="0.984772245089213"></String>
          </TextLine>
          <TextLine ID="eSc_line_eb5f0995"
                    TAGREFS="LT8"
                    BASELINE="1613 1615 1876 1607" 
                    HPOS="1607"
                    VPOS="1532"
                    WIDTH="267"
                    HEIGHT="109">
            <Shape><Polygon POINTS="1610 1612 1610 1641 1874 1630 1874 1606 1868 1546 1797 1532 1794 1532 1791 1532 1788 1532 1767 1546 1764 1549 1607 1549 1610 1612"/></Shape>
	    <String CONTENT="fẽme Ca"
                    HPOS="1607"
                    VPOS="1532"
                    WIDTH="267"
                    HEIGHT="109"></String>
          </TextLine>
          <TextLine ID="eSc_line_ecc0e6aa"
                    TAGREFS="LT8"
                    BASELINE="1629 1698 1829 1692" 
                    HPOS="1625"
                    VPOS="1615"
                    WIDTH="202"
                    HEIGHT="118">
            <Shape><Polygon POINTS="1628 1695 1628 1733 1827 1731 1827 1689 1824 1633 1755 1615 1752 1615 1750 1615 1747 1615 1744 1615 1720 1633 1714 1633 1625 1633 1628 1695"/></Shape>
	    <String CONTENT="nanee."
                    HPOS="1625"
                    VPOS="1615"
                    WIDTH="202"
                    HEIGHT="118"
                    WC="0.9912138680617014"></String>
          </TextLine>
        </TextBlock>
        <TextBlock HPOS="1586"
                   VPOS="2134"
                   WIDTH="311"
                   HEIGHT="433"
                   ID="eSc_textblock_19129ade"
                   TAGREFS="BT13">
          <Shape><Polygon POINTS="1586 2134 1586 2290 1616 2312 1610 2372 1634 2404 1651 2567 1897 2565 1897 2134"/></Shape>
          <TextLine ID="eSc_line_0c605ce4"
                    TAGREFS="LT8"
                    BASELINE="1598 2200 1869 2193" 
                    HPOS="1592"
                    VPOS="2111"
                    WIDTH="276"
                    HEIGHT="118">
            <Shape><Polygon POINTS="1595 2197 1595 2229 1868 2209 1868 2191 1862 2131 1758 2111 1755 2111 1752 2111 1723 2119 1672 2134 1592 2111 1595 2197"/></Shape>
	    <String CONTENT="La Ca¬"
                    HPOS="1592"
                    VPOS="2111"
                    WIDTH="276"
                    HEIGHT="118"
                    WC="0.9999944965044657"></String>
          </TextLine>
          <TextLine ID="eSc_line_fe9bbf87"
                    TAGREFS="LT8"
                    BASELINE="1601 2282 1884 2274" 
                    HPOS="1595"
                    VPOS="2197"
                    WIDTH="288"
                    HEIGHT="118">
            <Shape><Polygon POINTS="1598 2280 1598 2315 1883 2295 1883 2271 1874 2197 1595 2217 1598 2280"/></Shape>
	    <String CONTENT="nanee in"
                    HPOS="1595"
                    VPOS="2197"
                    WIDTH="288"
                    HEIGHT="118"
                    WC="0.9953786507248878"></String>
          </TextLine>
          <TextLine ID="eSc_line_c21fee7a"
                    TAGREFS="LT8"
                    BASELINE="1625 2361 1882 2353" 
                    HPOS="1619"
                    VPOS="2280"
                    WIDTH="261"
                    HEIGHT="119">
            <Shape><Polygon POINTS="1622 2360 1622 2384 1702 2399 1705 2399 1880 2381 1880 2351 1874 2295 1791 2280 1788 2280 1619 2301 1622 2360"/></Shape>
	    <String CONTENT="uoq̃ seu¬"
                    HPOS="1619"
                    VPOS="2280"
                    WIDTH="261"
                    HEIGHT="119"
                    WC="0.9981576005617777"></String>
          </TextLine>
          <TextLine ID="eSc_line_faa02e0a"
                    TAGREFS="LT8"
                    BASELINE="1644 2444 1855 2438" 
                    HPOS="1640"
                    VPOS="2363"
                    WIDTH="214"
                    HEIGHT="116">
            <Shape><Polygon POINTS="1643 2443 1643 2479 1854 2473 1854 2437 1845 2363 1640 2366 1643 2443"/></Shape>
	    <String CONTENT="lement"
                    HPOS="1640"
                    VPOS="2363"
                    WIDTH="214"
                    HEIGHT="116"
                    WC="0.9999998807907104"></String>
          </TextLine>
          <TextLine ID="eSc_line_05957e94"
                    TAGREFS="LT8"
                    BASELINE="1656 2534 1862 2533" 
                    HPOS="1654"
                    VPOS="2446"
                    WIDTH="205"
                    HEIGHT="137">
            <Shape><Polygon POINTS="1654 2532 1654 2565 1678 2583 1681 2583 1684 2583 1687 2583 1859 2562 1859 2532 1859 2464 1690 2446 1687 2446 1684 2446 1654 2461 1654 2532"/></Shape>
	    <String CONTENT="Christ."
                    HPOS="1654"
                    VPOS="2446"
                    WIDTH="205"
                    HEIGHT="137"
                    WC="0.9987699559756688"></String>
          </TextLine>
        </TextBlock>
        <TextBlock HPOS="1256"
                   VPOS="2989"
                   WIDTH="341"
                   HEIGHT="81"
                   ID="eSc_textblock_1cafa4ca"
                   TAGREFS="BT17">
          <Shape><Polygon POINTS="1256 2989 1256 3070 1597 3070 1597 2989"/></Shape>
          <TextLine ID="eSc_line_c02c2650"
                    TAGREFS="LT8"
                    BASELINE="1271 3046 1589 3042" 
                    HPOS="1269"
                    VPOS="2975"
                    WIDTH="320"
                    HEIGHT="116">
            <Shape><Polygon POINTS="1271 3046 1271 3089 1308 3091 1310 3091 1312 3091 1314 3091 1316 3089 1342 3072 1421 3072 1465 3087 1469 3089 1471 3089 1473 3089 1484 3087 1534 3078 1585 3085 1589 3042 1585 2992 1455 2975 1453 2975 1269 2994 1271 3046"/></Shape>
	    <String CONTENT="mediateur."
                    HPOS="1269"
                    VPOS="2975"
                    WIDTH="320"
                    HEIGHT="116"
                    WC="0.9973559081554413"></String>
          </TextLine>
        </TextBlock>
      </PrintSpace>
    </Page>
  </Layout>
</alto>
