2267 3563
1136 182 513 140 De oraison.

734 310 1384 125 mediateur. Mais au lieu de toutes ces choses

738 399 1398 119 a prins penitẽce pour sa cõpaigne/ laq̃lle a rẽ¬

742 482 1378 121 ply le lieu de laduocat: et ainsi sen est allee a

736 568 1384 110 la souueraine fontaine. Pource (dit elle) est il

726 659 1388 116 descẽdu: poͬce a il prins sa chair ⁊ est faict hõ¬

710 736 1394 119 me: affin aussi q̃ iaye la hardiesse de parler a

704 807 1405 134 luy. Derechief/ es cieulx les Cherubins trem

704 896 1406 129 blent deuãt luy/ ⁊ les Seraphins le craĩgnẽt:

720 983 1388 125 ⁊ icy en bas une paillarde parle auec luy ⁊ dit.

724 1066 1368 117 Aye mercy de moy. Ceste parolle. Aye mercy

710 1152 1380 116 de moy/ est nue: mais elle cõtient en elle uraye¬

696 1235 1394 118 mẽt la souuerainete de salut. Poͬ ce (dit elle)

708 1316 1396 115 es tu uenu: pour ce as tu receu la chair: pour

720 1403 863 107 ce es tu faict ce que ie suis ⁊c.

722 1510 1368 148 Ephe.5.D. ¶ Soyez remplys du

724 1625 1368 142 sainct esprit: en parlant a uous mes¬

714 1743 1388 149 mes/ en pseaulmes et hymnes/ et en

712 1860 1388 143 cantiques spirituelz: en chantant et

704 1971 1390 139 psalmodiant en uoz cueurs au sei¬

702 2096 1376 138 gneur: en tousiours rendant graces

712 2209 774 120 pour toutes choses.

825 2313 1166 119 ¶ Hierosme au liure de son exposition

960 2401 861 108 sur lepistre aux Ephesiens.

719 2473 1369 130 ¶ Celuy qui se sera abstenu de uin ⁊ de ebriete

719 2556 1363 131 en quoy est luxure: ⁊ q̃ au lieu de ce/ soit rẽply

713 2651 1372 116 de lesperit: cestuy peult prendre toutes choses

713 2734 1366 116 spirituellement: a scauoir les pseaulmes/ les

716 2817 1351 110 hymnes/ ⁊ les cãtiques. Mais q̃lle differẽce il

704 2900 1355 143 ya entre le pseaulme/ lhymne/ et le cantique:

445 748 235 184 Philip.

443 888 113 103 2.b.

425 2383 281 107 Le seul

415 2467 286 110 esprit en

412 2553 289 98 tend les

410 2648 279 86 pseaul¬

410 2734 172 77 mes.

404 2793 285 113 ephe.5.d

407 2891 273 116 Luc.21.f.

1865 3012 196 97 nous
