2267 3563
158 310 1414 113 nous le cõgnoissons tresplainemẽt au psarr¬¬

160 388 1379 107 tier.FEt maintenãt disons en brief que ceulx

175 475 1358 109 diẽt les hymnes/ qͥ annõcent la force ⁊ la ma¬

172 555 1361 121 ieste de dieu: ⁊ le louẽt tousiours de ses benefi¬

172 645 1364 113 ces ⁊ ses faictz. Ce q̃ toutes les pseaulmes cõ¬

157 733 1382 107 tiennẽt esquelles es premis Halleluya ou mis

160 813 1379 113 apres. Mais les pseaulmes ꝓpremẽt appar¬

170 900 1372 103 tiennẽt au lieu moral: tellemẽt que par lorgã

182 983 1358 103 du corps nous cõgnoissons ce q̃ nous debuõs

174 1064 1372 109 faire ou euiter. Mais celuy qͥ dispute des cho

174 1148 1372 110 ses superiores: et qui par subtille disputation

168 1233 1378 101 declaire larmonie du mõde/ ⁊ lordre de toutes

164 1318 1384 107 creatures/ ⁊ la cõcorde: cestuy la chãte le can¬

166 1405 1384 93 tique spirituel. Ou urayemẽt/ affin que pour

166 1484 1406 103 les plus simples nous declairõs ce que nous

170 1569 1415 101 uoulons dire: le pseaulme estrefere au corps/

176 1648 1421 109 ⁊ le cantique a lentendement. Mous debuons

188 1730 1409 106 au (si dõc chãter/ ⁊ dire pseaulmes/ et louer le

188 1809 1389 115 seigñr plus de lesprit/ que de la uoix. Etest̃ ce

184 1894 1369 101 urayemout est omt Enchantãt ⁊ psalmo¬

172 1983 1386 107 diãt au seigñr en uoz cueurs. Que les ieunes

172 2064 1384 103 adolescẽs escouterõt icy: q̃ ceulx qͥ ont loffice

166 2146 1384 110 de psalmodier en leglise escoutent.? Il fault

166 2232 1399 101 chãter a dieu de cueur ⁊ non pas de uoix: ⁊ ne

184 2321 1399 110 sault pas adoulcir la gorge ne oindre les ma¬

184 2399 1414 106 choires de doulce ointure en maniere de ceulx

190 2476 1414 101 qui iouent les Tragedies: affin que en leglise

181 2550 1423 125 soient ouys les chans publicques ⁊ les chan¬

186 2650 1411 99 sons: mais les fault chanter en crainte/ et en

184 2729 1203 111 oeuure/ ⁊ en la science des escriptures.

415 2808 955 125 ¶ Cyrille sur le Leuitique au

635 2893 545 123 douziesme liure.

380 145 1150 169 De oraison. Chaq̃.xh.

1568 377 309 130 La diffe

1553 486 318 92 rẽce ẽtre

1553 564 306 95 hymnes

1553 632 280 116 pseaul

1562 724 268 110 mes ⁊ cã

1559 813 214 110 tiques.

1648 160 200 136 263

1571 1861 271 137 ephe.5.d

1571 2125 288 113 Cõtre le

1583 2212 282 106 chant de

1604 2295 208 104 musiq̃.

1622 2375 196 110 Amos

1622 2452 92 101 5.f.

1622 2532 196 152 Ps̈.2.c.

1308 2973 266 140 ¶ Mais
