2267 3563
1120 190 513 134 De oraison.

739 302 1358 149 ¶ Mais aussi toy qui ensuys Christ/ ⁊ es son

736 409 1367 116 imitateur si tu demeure en la parolle de dieu/

714 496 1388 115 si tu medite iour ⁊ nuict en sa loy/ si tu es exer

702 579 1400 113 cite en ses cõmãdemẽs: tu es tousioͬs es lieux

710 653 1390 127 sainctz: et iamais ne te partiras dillec. * Car

707 739 1384 110 aussi ne fault il pas querir les choses saĩctes

713 831 1378 107 es lieux: mais es oeuures/ en la uie/ ⁊ es meͬs?

724 905 1379 122 que si elles sont selon le seigneur/ ⁊ q̃lles soiẽt

730 988 1379 125 selon le cõmandement de dieu: quant aussi tu

720 1078 1382 113 ne seras point en la maison de dieu/ et que tu

706 1161 1384 117 seroys au marche: et q̃ dis ie au marche? aussi

696 1243 1398 118 quãt tu seroys trouue au Theatre/ cest adire

702 1330 1398 113 au lieu ou on regarde les ieux de uanite/ et q̃

722 1411 1392 111 tu serue a la parolle de dieu: ne doubte point

742 1502 1364 104 que tu es es saĩctz lieux. * Ne te semble il pas

730 1577 1368 113 que Paul quãt il fut entre au Theatre/ ⁊ en¬

730 1660 1360 113 tra en Areopage ⁊ quil annoncea Christ aux

730 1739 1372 119 Atheniẽs/ quil estoit es lieux sainctz? * Mais

736 1817 1373 121 aussi quant il cheminoit par tout les autelz

726 1908 1390 114 des Atheniens/ et les ydoles: la ou il trouua

712 1993 1400 115 escript: au dieu incõgneu: ⁊ que de ceste parolle

706 2076 1396 101 il en print le cõmencemẽt de la predication de

718 2153 1380 111 Christ: la aussi ou il circuissoit les autelz des

730 2242 1364 113 gẽtilz/ il estoit mis en lieux sainctz: car il pen

740 2331 695 111 soit sainctes choses ⁊c.

849 2408 1146 119 ¶ Fulgence ad Transimundum roy/

1168 2496 512 101 au second liure.

732 2571 1380 117 ¶ Ueritablemẽt le bienheureux martyr Cy¬

730 2660 1376 115 prian afferme par manifeste predicatiõ/ et par

726 2743 1376 113 attestation des diuines parolles/ la haultesse

739 2826 1352 116 de la diuinite du filz de dieu: en lepistre de lo¬

721 2918 1379 128 raison dominicale/ disant: * Finablement le

454 293 244 140 Ioã.8.d

448 409 238 122 Ps̈.1.a

457 638 232 131 Le lieu

430 757 265 104 ne sainc¬

421 843 265 98 tifie pas

412 923 268 89 lhõe ne

410 1000 279 140 loraisõ.

442 1472 279 128 Act̃.19.b

439 1787 277 157 Act̃.17.f.

424 2793 300 131 La doc¬

427 2915 274 125 trine de

1809 2996 291 109 seigneur
