2267 3563
114 288 1402 133 nentend poin/ a sescripture: les choses qui sõe

108 382 1390 122 mises en celes escriptures luy semblent tous¬

112 469 1385 124 iours nonuelles. Et pour ce quant il oyt q̃lq̃

124 555 1370 113 chose/ ou de la gloire des sainctz/ ou de la pei¬

127 641 1358 116 ne des pecheurs: il sesbahit/ cõme oyãt aucu¬

118 718 1379 113 ne chose nouuelle. Ou quãt il ꝯuoite les biẽs/

115 792 1376 131 ⁊ quil craint les maulx: iceluy par cõpunctiõ

109 881 1388 122 incõtinẽt recourt a penitẽce. Et nest riẽs plus

121 973 1376 110 impossible/ q̃ de corriger celuy qui scait toutes

130 1049 1378 118 choses/ lequel toutesfoys en cõtẽnant le bien/

124 1140 1384 109 il ayme le mal. Car tout ce q̃ scait es escriptu

124 1215 1386 115 res a cause de la continuelle meditation/ il est

124 1302 1388 107 estime deuãt ses yeulx cõme uil ⁊ ancien. Et

126 1385 1384 109 tout ce quil luy est terrible ⁊ merueilleux/ par

134 1466 1378 115 usance luy est faict uil. Et pourtãt le clerc qͥ

132 1545 1398 115 medite tousiours les escriptures: ou il les ou¬

144 1629 1412 116 seruera du tout/ ⁊ oinleler a oiet: ou Iid cõmẽ

140 1714 1416 113 ce une foys a les cõtẽner/ iamais ne sera inci¬

138 1795 1396 113 te par icelles de les obserner. O/ a uen aneu¬

136 1878 1386 113 nesfoys ung hõme clerc faire tost penitence?

132 1959 1398 123 Quãt aussi il sera prins ⁊ qͥl se humiliera: il

128 2048 1402 115 na pas de dueil pour ce qͥl a peche: mais est con

140 2129 1392 115 fus/ poͬce qͥl a ꝑdu sa gloire. Estime tu que le

146 2214 1384 115 seigͬ cõme cruel aux clers leur ait denie la pe¬

148 2292 1370 124 nitẽce/ disãt ?Si le sel pert sa saueͬ/ en quoy

157 2369 1390 125 sera il sole: mois cõsideroit estre une chose cõ¬

148 2462 1408 113 me naturelle/ q̃ nubne peult exlergner celuy õ

150 2547 1237 109 erre lequel corrigeoit les autres errans.

295 2622 1035 119 ¶ Origene sur Exode en la .xii.

409 2709 907 111 Homelie/ au .xxxiiii. Chap̃.

152 2789 1402 122 ¶ Quant quelcun sera conuerty au seigneu

142 2865 1391 169 le uoile sera oste. Parquoy dit que nostrecon

374 136 986 181 de dieu. Ched̃.x7.

1540 186 178 104 214

1518 433 255 131 Lhõme

1515 549 240 101 seculier

1503 629 282 104 est facile

1518 721 258 98 mẽt ꝯuer

1512 804 273 107 ty par la

1518 875 270 101 la parol

1515 967 273 98 le ð dieu.

1556 2268 265 119 Luc.14g

1571 2369 244 116 mat.5.b

1308 2973 226 105 uersion

1559 2865 259 142 exo.34.d
