<?xml version="1.0" encoding="UTF-8"?>
<alto xmlns:xsi="http://www.w3.org/2001/XMLSchema-instance"
      xmlns="http://www.loc.gov/standards/alto/ns-v4#"
      xsi:schemaLocation="http://www.loc.gov/standards/alto/ns-v4# http://www.loc.gov/standards/alto/v4/alto-4-2.xsd">
  <Description>
    <MeasurementUnit>pixel</MeasurementUnit>
    <sourceImageInformation>
      <fileName>110_912ea_default.jpg</fileName>
      <fileIdentifier>https://www.e-rara.ch/i3f/v20/4106268/full/full/0/default.jpg</fileIdentifier>
    </sourceImageInformation>
  </Description>
  <Tags>
    <OtherTag ID="BT8" LABEL="DamageZone" DESCRIPTION="block type DamageZone"/><OtherTag ID="BT10" LABEL="DropCapitalZone" DESCRIPTION="block type DropCapitalZone"/><OtherTag ID="BT11" LABEL="GraphicZone" DESCRIPTION="block type GraphicZone"/><OtherTag ID="BT12" LABEL="MainZone" DESCRIPTION="block type MainZone"/><OtherTag ID="BT13" LABEL="MarginTextZone" DESCRIPTION="block type MarginTextZone"/><OtherTag ID="BT15" LABEL="NumberingZone" DESCRIPTION="block type NumberingZone"/><OtherTag ID="BT17" LABEL="QuireMarksZone" DESCRIPTION="block type QuireMarksZone"/><OtherTag ID="BT18" LABEL="RunningTitleZone" DESCRIPTION="block type RunningTitleZone"/><OtherTag ID="BT20" LABEL="StampZone" DESCRIPTION="block type StampZone"/><OtherTag ID="BT21" LABEL="TableZone" DESCRIPTION="block type TableZone"/><OtherTag ID="BT22" LABEL="TitlePageZone" DESCRIPTION="block type TitlePageZone"/>
    <OtherTag ID="LT8" LABEL="DefaultLine" DESCRIPTION="line type DefaultLine"/><OtherTag ID="LT9" LABEL="DropCapitalLine" DESCRIPTION="line type DropCapitalLine"/><OtherTag ID="LT10" LABEL="HeadingLine" DESCRIPTION="line type HeadingLine"/><OtherTag ID="LT11" LABEL="InterlinearLine" DESCRIPTION="line type InterlinearLine"/><OtherTag ID="LT311" LABEL="default" DESCRIPTION="line type default"/>
  </Tags>
  <Layout>
    <Page WIDTH="2267"
          HEIGHT="3563"
          PHYSICAL_IMG_NR="110"
          ID="eSc_dummypage_">
      <PrintSpace HPOS="0"
                  VPOS="0"
                  WIDTH="2267"
                  HEIGHT="3563">
        <TextBlock HPOS="348"
                   VPOS="184"
                   WIDTH="1124"
                   HEIGHT="162"
                   ID="eSc_textblock_c9fb2051"
                   TAGREFS="BT18">
          <Shape><Polygon POINTS="348 184 348 334 1472 346 1472 191"/></Shape>
          <TextLine ID="eSc_line_10bee9b0"
                    TAGREFS="LT10"
                    BASELINE="368 292 1458 304" 
                    HPOS="362"
                    VPOS="175"
                    WIDTH="1093"
                    HEIGHT="166">
            <Shape><Polygon POINTS="362 329 505 332 543 311 650 335 701 317 799 335 825 314 906 314 1022 338 1206 320 1224 341 1236 341 1304 323 1396 341 1452 317 1455 302 1455 204 1411 181 1316 181 1316 184 1289 207 1233 207 1185 178 1054 178 968 216 817 216 739 175 730 175 644 210 365 190 365 290"/></Shape>
	    <String CONTENT="De oraison. Cha.xui."
                    HPOS="362"
                    VPOS="175"
                    WIDTH="1093"
                    HEIGHT="166"></String>
          </TextLine>
        </TextBlock>
        <TextBlock HPOS="119"
                   VPOS="332"
                   WIDTH="1502"
                   HEIGHT="2718"
                   ID="eSc_textblock_057d54a3"
                   TAGREFS="BT12">
          <Shape><Polygon POINTS="136 332 119 3050 1574 3038 1621 2696 1608 2496 1588 2435 1577 2285 1552 2266 1549 2168 1548 2125 1550 1969 1577 1924 1577 1858 1599 1839 1604 1570 1546 1437 1545 1377 1552 1299 1547 893 1558 685 1545 611 1543 465 1570 435 1570 340"/></Shape>
          <TextLine ID="eSc_line_5a7e6973"
                    TAGREFS="LT8"
                    BASELINE="180 411 1554 416" 
                    HPOS="175"
                    VPOS="320"
                    WIDTH="1378"
                    HEIGHT="119">
            <Shape><Polygon POINTS="178 409 175 439 1550 433 1553 415 1550 338 1331 344 1319 335 1307 326 1307 323 1304 323 1301 323 1042 323 1039 323 1036 323 1033 323 1033 326 1025 332 1010 344 965 332 941 326 938 326 935 326 932 326 915 332 864 344 644 329 514 320 511 320 508 320 505 320 496 326 475 344 401 344 353 326 332 320 329 320 326 320 178 323 178 409"/></Shape>
	    <String CONTENT="seigñr par sa doctrine nous a cõmãde de prier"
                    HPOS="175"
                    VPOS="320"
                    WIDTH="1378"
                    HEIGHT="119"></String>
          </TextLine>
          <TextLine ID="eSc_line_c388b96a"
                    TAGREFS="LT8"
                    BASELINE="178 492 1537 500" 
                    HPOS="172"
                    VPOS="424"
                    WIDTH="1364"
                    HEIGHT="95">
            <Shape><Polygon POINTS="175 489 172 519 1533 519 1536 498 1530 424 175 424 175 489"/></Shape>
	    <String CONTENT="secretemẽt: en lieux couuers ⁊ secretz ⁊ mesme"
                    HPOS="172"
                    VPOS="424"
                    WIDTH="1364"
                    HEIGHT="95"
                    WC="0.9978482850054478"></String>
          </TextLine>
          <TextLine ID="eSc_line_c9a376c4"
                    TAGREFS="LT8"
                    BASELINE="176 574 1537 578" 
                    HPOS="172"
                    VPOS="501"
                    WIDTH="1364"
                    HEIGHT="107">
            <Shape><Polygon POINTS="175 573 172 602 1530 608 1536 576 1530 501 175 501 175 573"/></Shape>
	    <String CONTENT="es chãbres: ce qͥl appartiẽt plus a la foy: affin"
                    HPOS="172"
                    VPOS="501"
                    WIDTH="1364"
                    HEIGHT="107"
                    WC="0.9904651548348221"></String>
          </TextLine>
          <TextLine ID="eSc_line_b23fd403"
                    TAGREFS="LT8"
                    BASELINE="176 659 1540 667" 
                    HPOS="174"
                    VPOS="591"
                    WIDTH="1366"
                    HEIGHT="103">
            <Shape><Polygon POINTS="176 659 174 673 203 686 205 686 207 686 209 686 253 676 395 686 397 686 532 678 562 688 564 688 566 688 841 678 1205 692 1207 692 1209 692 1233 682 1255 692 1257 692 1259 694 1431 694 1431 692 1433 692 1455 682 1506 692 1508 692 1510 692 1538 680 1540 667 1536 597 1409 609 1352 597 1350 597 1348 597 1346 597 1330 609 1239 597 1237 597 1182 607 987 595 982 595 980 595 978 595 976 595 962 609 861 609 847 595 847 593 845 593 843 593 841 593 815 593 647 605 631 593 629 593 627 593 570 593 568 593 566 593 564 593 538 605 526 593 524 593 522 593 520 593 518 593 516 593 483 603 411 593 394 591 392 591 374 593 296 603 281 593 281 591 279 591 277 591 275 591 273 591 269 593 247 601 176 593 176 659"/></Shape>
	    <String CONTENT="q̃ nous scaichõs que dieu est partout p̃sent: et"
                    HPOS="174"
                    VPOS="591"
                    WIDTH="1366"
                    HEIGHT="103"
                    WC="0.9962430194932588"></String>
          </TextLine>
          <TextLine ID="eSc_line_c073269c"
                    TAGREFS="LT8"
                    BASELINE="174 740 1542 752" 
                    HPOS="172"
                    VPOS="669"
                    WIDTH="1370"
                    HEIGHT="108">
            <Shape><Polygon POINTS="174 740 172 756 188 768 190 768 192 768 194 768 370 758 372 758 399 770 401 770 403 770 405 770 407 770 417 760 441 770 443 770 445 770 580 762 607 760 629 762 704 771 706 771 708 771 730 764 736 762 764 764 833 771 835 771 837 771 849 766 859 762 898 768 952 773 954 773 980 768 1001 764 1041 770 1086 775 1088 775 1090 775 1102 770 1112 766 1118 771 1122 775 1124 775 1126 775 1128 775 1185 771 1257 768 1538 777 1542 752 1542 688 1522 678 1520 678 1518 678 1516 678 1358 690 1344 690 1336 690 1257 676 1255 676 1114 686 1086 688 1037 688 1035 686 1023 674 1021 674 1019 674 1017 674 1015 674 993 686 991 686 985 686 942 674 940 674 938 674 936 674 908 684 900 686 766 686 762 682 750 674 748 674 746 674 744 674 706 682 696 684 692 682 683 673 681 673 679 673 677 673 580 680 572 680 562 680 467 671 465 671 463 671 461 671 453 678 447 682 425 678 370 669 368 669 174 674 174 740"/></Shape>
	    <String CONTENT="quil oit ⁊ uoit tout: ⁊ que de la plenitude de sa"
                    HPOS="172"
                    VPOS="669"
                    WIDTH="1370"
                    HEIGHT="108"
                    WC="0.9839697346395376"></String>
          </TextLine>
          <TextLine ID="eSc_line_c1f942e5"
                    TAGREFS="LT8"
                    BASELINE="160 821 1542 831" 
                    HPOS="158"
                    VPOS="756"
                    WIDTH="1384"
                    HEIGHT="105">
            <Shape><Polygon POINTS="160 821 158 849 283 841 362 851 380 853 382 853 384 853 390 851 419 841 471 851 494 855 496 855 498 855 506 851 524 843 673 843 683 851 687 855 689 855 690 855 692 855 801 849 904 845 914 849 924 857 926 857 928 857 930 857 1100 849 1154 847 1158 849 1168 859 1170 859 1172 859 1498 861 1500 861 1502 861 1540 847 1542 831 1538 764 1469 779 1381 768 1379 768 1378 768 1350 779 1233 779 1207 766 1201 762 1199 762 1197 762 1195 762 1187 766 1162 777 1081 766 1077 766 1075 766 1071 766 1001 777 980 766 966 760 964 760 865 760 863 760 861 760 843 768 823 775 811 768 805 762 803 762 801 762 799 762 797 762 784 768 778 770 762 768 710 758 708 758 706 758 687 768 679 771 667 768 637 758 635 758 633 758 631 758 599 768 584 773 570 768 552 762 550 762 548 762 546 762 524 768 510 773 496 770 469 758 467 758 465 758 463 758 429 770 421 771 417 770 399 756 397 756 395 756 394 756 330 768 316 756 314 756 312 756 235 756 233 756 231 756 229 756 207 770 203 771 160 771 160 821"/></Shape>
	    <String CONTENT="maieste il perce en tous lieux secretz ⁊ celez: cõ"
                    HPOS="158"
                    VPOS="756"
                    WIDTH="1384"
                    HEIGHT="105"
                    WC="0.9903617512946036"></String>
          </TextLine>
          <TextLine ID="eSc_line_ae073f57"
                    TAGREFS="LT8"
                    BASELINE="162 906 1536 913" 
                    HPOS="157"
                    VPOS="837"
                    WIDTH="1376"
                    HEIGHT="110">
            <Shape><Polygon POINTS="160 905 157 929 1527 947 1533 911 1530 846 160 837 160 905"/></Shape>
	    <String CONTENT="me il est escript. * Ie suis le dieu de pres/ ⁊ non"
                    HPOS="157"
                    VPOS="837"
                    WIDTH="1376"
                    HEIGHT="110"></String>
          </TextLine>
          <TextLine ID="eSc_line_6a5cf967"
                    TAGREFS="LT8"
                    BASELINE="174 989 1532 999" 
                    HPOS="174"
                    VPOS="920"
                    WIDTH="1358"
                    HEIGHT="107">
            <Shape><Polygon POINTS="174 989 174 1017 645 1011 683 1017 716 1023 718 1023 776 1017 803 1015 881 1017 1122 1025 1124 1025 1193 1017 1207 1015 1209 1017 1219 1025 1221 1025 1223 1025 1372 1027 1374 1027 1530 1015 1532 999 1528 940 1306 942 1290 938 1257 926 1255 926 1253 926 1251 926 1221 936 1211 940 1205 936 1197 930 1195 930 1193 930 1191 930 1189 930 1187 930 1182 936 1176 942 1027 942 1021 936 1011 928 1011 926 1009 926 1007 926 936 924 855 924 853 924 851 924 825 934 811 938 793 934 758 924 756 924 754 924 752 924 716 934 702 936 687 932 639 922 637 922 574 924 572 924 570 924 562 932 558 936 550 932 528 922 526 922 524 922 479 932 455 936 441 932 411 920 409 920 304 920 302 920 300 920 283 930 275 934 259 930 233 922 231 922 229 922 174 928 174 989"/></Shape>
	    <String CONTENT="pas le dieu de loingz. Se lhomme est muce es"
                    HPOS="174"
                    VPOS="920"
                    WIDTH="1358"
                    HEIGHT="107"
                    WC="0.9876460487192328"></String>
          </TextLine>
          <TextLine ID="eSc_line_8f01200b"
                    TAGREFS="LT8"
                    BASELINE="174 1074 1540 1080" 
                    HPOS="172"
                    VPOS="1001"
                    WIDTH="1368"
                    HEIGHT="107">
            <Shape><Polygon POINTS="174 1074 172 1088 199 1104 201 1104 203 1104 267 1092 293 1104 295 1104 296 1104 298 1104 336 1094 370 1104 372 1104 374 1104 376 1104 401 1092 588 1092 704 1106 706 1106 782 1094 799 1106 801 1106 803 1106 805 1106 1063 1098 1098 1108 1100 1108 1102 1108 1104 1108 1132 1096 1211 1108 1213 1108 1215 1108 1253 1096 1277 1108 1279 1108 1281 1108 1413 1096 1502 1106 1504 1106 1506 1106 1538 1094 1540 1080 1538 1025 1391 1025 1387 1021 1368 1005 1366 1005 1364 1005 1362 1005 1360 1005 1334 1019 1261 1013 1259 1013 1257 1013 1255 1013 1247 1019 1243 1023 1219 1019 1160 1009 1158 1009 1118 1017 1096 1023 1086 1017 1077 1011 1075 1011 1073 1011 1071 1011 1003 1017 962 1019 952 1015 926 1005 924 1005 922 1005 920 1005 918 1005 902 1015 890 1023 815 1023 789 1013 772 1007 770 1007 768 1007 766 1007 744 1013 720 1019 712 1011 702 1005 702 1003 700 1003 698 1003 696 1003 643 1005 641 1005 639 1005 633 1011 619 1021 536 1021 524 1009 516 1003 516 1001 514 1001 512 1001 306 1001 304 1001 302 1001 289 1005 261 1017 239 1005 231 1001 229 1001 227 1001 174 1003 174 1074"/></Shape>
	    <String CONTENT="lieux secretz/ ne le uerray ie pas dõc? Ne em¬"
                    HPOS="172"
                    VPOS="1001"
                    WIDTH="1368"
                    HEIGHT="107"
                    WC="0.9930565141616984"></String>
          </TextLine>
          <TextLine ID="eSc_line_92e744bf"
                    TAGREFS="LT8"
                    BASELINE="168 1157 1543 1167" 
                    HPOS="163"
                    VPOS="1086"
                    WIDTH="1379"
                    HEIGHT="101">
            <Shape><Polygon POINTS="166 1155 163 1187 1539 1187 1542 1166 1539 1086 166 1086 166 1155"/></Shape>
	    <String CONTENT="plis ie pas le ciel et la terre? Et derechief. En"
                    HPOS="163"
                    VPOS="1086"
                    WIDTH="1379"
                    HEIGHT="101"
                    WC="0.9992156673450859"></String>
          </TextLine>
          <TextLine ID="eSc_line_2a728a09"
                    TAGREFS="LT8"
                    BASELINE="164 1239 1543 1251" 
                    HPOS="160"
                    VPOS="1172"
                    WIDTH="1382"
                    HEIGHT="101">
            <Shape><Polygon POINTS="163 1238 160 1258 187 1273 190 1273 193 1273 1539 1270 1542 1250 1539 1184 163 1172 163 1238"/></Shape>
	    <String CONTENT="tous lieux les yeulx du seigñr contẽplent les"
                    HPOS="160"
                    VPOS="1172"
                    WIDTH="1382"
                    HEIGHT="101"
                    WC="0.9928933343988784"></String>
          </TextLine>
          <TextLine ID="eSc_line_2d14ae95"
                    TAGREFS="LT8"
                    BASELINE="162 1322 1538 1332" 
                    HPOS="160"
                    VPOS="1254"
                    WIDTH="1378"
                    HEIGHT="97">
            <Shape><Polygon POINTS="162 1322 160 1344 1534 1351 1538 1332 1532 1262 1482 1278 1265 1278 1106 1276 1041 1260 1035 1260 1033 1260 1031 1260 1029 1260 987 1274 906 1274 890 1260 888 1258 887 1258 885 1258 883 1258 867 1260 805 1272 736 1260 710 1256 580 1256 578 1256 560 1260 516 1272 467 1272 447 1260 439 1254 437 1254 435 1254 433 1254 397 1260 358 1266 336 1260 320 1254 318 1254 316 1254 162 1258 162 1322"/></Shape>
	    <String CONTENT="bons ⁊ les mauuais. Et quãt nous cõuenons"
                    HPOS="160"
                    VPOS="1254"
                    WIDTH="1378"
                    HEIGHT="97"
                    WC="0.9933361521987027"></String>
          </TextLine>
          <TextLine ID="eSc_line_f3b04d9c"
                    TAGREFS="LT8"
                    BASELINE="160 1405 1527 1420" 
                    HPOS="154"
                    VPOS="1339"
                    WIDTH="1370"
                    HEIGHT="98">
            <Shape><Polygon POINTS="157 1404 154 1422 1518 1437 1524 1419 1521 1350 157 1339 157 1404"/></Shape>
	    <String CONTENT="ensemble auec les freres: ⁊ que nous celebrõs"
                    HPOS="154"
                    VPOS="1339"
                    WIDTH="1370"
                    HEIGHT="98"
                    WC="0.996813908867214"></String>
          </TextLine>
          <TextLine ID="eSc_line_a4a5417e"
                    TAGREFS="LT8"
                    BASELINE="170 1488 1546 1498" 
                    HPOS="168"
                    VPOS="1419"
                    WIDTH="1378"
                    HEIGHT="107">
            <Shape><Polygon POINTS="170 1488 168 1506 306 1518 308 1518 382 1508 399 1506 407 1508 443 1520 445 1520 447 1520 516 1508 524 1508 788 1508 789 1510 813 1522 815 1522 817 1522 873 1510 877 1510 883 1510 964 1522 966 1522 968 1522 993 1514 1005 1524 1007 1524 1009 1524 1011 1524 1172 1512 1176 1512 1180 1512 1290 1526 1292 1526 1544 1512 1546 1498 1542 1441 1148 1441 1100 1435 1031 1427 1029 1427 1027 1427 1025 1427 1017 1435 1013 1439 1007 1435 985 1423 984 1423 982 1423 980 1423 950 1433 934 1441 746 1441 732 1431 714 1421 712 1421 710 1421 708 1421 528 1429 522 1429 516 1429 289 1419 287 1419 285 1419 283 1419 273 1427 261 1435 243 1427 223 1419 221 1419 219 1419 170 1425 170 1488"/></Shape>
	    <String CONTENT="les sacrifices diuins auec le p̃stre de dieu: noꝰ"
                    HPOS="168"
                    VPOS="1419"
                    WIDTH="1378"
                    HEIGHT="107"
                    WC="0.9779690199968766"></String>
          </TextLine>
          <TextLine ID="eSc_line_92cede80"
                    TAGREFS="LT8"
                    BASELINE="168 1569 1581 1581" 
                    HPOS="166"
                    VPOS="1502"
                    WIDTH="1415"
                    HEIGHT="111">
            <Shape><Polygon POINTS="168 1569 166 1593 243 1603 245 1603 247 1603 249 1603 263 1595 273 1589 362 1595 439 1599 441 1599 473 1595 502 1591 522 1595 560 1603 562 1603 605 1595 629 1591 641 1595 669 1607 671 1607 673 1607 675 1607 710 1597 789 1607 791 1607 793 1607 829 1595 833 1595 837 1595 873 1609 875 1609 877 1609 879 1609 881 1609 900 1597 980 1609 982 1609 984 1609 1013 1597 1015 1595 1017 1597 1037 1609 1039 1609 1041 1609 1110 1611 1112 1611 1253 1601 1281 1611 1282 1611 1284 1611 1286 1611 1314 1597 1316 1597 1322 1597 1413 1613 1415 1613 1579 1597 1581 1581 1581 1526 1568 1514 1566 1514 1564 1514 1562 1514 1431 1526 1423 1526 1421 1526 1389 1514 1387 1514 1385 1514 1383 1514 1354 1524 1348 1526 1340 1524 1306 1512 1304 1512 1302 1512 1253 1522 1243 1524 1217 1522 1108 1510 1106 1510 1104 1510 1084 1520 1077 1524 896 1524 829 1522 819 1514 811 1508 809 1508 807 1508 805 1508 803 1508 788 1514 768 1522 651 1522 633 1510 627 1506 625 1506 623 1506 500 1506 498 1506 483 1508 405 1518 368 1504 364 1504 362 1504 360 1504 358 1504 354 1504 314 1516 168 1502 168 1569"/></Shape>
	    <String CONTENT="debuõs auoir memoire de uergõgne ⁊ de disci¬"
                    HPOS="166"
                    VPOS="1502"
                    WIDTH="1415"
                    HEIGHT="111"
                    WC="0.9967907874480538"></String>
          </TextLine>
          <TextLine ID="eSc_line_8e398766"
                    TAGREFS="LT8"
                    BASELINE="168 1658 1595 1662" 
                    HPOS="168"
                    VPOS="1589"
                    WIDTH="1427"
                    HEIGHT="97">
            <Shape><Polygon POINTS="168 1658 168 1686 1593 1686 1595 1662 1595 1603 1581 1595 1579 1595 1577 1595 1576 1595 1574 1595 1572 1595 1560 1605 1556 1609 1379 1609 1366 1605 1314 1591 1312 1591 1310 1591 1308 1591 1281 1603 1273 1607 1265 1603 1249 1595 1247 1595 1245 1595 1118 1603 1045 1607 1007 1603 928 1591 926 1591 825 1601 786 1605 778 1601 756 1589 754 1589 752 1589 750 1589 726 1601 716 1605 687 1601 615 1589 613 1589 524 1599 510 1601 500 1599 447 1589 376 1589 374 1589 372 1589 370 1589 358 1599 352 1603 322 1599 259 1589 257 1589 168 1597 168 1658"/></Shape>
	    <String CONTENT="pline: nõ point dung coste ⁊ daultre faire brui"
                    HPOS="168"
                    VPOS="1589"
                    WIDTH="1427"
                    HEIGHT="97"></String>
          </TextLine>
          <TextLine ID="eSc_line_c6569eb6"
                    TAGREFS="LT8"
                    BASELINE="178 1737 1587 1745" 
                    HPOS="176"
                    VPOS="1674"
                    WIDTH="1411"
                    HEIGHT="101">
            <Shape><Polygon POINTS="178 1737 176 1751 368 1767 370 1767 671 1759 803 1757 835 1763 883 1771 885 1771 887 1771 888 1771 898 1763 904 1759 918 1763 940 1771 942 1771 944 1771 946 1771 964 1765 976 1759 989 1765 1003 1771 1005 1771 1007 1771 1009 1771 1027 1765 1047 1759 1126 1767 1154 1769 1156 1769 1158 1769 1160 1769 1162 1767 1172 1759 1213 1769 1239 1773 1241 1773 1277 1769 1342 1761 1387 1771 1399 1773 1401 1773 1403 1773 1407 1771 1433 1761 1457 1773 1461 1773 1463 1773 1465 1775 1585 1775 1587 1745 1585 1680 1478 1680 1477 1680 1475 1680 1473 1680 1457 1694 1269 1694 1257 1682 1255 1682 1253 1682 1251 1682 1249 1682 1247 1682 1235 1692 1211 1678 1209 1678 1207 1678 1205 1678 1187 1678 1049 1688 1027 1678 1025 1678 1023 1678 1021 1678 1019 1678 1017 1678 980 1690 930 1678 926 1678 924 1678 922 1678 920 1678 885 1690 855 1678 849 1676 847 1676 845 1676 843 1676 833 1678 799 1686 746 1678 730 1676 728 1676 726 1676 724 1676 722 1678 706 1688 502 1688 473 1678 461 1674 459 1674 457 1674 435 1678 397 1684 372 1678 358 1674 356 1674 354 1674 352 1674 344 1678 322 1686 178 1678 178 1737"/></Shape>
	    <String CONTENT="re noz prieres par uoix mal ordõnees: ne soy"
                    HPOS="176"
                    VPOS="1674"
                    WIDTH="1411"
                    HEIGHT="101"></String>
          </TextLine>
          <TextLine ID="eSc_line_f9c897ff"
                    TAGREFS="LT8"
                    BASELINE="192 1819 1585 1827" 
                    HPOS="190"
                    VPOS="1749"
                    WIDTH="1395"
                    HEIGHT="107">
            <Shape><Polygon POINTS="192 1819 190 1834 271 1848 273 1848 340 1838 496 1848 498 1848 500 1848 530 1840 532 1840 556 1850 558 1850 560 1850 562 1850 582 1840 584 1840 590 1840 643 1850 645 1850 647 1850 675 1842 683 1840 702 1842 756 1850 758 1850 829 1844 881 1840 887 1844 894 1852 896 1852 898 1852 900 1852 1055 1848 1176 1844 1255 1850 1306 1854 1308 1854 1310 1854 1318 1852 1332 1844 1340 1852 1342 1854 1344 1854 1346 1854 1348 1856 1583 1856 1585 1827 1581 1767 1439 1773 1427 1765 1419 1757 1417 1757 1415 1757 1350 1757 1348 1757 1346 1757 1344 1757 1338 1763 1330 1769 1312 1763 1296 1757 1294 1757 1292 1757 1290 1757 1273 1763 1237 1773 1182 1761 1152 1755 1150 1755 1148 1755 1132 1761 1102 1771 999 1759 980 1757 978 1757 976 1757 974 1757 974 1759 956 1773 890 1773 839 1757 825 1753 823 1753 752 1753 750 1753 748 1753 746 1753 746 1755 744 1755 730 1769 698 1757 696 1757 694 1757 639 1769 566 1753 562 1753 560 1753 554 1753 435 1767 386 1753 384 1753 382 1753 380 1753 328 1767 192 1749 192 1819"/></Shape>
	    <String CONTENT="uãter de mettre nostre petition deuãt dieu par"
                    HPOS="190"
                    VPOS="1749"
                    WIDTH="1395"
                    HEIGHT="107"
                    WC="0.9968969486653805"></String>
          </TextLine>
          <TextLine ID="eSc_line_edb7e450"
                    TAGREFS="LT8"
                    BASELINE="186 1902 1568 1912" 
                    HPOS="181"
                    VPOS="1823"
                    WIDTH="1384"
                    HEIGHT="118">
            <Shape><Polygon POINTS="184 1900 181 1921 267 1938 270 1938 626 1926 680 1941 683 1941 686 1941 1562 1929 1565 1909 1559 1831 653 1840 600 1826 597 1826 594 1826 267 1837 184 1823 184 1900"/></Shape>
	    <String CONTENT="loquacite tumultueuse * car dieu nest pas au¬"
                    HPOS="181"
                    VPOS="1823"
                    WIDTH="1384"
                    HEIGHT="118"></String>
          </TextLine>
          <TextLine ID="eSc_line_7e0dbad4"
                    TAGREFS="LT8"
                    BASELINE="176 1985 1543 1997" 
                    HPOS="172"
                    VPOS="1906"
                    WIDTH="1370"
                    HEIGHT="121">
            <Shape><Polygon POINTS="175 1983 172 2004 1536 2027 1542 1995 1539 1924 1203 1932 1075 1915 1054 1915 1051 1915 1036 1915 947 1929 929 1915 927 1915 924 1915 921 1915 918 1915 882 1929 730 1912 719 1912 716 1912 710 1912 623 1926 609 1915 609 1912 606 1912 603 1912 341 1909 338 1909 335 1909 285 1924 175 1906 175 1983"/></Shape>
	    <String CONTENT="diteur de la uoix/ mais du cueur: et ne doibt"
                    HPOS="172"
                    VPOS="1906"
                    WIDTH="1370"
                    HEIGHT="121"></String>
          </TextLine>
          <TextLine ID="eSc_line_4ff60b01"
                    TAGREFS="LT8"
                    BASELINE="166 2072 1542 2084" 
                    HPOS="160"
                    VPOS="1989"
                    WIDTH="1379"
                    HEIGHT="113">
            <Shape><Polygon POINTS="160 2102 1536 2102 1539 2081 1533 2007 947 2013 739 1995 721 1995 719 1995 716 1995 713 1995 653 2010 635 1995 632 1995 629 1995 626 1995 552 2010 511 1992 508 1992 505 1992 502 1992 499 1992 496 1992 463 2007 451 1995 451 1992 448 1992 445 1992 368 1992 341 1992 338 1992 243 2007 166 1989 163 2069 160 2102"/></Shape>
	    <String CONTENT="pas estre admõneste de clameurs celuy qͥ uoit"
                    HPOS="160"
                    VPOS="1989"
                    WIDTH="1379"
                    HEIGHT="113"
                    WC="0.9916476387044658"></String>
          </TextLine>
          <TextLine ID="eSc_line_698fc971"
                    TAGREFS="LT8"
                    BASELINE="166 2153 1542 2167" 
                    HPOS="164"
                    VPOS="2084"
                    WIDTH="1378"
                    HEIGHT="111">
            <Shape><Polygon POINTS="166 2153 164 2175 1538 2195 1542 2167 1538 2104 1150 2108 1128 2100 1104 2092 1102 2092 1100 2092 1098 2092 1096 2092 1086 2100 1079 2108 1035 2108 993 2100 928 2090 926 2090 924 2090 892 2100 887 2100 881 2100 829 2090 827 2090 825 2090 823 2090 811 2098 809 2100 803 2098 756 2088 754 2088 752 2088 722 2098 714 2100 687 2098 576 2088 574 2088 572 2088 570 2088 554 2098 548 2102 457 2102 453 2096 441 2088 441 2086 439 2086 437 2086 362 2084 360 2084 358 2084 332 2096 326 2098 306 2096 213 2084 211 2084 166 2094 166 2153"/></Shape>
	    <String CONTENT="les pensees: la ou le seigneur le prouue/ ⁊ dit."
                    HPOS="164"
                    VPOS="2084"
                    WIDTH="1378"
                    HEIGHT="111"
                    WC="0.9997348921994368"></String>
          </TextLine>
          <TextLine ID="eSc_line_fde47648"
                    TAGREFS="LT8"
                    BASELINE="165 2230 1043 2248 1541 2248" 
                    HPOS="163"
                    VPOS="2155"
                    WIDTH="1376"
                    HEIGHT="134">
            <Shape><Polygon POINTS="163 2229 166 2268 184 2256 225 2268 234 2271 237 2271 240 2271 267 2268 359 2259 371 2271 374 2271 374 2274 377 2274 380 2274 383 2274 466 2274 742 2265 1533 2289 1539 2247 1533 2176 1152 2185 1099 2170 1096 2170 1093 2170 401 2173 368 2158 365 2158 163 2155 163 2229"/></Shape>
	    <String CONTENT="* Poͬquoy pẽsez uoꝰ mal en uoz cueͬs. Et en"
                    HPOS="163"
                    VPOS="2155"
                    WIDTH="1376"
                    HEIGHT="134"></String>
          </TextLine>
          <TextLine ID="eSc_line_d4e50bfe"
                    TAGREFS="LT8"
                    BASELINE="174 2319 1146 2333 1561 2331" 
                    HPOS="169"
                    VPOS="2247"
                    WIDTH="1390"
                    HEIGHT="110">
            <Shape><Polygon POINTS="172 2318 169 2342 1553 2357 1559 2330 1550 2256 1518 2274 1322 2274 1209 2253 1197 2253 1194 2253 1176 2253 995 2268 900 2250 888 2250 885 2250 876 2250 811 2265 721 2250 698 2247 695 2247 668 2250 573 2262 537 2247 531 2247 528 2247 172 2247 172 2318"/></Shape>
	    <String CONTENT="ung autre lieu. * Toutes les eglises scauront"
                    HPOS="169"
                    VPOS="2247"
                    WIDTH="1390"
                    HEIGHT="110"></String>
          </TextLine>
          <TextLine ID="eSc_line_8717183b"
                    TAGREFS="LT8"
                    BASELINE="178 2401 1576 2408" 
                    HPOS="172"
                    VPOS="2330"
                    WIDTH="1402"
                    HEIGHT="113">
            <Shape><Polygon POINTS="175 2399 172 2422 1568 2443 1574 2407 1568 2348 1111 2351 1066 2339 1039 2333 1036 2333 1033 2333 989 2339 927 2348 894 2339 879 2333 876 2333 873 2333 870 2333 867 2333 864 2336 849 2351 680 2351 653 2336 647 2330 644 2330 641 2330 303 2330 300 2330 297 2330 294 2330 267 2345 175 2330 175 2399"/></Shape>
	    <String CONTENT="q̃ ie suis scrutateur des reins ⁊ du cueur. Cer¬"
                    HPOS="172"
                    VPOS="2330"
                    WIDTH="1402"
                    HEIGHT="113"></String>
          </TextLine>
          <TextLine ID="eSc_line_1e15034c"
                    TAGREFS="LT8"
                    BASELINE="180 2484 1593 2496" 
                    HPOS="178"
                    VPOS="2414"
                    WIDTH="1415"
                    HEIGHT="103">
            <Shape><Polygon POINTS="178 2509 1589 2517 1593 2496 1591 2444 1492 2432 1490 2432 1488 2432 1486 2432 1477 2440 1473 2442 1332 2442 1326 2438 1308 2424 1306 2424 1304 2424 1302 2424 1239 2436 1213 2440 1183 2434 1120 2422 1118 2422 1116 2422 1090 2432 1077 2438 1053 2432 1015 2422 1013 2422 1011 2422 964 2430 914 2438 817 2438 797 2426 788 2422 786 2422 784 2422 782 2422 780 2422 774 2426 756 2438 712 2438 671 2424 651 2418 649 2418 647 2418 597 2422 532 2428 518 2420 512 2418 510 2418 508 2418 506 2418 500 2420 483 2430 469 2420 467 2418 465 2418 463 2418 399 2418 397 2418 395 2418 394 2418 348 2432 277 2422 275 2422 273 2422 239 2432 182 2414 180 2484 178 2509"/></Shape>
	    <String CONTENT="tainemẽt le biẽheureux Cypriã afferme/ que"
                    HPOS="178"
                    VPOS="2414"
                    WIDTH="1415"
                    HEIGHT="103"></String>
          </TextLine>
          <TextLine ID="eSc_line_af03f8ea"
                    TAGREFS="LT8"
                    BASELINE="180 2563 1595 2577" 
                    HPOS="180"
                    VPOS="2494"
                    WIDTH="1415"
                    HEIGHT="110">
            <Shape><Polygon POINTS="180 2563 180 2587 354 2583 423 2591 461 2595 463 2595 465 2595 467 2595 471 2591 481 2585 576 2585 609 2593 623 2597 625 2597 627 2597 657 2595 716 2587 805 2595 841 2599 843 2599 906 2597 1073 2591 1084 2599 1084 2600 1086 2600 1088 2600 1090 2600 1092 2600 1098 2599 1136 2591 1346 2591 1368 2602 1370 2602 1372 2602 1374 2602 1393 2595 1591 2604 1595 2577 1595 2523 1572 2513 1570 2513 1568 2513 1566 2513 1564 2513 1548 2523 1546 2523 1352 2523 1348 2519 1324 2505 1322 2505 1320 2505 1318 2505 1257 2517 1241 2521 1235 2517 1227 2509 1225 2509 1223 2509 1221 2509 1219 2509 1189 2517 1180 2519 1172 2517 1148 2505 1146 2505 1144 2505 1142 2505 1120 2515 1112 2519 1090 2515 1065 2509 1063 2509 1041 2513 1015 2519 1003 2513 978 2500 976 2500 974 2500 972 2500 948 2511 936 2519 805 2519 793 2509 780 2498 778 2498 776 2498 774 2498 673 2507 631 2509 538 2503 382 2494 380 2494 342 2500 279 2511 259 2498 253 2494 251 2494 249 2494 247 2494 180 2496 180 2563"/></Shape>
	    <String CONTENT="dieu leq̃l il a dit estre present partout/ ⁊ ouyr ⁊"
                    HPOS="180"
                    VPOS="2494"
                    WIDTH="1415"
                    HEIGHT="110"
                    WC="0.9986923734347025"></String>
          </TextLine>
          <TextLine ID="eSc_line_4cd1fd97"
                    TAGREFS="LT8"
                    BASELINE="176 2654 754 2650 1593 2660" 
                    HPOS="174"
                    VPOS="2581"
                    WIDTH="1419"
                    HEIGHT="105">
            <Shape><Polygon POINTS="176 2654 174 2672 360 2680 362 2680 419 2674 471 2668 489 2674 506 2680 508 2680 510 2680 538 2674 568 2668 651 2674 748 2682 750 2682 752 2682 768 2674 778 2670 825 2674 910 2684 912 2684 914 2684 940 2676 952 2672 970 2676 1017 2684 1019 2684 1098 2676 1136 2672 1142 2676 1156 2684 1158 2684 1160 2684 1253 2686 1255 2686 1591 2676 1593 2660 1593 2600 1482 2600 1480 2599 1451 2587 1449 2587 1447 2587 1354 2597 1332 2599 1326 2597 1314 2587 1312 2587 1310 2587 1308 2587 1215 2595 1189 2597 1180 2595 1146 2585 1144 2585 1142 2585 1102 2593 1084 2597 1059 2593 1005 2585 1003 2585 1001 2585 999 2585 989 2593 982 2599 922 2599 813 2597 805 2591 797 2583 795 2583 793 2583 655 2583 653 2583 651 2583 637 2587 617 2595 578 2587 544 2581 542 2581 508 2587 467 2593 445 2585 433 2581 431 2581 429 2581 394 2585 324 2593 176 2583 176 2654"/></Shape>
	    <String CONTENT="ueoir toutes choses/ ⁊ aussi de la plenitude de"
                    HPOS="174"
                    VPOS="2581"
                    WIDTH="1419"
                    HEIGHT="105"
                    WC="0.9997090037832869"></String>
          </TextLine>
          <TextLine ID="eSc_line_3a828d3c"
                    TAGREFS="LT8"
                    BASELINE="174 2737 1591 2743" 
                    HPOS="174"
                    VPOS="2664"
                    WIDTH="1417"
                    HEIGHT="97">
            <Shape><Polygon POINTS="174 2737 174 2761 1589 2757 1591 2743 1589 2686 1488 2676 1486 2676 1484 2676 1482 2676 1475 2684 1469 2688 1247 2688 1237 2680 1225 2670 1223 2670 1221 2670 1219 2670 1176 2678 1140 2686 1132 2678 1122 2670 1122 2668 1120 2668 1118 2668 1021 2668 1019 2668 972 2676 922 2684 904 2674 890 2668 888 2668 841 2668 839 2668 837 2668 835 2668 829 2674 817 2684 789 2672 782 2670 780 2670 778 2670 776 2670 766 2672 722 2684 698 2672 692 2668 690 2668 689 2668 687 2668 681 2670 653 2684 556 2670 530 2666 528 2666 485 2668 263 2682 174 2664 174 2737"/></Shape>
	    <String CONTENT="sa maieste percer toutes choses secretes et ce¬"
                    HPOS="174"
                    VPOS="2664"
                    WIDTH="1417"
                    HEIGHT="97"></String>
          </TextLine>
          <TextLine ID="eSc_line_f62e96f5"
                    TAGREFS="LT8"
                    BASELINE="170 2820 1577 2830" 
                    HPOS="168"
                    VPOS="2749"
                    WIDTH="1409"
                    HEIGHT="99">
            <Shape><Polygon POINTS="170 2820 168 2838 1574 2848 1577 2830 1576 2773 1465 2773 1465 2771 1449 2759 1449 2757 1447 2757 1445 2757 1443 2757 1441 2757 1405 2771 1403 2771 1372 2757 1370 2757 1368 2757 1366 2757 1314 2771 1310 2771 1304 2771 1269 2761 1267 2761 1265 2761 1211 2769 1193 2755 1191 2755 1189 2755 1187 2755 890 2767 875 2767 873 2767 843 2753 841 2753 732 2751 730 2751 649 2763 613 2751 611 2751 609 2751 544 2761 431 2751 429 2751 427 2751 395 2763 374 2749 372 2749 370 2749 368 2749 366 2749 328 2763 322 2763 207 2753 205 2753 203 2753 170 2761 170 2820"/></Shape>
	    <String CONTENT="lees: que iceluy nest pas auditeur de la uoix/"
                    HPOS="168"
                    VPOS="2749"
                    WIDTH="1409"
                    HEIGHT="99"
                    WC="0.9959519401840542"></String>
          </TextLine>
          <TextLine ID="eSc_line_ecf47145"
                    TAGREFS="LT8"
                    BASELINE="170 2903 1566 2913" 
                    HPOS="168"
                    VPOS="2834"
                    WIDTH="1398"
                    HEIGHT="107">
            <Shape><Polygon POINTS="170 2903 168 2915 215 2931 217 2931 219 2931 221 2931 255 2919 281 2929 283 2929 285 2929 439 2919 459 2931 461 2931 463 2931 465 2931 556 2921 617 2933 619 2933 621 2933 623 2933 639 2921 685 2921 803 2935 805 2935 900 2923 1007 2937 1009 2937 1243 2925 1284 2937 1286 2937 1288 2937 1332 2929 1346 2939 1348 2939 1350 2939 1352 2941 1512 2941 1512 2939 1514 2939 1564 2925 1566 2913 1564 2856 1372 2842 1370 2842 1368 2842 1366 2842 1348 2854 1346 2854 1340 2854 1284 2840 1282 2840 1281 2840 1251 2850 1239 2840 1237 2840 1235 2840 1104 2840 1102 2840 1100 2840 1098 2840 1084 2850 1083 2854 1009 2854 1003 2850 978 2838 976 2838 857 2838 855 2838 853 2838 851 2838 839 2848 837 2850 825 2848 748 2838 746 2838 692 2848 685 2848 671 2848 578 2838 576 2838 506 2846 485 2848 467 2846 405 2834 403 2834 401 2834 360 2844 352 2846 342 2844 310 2836 308 2836 306 2836 304 2836 289 2844 283 2846 170 2844 170 2903"/></Shape>
	    <String CONTENT="mais du cueur: et que celuy qui uoit les pen¬"
                    HPOS="168"
                    VPOS="2834"
                    WIDTH="1398"
                    HEIGHT="107"
                    WC="0.9992097801632351"></String>
          </TextLine>
          <TextLine ID="eSc_line_7f64d076"
                    TAGREFS="LT8"
                    BASELINE="182 2990 1558 3000" 
                    HPOS="180"
                    VPOS="2917"
                    WIDTH="1378"
                    HEIGHT="127">
            <Shape><Polygon POINTS="182 2990 180 3034 233 3036 235 3036 237 3036 239 3036 239 3034 263 3016 334 3034 340 3036 342 3036 522 3038 524 3038 526 3038 536 3034 574 3020 590 3032 591 3032 593 3032 595 3032 679 3018 702 3018 722 3034 728 3040 730 3040 732 3040 734 3040 766 3034 837 3020 1045 3020 1092 3034 1126 3042 1128 3042 1130 3044 1209 3044 1209 3042 1211 3042 1213 3042 1225 3034 1231 3030 1259 3034 1334 3044 1336 3044 1338 3044 1376 3034 1411 3024 1554 3032 1558 3000 1556 2941 1368 2941 1364 2937 1352 2927 1352 2925 1350 2925 1348 2925 1346 2925 1344 2925 1342 2925 1326 2935 1318 2939 1249 2939 1243 2935 1225 2923 1223 2923 1221 2923 1219 2923 1132 2933 1088 2937 1079 2931 1063 2923 1061 2923 1059 2923 1057 2923 1031 2931 1009 2937 985 2931 958 2921 956 2921 954 2921 914 2929 885 2935 873 2929 859 2921 857 2921 855 2921 795 2927 768 2929 756 2927 732 2919 730 2919 728 2919 726 2919 712 2925 694 2933 491 2923 489 2923 487 2923 459 2933 423 2921 413 2917 411 2917 409 2917 407 2917 397 2919 364 2931 340 2919 336 2917 334 2917 182 2917 182 2990"/></Shape>
	    <String CONTENT="sees ne doibt pas estre admõneste de clameurs"
                    HPOS="180"
                    VPOS="2917"
                    WIDTH="1378"
                    HEIGHT="127"
                    WC="0.9937179879001949"></String>
          </TextLine>
        </TextBlock>
        <TextBlock HPOS="1552"
                   VPOS="227"
                   WIDTH="220"
                   HEIGHT="104"
                   ID="eSc_textblock_d1e6337c"
                   TAGREFS="BT15">
          <Shape><Polygon POINTS="1552 227 1552 331 1772 331 1772 227"/></Shape>
          <TextLine ID="eSc_line_9d0e74ed"
                    TAGREFS="LT8"
                    BASELINE="1566 294 1758 294" 
                    HPOS="1565"
                    VPOS="219"
                    WIDTH="190"
                    HEIGHT="113">
            <Shape><Polygon POINTS="1565 293 1565 332 1755 329 1755 293 1752 219 1565 222 1565 293"/></Shape>
	    <String CONTENT="264"
                    HPOS="1565"
                    VPOS="219"
                    WIDTH="190"
                    HEIGHT="113"></String>
          </TextLine>
        </TextBlock>
        <TextBlock HPOS="1543"
                   VPOS="355"
                   WIDTH="346"
                   HEIGHT="266"
                   ID="eSc_textblock_d6668ba5"
                   TAGREFS="BT13">
          <Shape><Polygon POINTS="1566 357 1568 445 1545 464 1543 615 1889 621 1889 355"/></Shape>
          <TextLine ID="eSc_line_e8fe6216"
                    TAGREFS="LT8"
                    BASELINE="1575 416 1874 417" 
                    HPOS="1574"
                    VPOS="326"
                    WIDTH="297"
                    HEIGHT="125">
            <Shape><Polygon POINTS="1574 415 1574 445 1868 451 1871 415 1871 341 1574 326 1574 415"/></Shape>
	    <String CONTENT="christ de"
                    HPOS="1574"
                    VPOS="326"
                    WIDTH="297"
                    HEIGHT="125"
                    WC="0.9997003210915459"></String>
          </TextLine>
          <TextLine ID="eSc_line_ae986ea0"
                    TAGREFS="LT8"
                    BASELINE="1550 500 1863 502" 
                    HPOS="1545"
                    VPOS="424"
                    WIDTH="317"
                    HEIGHT="101">
            <Shape><Polygon POINTS="1547 498 1545 516 1856 525 1862 501 1862 445 1764 424 1761 424 1547 436 1547 498"/></Shape>
	    <String CONTENT="oraison."
                    HPOS="1545"
                    VPOS="424"
                    WIDTH="317"
                    HEIGHT="101"></String>
          </TextLine>
          <TextLine ID="eSc_line_00e232cf"
                    TAGREFS="LT8"
                    BASELINE="1550 578 1843 579" 
                    HPOS="1545"
                    VPOS="510"
                    WIDTH="297"
                    HEIGHT="98">
            <Shape><Polygon POINTS="1547 576 1545 608 1839 605 1842 578 1839 510 1547 510 1547 576"/></Shape>
	    <String CONTENT="mat.6.b"
                    HPOS="1545"
                    VPOS="510"
                    WIDTH="297"
                    HEIGHT="98"
                    WC="0.9914698771068028"></String>
          </TextLine>
        </TextBlock>
        <TextBlock HPOS="1544"
                   VPOS="850"
                   WIDTH="285"
                   HEIGHT="94"
                   ID="eSc_textblock_c288c6b0"
                   TAGREFS="BT13">
          <Shape><Polygon POINTS="1544 850 1544 944 1829 944 1829 850"/></Shape>
          <TextLine ID="eSc_line_dec6eeb7"
                    TAGREFS="LT8"
                    BASELINE="1557 913 1819 914" 
                    HPOS="1556"
                    VPOS="834"
                    WIDTH="262"
                    HEIGHT="116">
            <Shape><Polygon POINTS="1556 911 1556 950 1818 944 1818 911 1818 840 1556 834 1556 911"/></Shape>
	    <String CONTENT="Hier.23.e"
                    HPOS="1556"
                    VPOS="834"
                    WIDTH="262"
                    HEIGHT="116"
                    WC="0.9968490401903788"></String>
          </TextLine>
        </TextBlock>
        <TextBlock HPOS="1550"
                   VPOS="1097"
                   WIDTH="284"
                   HEIGHT="187"
                   ID="eSc_textblock_27cd28ec"
                   TAGREFS="BT13">
          <Shape><Polygon POINTS="1550 1097 1550 1284 1834 1284 1834 1097"/></Shape>
          <TextLine ID="eSc_line_52e720e2"
                    TAGREFS="LT8"
                    BASELINE="1560 1167 1821 1169" 
                    HPOS="1559"
                    VPOS="1080"
                    WIDTH="259"
                    HEIGHT="128">
            <Shape><Polygon POINTS="1559 1208 1818 1205 1818 1166 1812 1080 1764 1101 1675 1086 1672 1086 1669 1086 1622 1101 1562 1080 1559 1166 1559 1208"/></Shape>
	    <String CONTENT="Prouer."
                    HPOS="1559"
                    VPOS="1080"
                    WIDTH="259"
                    HEIGHT="128"
                    WC="0.9999996594020298"></String>
          </TextLine>
          <TextLine ID="eSc_line_cecc8ea1"
                    TAGREFS="LT8"
                    BASELINE="1560 1251 1694 1252" 
                    HPOS="1559"
                    VPOS="1187"
                    WIDTH="134"
                    HEIGHT="98">
            <Shape><Polygon POINTS="1559 1250 1559 1285 1693 1279 1693 1250 1693 1199 1559 1187 1559 1250"/></Shape>
	    <String CONTENT="15.a."
                    HPOS="1559"
                    VPOS="1187"
                    WIDTH="134"
                    HEIGHT="98"
                    WC="0.9999600172042846"></String>
          </TextLine>
        </TextBlock>
        <TextBlock HPOS="1542"
                   VPOS="1354"
                   WIDTH="309"
                   HEIGHT="99"
                   ID="eSc_textblock_0682303d"
                   TAGREFS="BT13">
          <Shape><Polygon POINTS="1542 1354 1542 1453 1851 1453 1851 1354"/></Shape>
          <TextLine ID="eSc_line_bd834651"
                    TAGREFS="LT8"
                    BASELINE="1548 1420 1837 1423" 
                    HPOS="1545"
                    VPOS="1339"
                    WIDTH="291"
                    HEIGHT="130">
            <Shape><Polygon POINTS="1547 1419 1545 1469 1833 1469 1836 1422 1833 1339 1547 1345 1547 1419"/></Shape>
	    <String CONTENT="1.cor.14.e"
                    HPOS="1545"
                    VPOS="1339"
                    WIDTH="291"
                    HEIGHT="130"
                    WC="0.9507118821144104"></String>
          </TextLine>
        </TextBlock>
        <TextBlock HPOS="1548"
                   VPOS="1843"
                   WIDTH="304"
                   HEIGHT="289"
                   ID="eSc_textblock_eda2b321"
                   TAGREFS="BT13">
          <Shape><Polygon POINTS="1570 1843 1570 1931 1550 1966 1548 2116 1852 2132 1852 1843"/></Shape>
          <TextLine ID="eSc_line_6c9a1972"
                    TAGREFS="LT8"
                    BASELINE="1586 1912 1847 1914" 
                    HPOS="1580"
                    VPOS="1811"
                    WIDTH="265"
                    HEIGHT="133">
            <Shape><Polygon POINTS="1583 1909 1580 1944 1842 1944 1845 1912 1842 1817 1583 1811 1583 1909"/></Shape>
	    <String CONTENT="Dieu est"
                    HPOS="1580"
                    VPOS="1811"
                    WIDTH="265"
                    HEIGHT="133"
                    WC="0.9678743481636047"></String>
          </TextLine>
          <TextLine ID="eSc_line_064dfe37"
                    TAGREFS="LT8"
                    BASELINE="1556 1997 1837 1999" 
                    HPOS="1550"
                    VPOS="1924"
                    WIDTH="286"
                    HEIGHT="100">
            <Shape><Polygon POINTS="1553 1995 1550 2019 1830 2024 1836 1998 1833 1924 1553 1935 1553 1995"/></Shape>
	    <String CONTENT="auditeur"
                    HPOS="1550"
                    VPOS="1924"
                    WIDTH="286"
                    HEIGHT="100"
                    WC="0.9935933873057365"></String>
          </TextLine>
          <TextLine ID="eSc_line_bb728749"
                    TAGREFS="LT8"
                    BASELINE="1556 2084 1833 2086" 
                    HPOS="1550"
                    VPOS="2010"
                    WIDTH="280"
                    HEIGHT="95">
            <Shape><Polygon POINTS="1553 2081 1550 2102 1824 2105 1830 2084 1827 2019 1553 2010 1553 2081"/></Shape>
	    <String CONTENT="du cueur"
                    HPOS="1550"
                    VPOS="2010"
                    WIDTH="280"
                    HEIGHT="95"
                    WC="0.9990473389625549"></String>
          </TextLine>
        </TextBlock>
        <TextBlock HPOS="1551"
                   VPOS="2191"
                   WIDTH="326"
                   HEIGHT="258"
                   ID="eSc_textblock_c174e7b7"
                   TAGREFS="BT13">
          <Shape><Polygon POINTS="1551 2191 1551 2271 1582 2282 1581 2356 1581 2358 1589 2449 1877 2444 1877 2191"/></Shape>
          <TextLine ID="eSc_line_bac09164"
                    TAGREFS="LT8"
                    BASELINE="1565 2248 1861 2248" 
                    HPOS="1562"
                    VPOS="2173"
                    WIDTH="297"
                    HEIGHT="104">
            <Shape><Polygon POINTS="1562 2247 1562 2277 1859 2274 1859 2247 1856 2173 1562 2188 1562 2247"/></Shape>
	    <String CONTENT="mat.9.a"
                    HPOS="1562"
                    VPOS="2173"
                    WIDTH="297"
                    HEIGHT="104"
                    WC="0.999276978628976"></String>
          </TextLine>
          <TextLine ID="eSc_line_1430dee0"
                    TAGREFS="LT8"
                    BASELINE="1589 2331 1861 2329" 
                    HPOS="1583"
                    VPOS="2253"
                    WIDTH="276"
                    HEIGHT="107">
            <Shape><Polygon POINTS="1586 2330 1586 2357 1856 2360 1859 2327 1848 2253 1803 2268 1583 2256 1586 2330"/></Shape>
	    <String CONTENT="Apoc.2.f"
                    HPOS="1583"
                    VPOS="2253"
                    WIDTH="276"
                    HEIGHT="107"
                    WC="0.9994700700044632"></String>
          </TextLine>
          <TextLine ID="eSc_line_e994b62c"
                    TAGREFS="LT8"
                    BASELINE="1599 2409 1863 2410" 
                    HPOS="1598"
                    VPOS="2342"
                    WIDTH="264"
                    HEIGHT="107">
            <Shape><Polygon POINTS="1598 2407 1598 2443 1859 2449 1862 2407 1859 2342 1598 2345 1598 2407"/></Shape>
	    <String CONTENT="Hier.17.b"
                    HPOS="1598"
                    VPOS="2342"
                    WIDTH="264"
                    HEIGHT="107"
                    WC="0.9997983045048184"></String>
          </TextLine>
        </TextBlock>
        <TextBlock HPOS="1362"
                   VPOS="3030"
                   WIDTH="214"
                   HEIGHT="96"
                   ID="eSc_textblock_9d419999"
                   TAGREFS="BT17">
          <Shape><Polygon POINTS="1362 3041 1362 3126 1576 3126 1576 3030"/></Shape>
          <TextLine ID="eSc_line_fa68ea1e"
                    TAGREFS="LT8"
                    BASELINE="1376 3095 1564 3091" 
                    HPOS="1372"
                    VPOS="3024"
                    WIDTH="192"
                    HEIGHT="121">
            <Shape><Polygon POINTS="1376 3095 1376 3127 1425 3145 1427 3145 1429 3145 1473 3135 1492 3131 1562 3141 1564 3091 1558 3024 1372 3042 1376 3095"/></Shape>
	    <String CONTENT="⁊ met"
                    HPOS="1372"
                    VPOS="3024"
                    WIDTH="192"
                    HEIGHT="121"
                    WC="0.919916307926178"></String>
          </TextLine>
        </TextBlock>
      </PrintSpace>
    </Page>
  </Layout>
</alto>
