2267 3563
1102 190 515 140 De oraison.

727 293 1382 158 ⁊ met aussi quil dit. * Pourquoy pẽsez uous

714 411 1414 129 mal en uoz cueurs ⁊c. Le biẽheureux Cypriã

702 494 1412 131 rescriuãt aux Tyberitains aucune telle cho¬

698 576 1416 130 se/ de la haultesse du filz de dieu/ le tesmoigne

692 663 1418 132 par telles parolles. Cestuy nest pas seul/ au¬

692 744 1406 132 quel Christ est cõpaignon en sa fuyte. Cestuy

700 833 1408 115 nest pas seul/ qui gardãt le temple de dieu/ ou

724 914 1385 131 qͥl soit/ nest pas sans le seigñr. Et si le larron

728 997 1392 123 oppresse au desert ⁊ aux mõtaignes celuy qui

728 1080 1386 125 senfuyt/ si la beste sauuaige le assault/ si la

712 1161 1392 131 fain ou la soif ou le froid le trauaille/ ou que

698 1243 1406 134 par la mer ⁊ par hastiue nauigatiõ la tẽpeste

708 1330 1408 124 ou limpetuosite plonge en la mer celuy qͥ sen¬

732 1407 1392 131 fuyt. Christ regarde ⁊ attend partout son che¬

740 1492 1378 119 ualier bataillãt. Aussi en une epistre appellee/

742 1577 1366 121 de lapsis/ quicõque la uouldra lire: il y trou¬

742 1656 1366 127 uera dedens ces choses icy. Cestuy uoit les

742 1745 1380 123 cueurs ⁊ les entẽdemẽs de ung chascũ: ⁊ doibt

742 1827 1384 128 iuger nõ seulemẽt des faictz mais aussi de noz

742 1906 1384 128 parolles ⁊ pensees: ⁊ regarde toutes les pẽsees

726 1991 1396 123 ⁊ uoluntez cõceues qui sõt encore es lieux se¬

716 2072 1402 119 cretz du cueur ferme. Dõc le filz de dieu/ tant

720 2155 1396 125 par auctorite diuine q̃ par la fidele ⁊ uraye sen

736 2238 1382 129 tence des sainctz peres/ selon la diuine nature

742 2319 1386 133 est prouue infiny ⁊ sans mesure: partout pre¬

746 2403 1386 136 sent/ rẽplissant toutes choses: maintenãt tes¬

751 2494 1376 130 moing des pẽsees ⁊ des oeuures/ iuge a uenir/

748 2585 992 118 ⁊ retributeur de ung chascun ⁊c.

922 2656 1022 133 ¶ Origene sur sainct Matthieu/

1158 2753 572 109 en la .ui. Homelie.

757 2811 1349 140 ¶ Si deux dẽtre uous ꝯuiennẽt ensemble sur

726 2911 1382 153 la terre: de toute chose qͥlz demanderõt/ y leur

433 329 283 146 mat.9.a

415 950 289 109 2.cor.11.e

469 2482 247 133 Ioã.5.d

436 2841 306 101 mat.18.c

1785 2986 333 117 sera faict.
