2267 3563
364 134 1118 151 De oraison. Chap̃.xui.

158 261 1447 136 sera faict. Mais il est manifeste/ que la ou il

154 350 1414 131 nya pas ung mesme sentemẽt de toute chose/ q̃

163 433 1387 131 aussi deux ne cõuiẽnent pas sur la terre. * Et

172 516 1358 137 ceste est la cause pour laq̃lle nous ne sommes

166 596 1364 128 point exaulcez en noz oraisons: pourtãt q̃ noꝰ

160 685 1370 131 ne cõsentõs point lung a lautre sur la terre en

157 771 1379 128 toutes choses: ne par enseignemẽt ne par con¬

160 843 1376 133 uersation. Mais encore si noꝰ sõmes le corps

169 932 1376 133 de Christ: ⁊ que dieu ait mis ung chascun mẽ¬

166 1019 1384 115 bre au corps/ affin q̃ les mẽbres saueurent une

158 1098 1396 131 mesme chose/ ⁊ quilz soient dung mesme sente

160 1183 1394 129 ment ⁊ sollicitude: ⁊ que quãt ung mẽbre seuf¬

162 1268 1386 129 fre que tous les autres seuffrent: ⁊ quant ung

164 1351 1394 125 mẽbre est glorifie q̃ les autres tous se resiou¬

164 1433 1404 126 issent: nous debuõs donc en nous garder la cõ

166 1518 1429 124 cordance qui est en musicque. Car cõme en mu

172 1597 1433 133 sicque/ sil ny a concordanee des uoix elle ne

176 1678 1429 129 delecte pas lauditeur: pareillement aussi legli

188 1761 1409 129 se selle na ung mesme sentement/ dieu ne se de¬

178 1844 1394 119 lecte pas en icelle/ ⁊ si nescoute point ses uoix.

163 1921 1396 133 * Soyons donc dung mesme sentement/ telle¬

166 2004 1384 145 ment que la ou nous sommes assemblez au

169 2087 1384 133 nom de Iesus/ que Iesus soit au milieu de

172 2182 1381 133 nous: a scauoir la parolle de dieu/ sa sapience

184 2288 447 109 ⁊ sa uertu/ ⁊c.

281 2343 1217 133 ¶ Le mesme sur lepistre aux Romains/

471 2432 849 111 au .uii. liure au .uiii. chap̃.

187 2491 1417 154 ¶ Ceulx doibuent estre admonnestez qui de¬

178 2586 1435 130 mãdent a dieu auoir prosperite en ceste uie pre

190 2672 1417 142 sente/ ⁊ demãdent la sante/ les richesses ou les

190 2743 1396 151 hõneurs: car ilz ne scaiuẽt q̃lle chose ilz demã¬

187 2832 1390 163 dent/ selon ce qui est expediẽt. Car souuent il

1577 118 211 155 265

1610 394 282 140 Pour¬

1550 510 330 107 quoy ne

1553 596 318 104 sont pas

1553 671 301 106 exaucees

1556 757 289 92 noz orai¬

1556 831 179 116 sons.

1562 929 268 104 1.cor.12.d

1616 1855 240 158 Lunite

1571 1986 280 116 de legli¬

1574 2069 282 116 se est lo¬

1571 2161 152 95 uee.

1581 2244 295 87 1.corĩ.5.b

1616 2405 258 106 Hõneͬs ⁊

1613 2488 249 104 richesses

1619 2568 235 119 ne doib¬

1622 2657 229 101 uẽt pas

1595 2740 256 110 estre de¬

1592 2832 238 89 mãdees

1592 2906 229 113 de dieu.

1096 2921 481 146 Hh aduient
