<?xml version="1.0" encoding="UTF-8"?>
<alto xmlns:xsi="http://www.w3.org/2001/XMLSchema-instance"
      xmlns="http://www.loc.gov/standards/alto/ns-v4#"
      xsi:schemaLocation="http://www.loc.gov/standards/alto/ns-v4# http://www.loc.gov/standards/alto/v4/alto-4-2.xsd">
  <Description>
    <MeasurementUnit>pixel</MeasurementUnit>
    <sourceImageInformation>
      <fileName>113_e75b0_default.jpg</fileName>
      <fileIdentifier>https://www.e-rara.ch/i3f/v20/4106271/full/full/0/default.jpg</fileIdentifier>
    </sourceImageInformation>
  </Description>
  <Tags>
    <OtherTag ID="BT8" LABEL="DamageZone" DESCRIPTION="block type DamageZone"/><OtherTag ID="BT10" LABEL="DropCapitalZone" DESCRIPTION="block type DropCapitalZone"/><OtherTag ID="BT11" LABEL="GraphicZone" DESCRIPTION="block type GraphicZone"/><OtherTag ID="BT12" LABEL="MainZone" DESCRIPTION="block type MainZone"/><OtherTag ID="BT13" LABEL="MarginTextZone" DESCRIPTION="block type MarginTextZone"/><OtherTag ID="BT15" LABEL="NumberingZone" DESCRIPTION="block type NumberingZone"/><OtherTag ID="BT17" LABEL="QuireMarksZone" DESCRIPTION="block type QuireMarksZone"/><OtherTag ID="BT18" LABEL="RunningTitleZone" DESCRIPTION="block type RunningTitleZone"/><OtherTag ID="BT20" LABEL="StampZone" DESCRIPTION="block type StampZone"/><OtherTag ID="BT21" LABEL="TableZone" DESCRIPTION="block type TableZone"/><OtherTag ID="BT22" LABEL="TitlePageZone" DESCRIPTION="block type TitlePageZone"/>
    <OtherTag ID="LT8" LABEL="DefaultLine" DESCRIPTION="line type DefaultLine"/><OtherTag ID="LT9" LABEL="DropCapitalLine" DESCRIPTION="line type DropCapitalLine"/><OtherTag ID="LT10" LABEL="HeadingLine" DESCRIPTION="line type HeadingLine"/><OtherTag ID="LT11" LABEL="InterlinearLine" DESCRIPTION="line type InterlinearLine"/><OtherTag ID="LT311" LABEL="default" DESCRIPTION="line type default"/>
  </Tags>
  <Layout>
    <Page WIDTH="2267"
          HEIGHT="3563"
          PHYSICAL_IMG_NR="113"
          ID="eSc_dummypage_">
      <PrintSpace HPOS="0"
                  VPOS="0"
                  WIDTH="2267"
                  HEIGHT="3563">
        <TextBlock HPOS="1182"
                   VPOS="138"
                   WIDTH="533"
                   HEIGHT="146"
                   ID="eSc_textblock_fdfe640e"
                   TAGREFS="BT18">
          <Shape><Polygon POINTS="1182 138 1182 284 1715 284 1715 138"/></Shape>
          <TextLine ID="eSc_line_012ce90d"
                    TAGREFS="LT10"
                    BASELINE="1201 245 1698 241" 
                    HPOS="1199"
                    VPOS="142"
                    WIDTH="499"
                    HEIGHT="137">
            <Shape><Polygon POINTS="1682 170 1645 170 1643 168 1595 142 1593 142 1591 142 1423 168 1407 172 1334 172 1330 168 1298 146 1296 146 1294 146 1217 144 1199 182 1201 245 1201 259 1290 271 1292 271 1346 265 1411 259 1427 269 1437 277 1439 277 1441 277 1443 277 1445 277 1465 271 1504 257 1524 273 1530 279 1532 279 1534 279 1536 279 1538 279 1548 275 1564 267 1694 279 1698 241 1694 182"/></Shape>
	    <String CONTENT="De oraison."
                    HPOS="1199"
                    VPOS="142"
                    WIDTH="499"
                    HEIGHT="137"
                    WC="0.9998043396256187"></String>
          </TextLine>
        </TextBlock>
        <TextBlock HPOS="713"
                   VPOS="271"
                   WIDTH="1464"
                   HEIGHT="2730"
                   ID="eSc_textblock_790707f8"
                   TAGREFS="BT12">
          <Shape><Polygon POINTS="730 271 731 571 753 641 753 705 724 749 725 945 726 1032 727 1140 727 1218 713 1340 762 1616 760 1724 737 1773 737 1936 755 2046 754 2101 735 2208 763 2347 759 2462 735 2522 738 3001 1673 2997 1812 2972 2177 2972 2177 291"/></Shape>
          <TextLine ID="eSc_line_b71c2246"
                    TAGREFS="LT8"
                    BASELINE="744 354 2124 368" 
                    HPOS="744"
                    VPOS="281"
                    WIDTH="1380"
                    HEIGHT="118">
            <Shape><Polygon POINTS="2110 308 2090 300 2084 298 1954 292 1952 292 1950 292 1948 292 1940 298 1932 304 1912 298 1884 290 1882 290 1880 290 1829 298 1791 304 1750 298 1682 288 1680 288 1678 288 1657 298 1645 304 1534 304 1502 298 1469 292 1467 292 1433 298 1415 300 1409 298 1399 288 1397 288 1395 288 1393 288 1391 288 1362 296 1348 300 1312 296 1187 285 1185 285 1183 285 1156 296 1140 287 1138 287 1136 287 1134 287 1043 296 1037 296 1009 283 1007 283 934 281 932 281 853 294 817 283 803 283 797 283 758 292 744 326 744 354 744 385 940 376 982 389 985 389 987 389 989 389 995 389 1053 378 1126 389 1138 391 1140 391 1164 391 1330 380 1346 391 1346 393 1348 393 1350 393 1352 393 1366 393 1473 382 1508 393 1510 393 1512 393 1514 393 1548 384 1568 395 1570 395 1572 395 1574 395 1579 395 1623 385 1722 395 1740 397 1742 397 1744 397 1746 397 1772 385 1843 397 1847 397 1849 397 1851 397 1890 385 2120 399 2124 368 2124 312 2110 308"/></Shape>
	    <String CONTENT="aduiẽt q̃ ces gaignages icy presens/ ⁊ la digni"
                    HPOS="744"
                    VPOS="281"
                    WIDTH="1380"
                    HEIGHT="118"></String>
          </TextLine>
          <TextLine ID="eSc_line_b1680069"
                    TAGREFS="LT8"
                    BASELINE="750 437 2128 447" 
                    HPOS="750"
                    VPOS="372"
                    WIDTH="1378"
                    HEIGHT="103">
            <Shape><Polygon POINTS="750 437 750 465 1007 457 1027 467 1033 469 1035 469 1037 469 1039 469 1043 467 1059 459 1077 467 1083 469 1084 469 1086 469 1108 467 1180 459 1381 467 1425 469 1427 469 1429 469 1433 467 1447 461 1461 469 1467 471 1469 471 1471 471 1488 469 1528 461 1706 469 1853 475 1855 475 2126 469 2128 447 2126 395 2023 395 2021 393 2007 382 2007 380 2005 380 2003 380 2001 380 1999 380 1962 393 1958 393 1950 393 1880 380 1878 380 1809 391 1803 391 1793 391 1710 382 1708 382 1706 382 1686 389 1682 391 1682 389 1671 380 1669 380 1667 380 1572 376 1570 376 1512 387 1502 389 1475 387 1300 374 1237 374 1235 374 1233 374 1211 385 1207 387 1180 385 1094 376 1092 376 1017 384 1009 384 1007 384 993 372 991 372 989 372 987 372 985 372 944 382 916 372 914 372 912 372 750 380 750 437"/></Shape>
	    <String CONTENT="te seculiere/ sont dõnees au detriment de lame"
                    HPOS="750"
                    VPOS="372"
                    WIDTH="1378"
                    HEIGHT="103"
                    WC="0.9858109659336983"></String>
          </TextLine>
          <TextLine ID="eSc_line_b4eecc9b"
                    TAGREFS="LT8"
                    BASELINE="756 520 2136 532" 
                    HPOS="756"
                    VPOS="453"
                    WIDTH="1380"
                    HEIGHT="109">
            <Shape><Polygon POINTS="756 520 756 546 1182 546 1199 548 1259 556 1261 556 1413 548 1445 548 1453 550 1494 558 1496 558 1655 550 1673 550 1675 550 1686 560 1688 560 1690 560 1692 560 1857 552 1863 552 1867 552 1956 562 1958 562 2134 552 2136 532 2136 463 2082 463 2080 463 2078 463 2076 463 2076 465 2059 479 1928 463 1906 461 1904 461 1902 461 1896 463 1859 477 1708 477 1680 465 1669 459 1667 459 1665 459 1627 465 1556 477 1516 477 1498 465 1490 459 1488 459 1486 459 1484 459 1427 465 1372 471 1362 465 1346 457 1344 457 1342 457 1112 467 995 471 989 467 976 455 976 453 974 453 972 453 970 453 904 467 892 469 883 467 827 457 825 457 756 467 756 520"/></Shape>
	    <String CONTENT="ou en son eternel opprobre. Et pourtãt fault"
                    HPOS="756"
                    VPOS="453"
                    WIDTH="1380"
                    HEIGHT="109"
                    WC="0.9996199250221253"></String>
          </TextLine>
          <TextLine ID="eSc_line_070f2506"
                    TAGREFS="LT8"
                    BASELINE="754 601 2134 615" 
                    HPOS="752"
                    VPOS="536"
                    WIDTH="1382"
                    HEIGHT="109">
            <Shape><Polygon POINTS="754 601 752 619 764 631 764 633 766 633 768 633 770 633 879 623 954 635 956 635 1120 623 1138 635 1140 635 1142 635 1144 635 1308 625 1370 639 1372 639 1605 629 1639 641 1641 641 1643 641 1700 629 1849 643 1851 643 1938 631 2037 645 2039 645 2041 645 2043 645 2063 633 2132 633 2134 615 2132 562 2047 550 2045 550 2043 550 2041 550 2025 560 2021 560 1970 550 1968 550 1966 550 1946 560 1944 560 1819 560 1815 558 1775 546 1774 546 1772 546 1520 554 1518 554 1516 554 1340 540 1338 540 1251 552 1245 552 1225 552 930 536 928 536 926 536 924 536 908 548 875 536 873 536 871 536 754 546 754 601"/></Shape>
	    <String CONTENT="plus tost tenir/ ce q̃ le seigñr a enseigne de de¬"
                    HPOS="752"
                    VPOS="536"
                    WIDTH="1382"
                    HEIGHT="109"
                    WC="0.9872622361370161"></String>
          </TextLine>
          <TextLine ID="eSc_line_1d8a916a"
                    TAGREFS="LT8"
                    BASELINE="759 688 2134 700" 
                    HPOS="754"
                    VPOS="614"
                    WIDTH="1379"
                    HEIGHT="116">
            <Shape><Polygon POINTS="757 685 754 706 846 724 849 724 1039 712 1066 712 1069 712 1099 727 1102 727 1105 727 1283 718 1334 715 2127 730 2133 697 2127 620 1928 635 1856 620 1854 620 1851 620 1848 620 1827 635 1758 617 1752 617 1750 617 1747 617 1714 617 1473 632 1408 617 1390 614 1387 614 1354 617 1250 629 1227 617 1221 614 1218 614 1215 614 1194 617 1126 629 757 617 757 685"/></Shape>
	    <String CONTENT="mãder en oraison. * Ta uolunte soit faicte. Et"
                    HPOS="754"
                    VPOS="614"
                    WIDTH="1379"
                    HEIGHT="116"></String>
          </TextLine>
          <TextLine ID="eSc_line_b70770b7"
                    TAGREFS="LT8"
                    BASELINE="734 771 2126 785" 
                    HPOS="732"
                    VPOS="704"
                    WIDTH="1394"
                    HEIGHT="107">
            <Shape><Polygon POINTS="734 771 732 785 776 799 778 799 780 801 898 801 898 799 900 799 902 799 914 789 936 801 938 801 940 801 1328 793 1530 807 1532 807 1534 807 1570 797 1667 807 1669 807 1671 807 1694 797 1726 807 1728 807 1730 807 1823 799 1865 809 1867 809 1869 809 1871 809 1896 799 2088 811 2090 811 2092 811 2124 799 2126 785 2122 716 2041 728 1989 716 1983 714 1981 714 1979 714 1977 714 1973 716 1942 728 1922 716 1918 712 1916 712 1914 712 1740 712 1738 712 1736 712 1728 716 1706 724 1694 716 1688 710 1686 710 1684 710 1682 710 1680 710 1663 716 1633 724 1385 724 1362 716 1334 706 1332 706 1330 706 1328 706 1298 716 1281 720 1259 716 1219 706 1217 706 1215 706 1191 716 1178 720 1126 720 1120 716 1106 704 1104 704 1102 704 1100 704 1041 714 942 704 940 704 938 704 916 716 912 718 837 718 833 716 817 704 815 704 813 704 811 704 809 704 807 704 795 716 793 716 734 716 734 771"/></Shape>
	    <String CONTENT="celuy qui scrutine les cueurs/ scait q̃lle chose"
                    HPOS="732"
                    VPOS="704"
                    WIDTH="1394"
                    HEIGHT="107"
                    WC="0.9978544140855471"></String>
          </TextLine>
          <TextLine ID="eSc_line_9e38e710"
                    TAGREFS="LT8"
                    BASELINE="739 857 2124 865" 
                    HPOS="733"
                    VPOS="789"
                    WIDTH="1388"
                    HEIGHT="98">
            <Shape><Polygon POINTS="736 855 733 875 2115 887 2121 864 2118 804 736 789 736 855"/></Shape>
	    <String CONTENT="lesprit desire: car il demande a dieu pour les"
                    HPOS="733"
                    VPOS="789"
                    WIDTH="1388"
                    HEIGHT="98"
                    WC="0.9855089835498644"></String>
          </TextLine>
          <TextLine ID="eSc_line_1dbaaf4c"
                    TAGREFS="LT8"
                    BASELINE="741 946 2134 946" 
                    HPOS="739"
                    VPOS="875"
                    WIDTH="1394"
                    HEIGHT="98">
            <Shape><Polygon POINTS="739 944 739 973 2133 967 2133 944 2133 887 739 875 739 944"/></Shape>
	    <String CONTENT="sainctz. Il monstre urayemẽt que dieu ne con"
                    HPOS="739"
                    VPOS="875"
                    WIDTH="1394"
                    HEIGHT="98"
                    WC="0.9922328035036723"></String>
          </TextLine>
          <TextLine ID="eSc_line_e54b4fab"
                    TAGREFS="LT8"
                    BASELINE="748 1019 2136 1033" 
                    HPOS="748"
                    VPOS="962"
                    WIDTH="1388"
                    HEIGHT="98">
            <Shape><Polygon POINTS="748 1019 748 1045 1102 1041 1110 1047 1114 1051 1116 1051 1118 1051 1120 1051 1146 1047 1174 1043 1197 1047 1225 1053 1227 1053 1261 1047 1288 1043 1318 1047 1364 1055 1366 1055 1455 1049 1500 1045 1530 1049 1595 1057 1597 1057 1669 1049 1690 1047 1734 1049 1938 1060 1940 1060 2134 1049 2136 1033 2134 975 748 962 748 1019"/></Shape>
	    <String CONTENT="sidere pas tant noz parolles en loraison/ que"
                    HPOS="748"
                    VPOS="962"
                    WIDTH="1388"
                    HEIGHT="98"></String>
          </TextLine>
          <TextLine ID="eSc_line_f14c40b4"
                    TAGREFS="LT8"
                    BASELINE="744 1100 2130 1114" 
                    HPOS="744"
                    VPOS="1035"
                    WIDTH="1386"
                    HEIGHT="111">
            <Shape><Polygon POINTS="744 1100 744 1126 928 1120 987 1128 1039 1134 1041 1134 1077 1128 1108 1122 1120 1128 1136 1136 1138 1136 1140 1138 1269 1138 1269 1136 1310 1128 1336 1124 1393 1128 1480 1136 1482 1136 1516 1128 1532 1126 1577 1130 1734 1142 1736 1142 1973 1132 1989 1144 1991 1144 1993 1144 1995 1146 2092 1146 2092 1144 2094 1144 2128 1130 2130 1114 2130 1062 2063 1049 2061 1049 2059 1049 2057 1049 2043 1060 1997 1049 1995 1049 1993 1049 1940 1055 1926 1045 1924 1045 1922 1045 1920 1045 1918 1045 1874 1059 1694 1059 1694 1057 1665 1043 1663 1043 1661 1043 1599 1055 1581 1043 1579 1043 1577 1043 1508 1043 1506 1043 1504 1043 1465 1055 1463 1055 1423 1041 1421 1041 1419 1041 1348 1055 1340 1055 1336 1055 1300 1039 1298 1039 1257 1039 1255 1039 1253 1039 1251 1039 1251 1041 1235 1053 1235 1055 1142 1055 1138 1053 1104 1037 1102 1037 1057 1037 1055 1037 1053 1037 1051 1037 1035 1051 1033 1051 920 1051 920 1049 908 1039 906 1039 904 1039 902 1039 831 1049 829 1049 827 1049 809 1035 807 1035 805 1035 803 1035 744 1047 744 1100"/></Shape>
	    <String CONTENT="le cueur ⁊ la pensee. Car cest celuy qui scruti¬"
                    HPOS="744"
                    VPOS="1035"
                    WIDTH="1386"
                    HEIGHT="111"></String>
          </TextLine>
          <TextLine ID="eSc_line_83fadadf"
                    TAGREFS="LT8"
                    BASELINE="746 1185 2120 1195" 
                    HPOS="746"
                    VPOS="1118"
                    WIDTH="1374"
                    HEIGHT="105">
            <Shape><Polygon POINTS="746 1185 746 1207 989 1203 1031 1209 1081 1215 1083 1215 1084 1215 1086 1215 1094 1209 1100 1205 1294 1205 1318 1209 1364 1217 1366 1217 1435 1209 1457 1207 1478 1209 1572 1219 1574 1219 1576 1219 1599 1209 1621 1219 1623 1219 1625 1219 1748 1209 1756 1209 1758 1209 1770 1219 1772 1219 1774 1219 1775 1219 1845 1211 1918 1221 1920 1223 2086 1223 2086 1221 2088 1221 2118 1209 2120 1195 2118 1142 2055 1126 2053 1126 2051 1126 2005 1140 2003 1142 1896 1142 1894 1140 1878 1128 1876 1128 1874 1128 1872 1128 1698 1138 1688 1138 1686 1138 1673 1126 1673 1124 1671 1124 1669 1124 1667 1124 1611 1134 1572 1122 1570 1122 1459 1122 1457 1122 1455 1122 1415 1136 1387 1122 1385 1122 1383 1122 1312 1136 1306 1136 1300 1136 1253 1120 1251 1120 1249 1120 1176 1130 1160 1122 1158 1122 1156 1122 1154 1122 1130 1134 1104 1120 1102 1120 1100 1120 1098 1120 1065 1134 1061 1134 1057 1134 1001 1120 999 1120 910 1132 908 1132 906 1132 888 1118 887 1118 885 1118 883 1118 746 1130 746 1185"/></Shape>
	    <String CONTENT="ne les cueurs ⁊ les reins. Mais ce quil dit se¬"
                    HPOS="746"
                    VPOS="1118"
                    WIDTH="1374"
                    HEIGHT="105"
                    WC="0.9847466248147031"></String>
          </TextLine>
          <TextLine ID="eSc_line_cd433e58"
                    TAGREFS="LT8"
                    BASELINE="739 1273 1132 1270 2124 1282" 
                    HPOS="733"
                    VPOS="1190"
                    WIDTH="1388"
                    HEIGHT="116">
            <Shape><Polygon POINTS="736 1270 733 1291 2115 1306 2121 1279 2121 1217 1895 1217 1892 1214 1862 1199 1859 1199 1856 1199 1747 1211 1744 1211 1729 1199 1729 1196 1726 1196 1723 1196 1720 1196 1565 1211 1536 1211 1527 1208 1476 1193 1473 1193 1470 1193 1467 1193 1420 1208 1417 1208 1393 1193 1390 1193 1387 1193 1384 1193 1381 1193 1339 1208 1334 1208 1331 1208 1286 1193 1283 1193 1280 1193 1212 1205 1194 1208 1167 1205 1057 1190 1054 1190 736 1199 736 1270"/></Shape>
	    <String CONTENT="condemẽt * que lesprit faict la requeste: cest ce"
                    HPOS="733"
                    VPOS="1190"
                    WIDTH="1388"
                    HEIGHT="116"></String>
          </TextLine>
          <TextLine ID="eSc_line_b985c58e"
                    TAGREFS="LT8"
                    BASELINE="731 1355 2128 1363" 
                    HPOS="727"
                    VPOS="1291"
                    WIDTH="1400"
                    HEIGHT="101">
            <Shape><Polygon POINTS="730 1353 727 1392 2124 1392 2127 1362 2124 1291 730 1291 730 1353"/></Shape>
	    <String CONTENT="quil enseigne/ que grande dispẽsation est fai¬"
                    HPOS="727"
                    VPOS="1291"
                    WIDTH="1400"
                    HEIGHT="101"
                    WC="0.9853753612396565"></String>
          </TextLine>
          <TextLine ID="eSc_line_0d964516"
                    TAGREFS="LT8"
                    BASELINE="743 1441 1726 1441" 
                    HPOS="742"
                    VPOS="1377"
                    WIDTH="981"
                    HEIGHT="95">
            <Shape><Polygon POINTS="742 1440 742 1463 1720 1472 1723 1440 1723 1380 742 1377 742 1440"/></Shape>
	    <String CONTENT="cte es hõmes par le sainct esperit."
                    HPOS="742"
                    VPOS="1377"
                    WIDTH="981"
                    HEIGHT="95"></String>
          </TextLine>
          <TextLine ID="eSc_line_ae0bfae8"
                    TAGREFS="LT10"
                    BASELINE="879 1518 1981 1526" 
                    HPOS="873"
                    VPOS="1454"
                    WIDTH="1105"
                    HEIGHT="101">
            <Shape><Polygon POINTS="873 1540 903 1555 906 1555 909 1555 1975 1546 1978 1523 1975 1460 876 1454 876 1517"/></Shape>
	    <String CONTENT="¶ Hierosme sur lepistre ad Galatas/"
                    HPOS="873"
                    VPOS="1454"
                    WIDTH="1105"
                    HEIGHT="101"
                    WC="0.99333130972726"></String>
          </TextLine>
          <TextLine ID="eSc_line_64056701"
                    TAGREFS="LT10"
                    BASELINE="1015 1599 1847 1609" 
                    HPOS="1010"
                    VPOS="1535"
                    WIDTH="835"
                    HEIGHT="106">
            <Shape><Polygon POINTS="1010 1630 1839 1641 1845 1606 1842 1543 1013 1535 1013 1597"/></Shape>
	    <String CONTENT="au .ix. Tome/ au .ui. Chap̃."
                    HPOS="1010"
                    VPOS="1535"
                    WIDTH="835"
                    HEIGHT="106"></String>
          </TextLine>
          <TextLine ID="eSc_line_93f48938"
                    TAGREFS="LT8"
                    BASELINE="769 1683 2112 1696" 
                    HPOS="763"
                    VPOS="1615"
                    WIDTH="1346"
                    HEIGHT="113">
            <Shape><Polygon POINTS="766 1680 763 1713 2103 1728 2109 1695 2106 1630 766 1615 766 1680"/></Shape>
	    <String CONTENT="¶ Ung chascun urayemẽt portera sõ fardeau."
                    HPOS="763"
                    VPOS="1615"
                    WIDTH="1346"
                    HEIGHT="113"
                    WC="0.9875296706503088"></String>
          </TextLine>
          <TextLine ID="eSc_line_a035c36b"
                    TAGREFS="LT8"
                    BASELINE="756 1769 2124 1773" 
                    HPOS="754"
                    VPOS="1698"
                    WIDTH="1370"
                    HEIGHT="107">
            <Shape><Polygon POINTS="756 1769 754 1789 764 1799 764 1801 766 1801 768 1801 770 1801 772 1801 817 1789 875 1801 877 1801 879 1801 908 1791 1015 1801 1017 1801 1019 1801 1021 1801 1037 1789 1112 1799 1114 1799 1116 1799 1118 1799 1130 1789 1207 1789 1237 1801 1239 1801 1241 1801 1243 1801 1269 1789 1273 1789 1368 1789 1379 1799 1381 1799 1383 1799 1385 1799 1433 1789 1435 1789 1455 1801 1457 1801 1459 1801 1461 1801 1463 1801 1498 1791 1510 1803 1512 1803 1514 1803 1516 1803 1625 1791 1692 1803 1694 1805 2069 1805 2069 1803 2122 1791 2124 1773 2122 1720 2013 1708 2011 1708 1916 1716 1882 1718 1876 1716 1847 1700 1845 1700 1843 1700 1841 1700 1799 1714 1785 1720 1576 1720 1562 1710 1548 1700 1546 1700 1544 1700 1500 1700 1498 1700 1496 1700 1494 1700 1484 1708 1475 1718 1437 1708 1399 1698 1397 1698 1395 1698 1393 1698 1376 1706 1362 1714 1350 1706 1342 1700 1340 1700 1338 1700 1336 1700 1334 1700 1332 1700 1324 1706 1314 1712 1294 1706 1271 1698 1269 1698 1267 1698 1199 1704 1156 1708 1136 1704 1116 1698 1114 1698 1112 1698 1110 1698 1098 1702 1069 1714 1047 1702 1039 1698 1037 1698 1035 1698 1033 1698 1019 1702 962 1716 900 1700 894 1698 892 1698 756 1698 756 1769"/></Shape>
	    <String CONTENT="Il semble quil soit cõtraire a ce quil a dit de¬"
                    HPOS="754"
                    VPOS="1698"
                    WIDTH="1370"
                    HEIGHT="107"
                    WC="0.990897634807898"></String>
          </TextLine>
          <TextLine ID="eSc_line_4d3d8a68"
                    TAGREFS="LT8"
                    BASELINE="756 1852 1336 1850 2144 1862" 
                    HPOS="754"
                    VPOS="1779"
                    WIDTH="1390"
                    HEIGHT="111">
            <Shape><Polygon POINTS="756 1852 754 1872 871 1880 873 1880 928 1874 982 1868 1023 1874 1069 1882 1071 1882 1073 1882 1090 1874 1104 1870 1213 1870 1233 1876 1259 1884 1261 1884 1263 1884 1308 1876 1334 1872 1362 1876 1409 1884 1411 1884 1506 1878 1560 1874 1576 1878 1603 1886 1605 1886 1607 1886 1643 1878 1661 1874 1669 1878 1682 1888 1684 1888 1686 1888 1688 1888 1764 1878 1793 1876 1823 1880 1912 1890 1914 1890 1964 1880 1975 1878 1989 1880 2035 1890 2037 1890 2142 1880 2144 1862 2142 1805 2041 1789 2039 1789 1975 1803 1970 1805 1914 1805 1910 1803 1886 1789 1884 1789 1882 1789 1704 1801 1680 1801 1675 1801 1621 1785 1619 1785 1617 1785 1534 1799 1530 1799 1512 1785 1510 1785 1508 1785 1447 1783 1445 1783 1372 1793 1118 1781 1116 1781 1017 1795 1007 1795 999 1795 938 1779 936 1779 934 1779 892 1791 845 1779 843 1779 841 1779 839 1779 837 1779 817 1793 815 1793 756 1793 756 1852"/></Shape>
	    <String CONTENT="uãt/ la ou il dit. Portez les charges lũg de lau"
                    HPOS="754"
                    VPOS="1779"
                    WIDTH="1390"
                    HEIGHT="111"
                    WC="0.9795314121246338"></String>
          </TextLine>
          <TextLine ID="eSc_line_c17f687d"
                    TAGREFS="LT8"
                    BASELINE="756 1931 2140 1943" 
                    HPOS="754"
                    VPOS="1868"
                    WIDTH="1386"
                    HEIGHT="107">
            <Shape><Polygon POINTS="756 1931 754 1953 1245 1969 1247 1969 1352 1963 1437 1959 1461 1965 1482 1971 1484 1971 1486 1971 1560 1967 1649 1961 1690 1969 1716 1973 1718 1973 1750 1969 1805 1963 1876 1971 1910 1975 1912 1975 1914 1975 1920 1973 1936 1965 1979 1973 1993 1975 1995 1975 2015 1973 2100 1965 2134 1975 2140 1943 2138 1890 1954 1876 1952 1876 1950 1876 1926 1886 1924 1888 1920 1886 1896 1874 1894 1874 1892 1874 1890 1874 1859 1886 1857 1886 1849 1886 1752 1874 1750 1874 1698 1884 1684 1886 1671 1884 1619 1872 1617 1872 1615 1872 1593 1882 1589 1884 1425 1884 1421 1880 1393 1870 1391 1870 1263 1870 1261 1870 1259 1870 1243 1878 1235 1882 1154 1882 1150 1878 1140 1868 1138 1868 1136 1868 1134 1868 756 1872 756 1931"/></Shape>
	    <String CONTENT="tre. Car si ung chascun portera son fardeau:"
                    HPOS="754"
                    VPOS="1868"
                    WIDTH="1386"
                    HEIGHT="107"
                    WC="0.9962392557751049"></String>
          </TextLine>
          <TextLine ID="eSc_line_a7486beb"
                    TAGREFS="LT8"
                    BASELINE="758 2015 2132 2028" 
                    HPOS="756"
                    VPOS="1947"
                    WIDTH="1376"
                    HEIGHT="103">
            <Shape><Polygon POINTS="758 2015 756 2034 2128 2050 2132 2028 2130 1975 2009 1959 2007 1959 2005 1959 1970 1973 1968 1973 1966 1973 1938 1957 1936 1957 1934 1957 1932 1957 1896 1971 1894 1971 1847 1957 1845 1957 1843 1957 1841 1957 1807 1971 1803 1971 1700 1971 1698 1969 1665 1955 1663 1955 1661 1955 1583 1967 1574 1969 1570 1967 1544 1953 1542 1953 1421 1953 1419 1953 1417 1953 1395 1965 1391 1967 1383 1965 1338 1953 1336 1953 1334 1953 1332 1953 1302 1965 1300 1965 1273 1965 1241 1963 1227 1951 1225 1951 1223 1951 1221 1951 1170 1963 1160 1965 1156 1963 1134 1949 1132 1949 1130 1949 1128 1949 1126 1949 1124 1949 1106 1963 1104 1963 960 1963 958 1961 928 1947 926 1947 924 1947 922 1947 890 1959 887 1963 827 1963 823 1959 811 1949 811 1947 809 1947 807 1947 805 1947 758 1957 758 2015"/></Shape>
	    <String CONTENT="lung ne pourra porter la charge de lautre."
                    HPOS="756"
                    VPOS="1947"
                    WIDTH="1376"
                    HEIGHT="103"
                    WC="0.9980234574703943"></String>
          </TextLine>
          <TextLine ID="eSc_line_40de32cc"
                    TAGREFS="LT8"
                    BASELINE="764 2101 896 2098 2136 2112" 
                    HPOS="760"
                    VPOS="2019"
                    WIDTH="1373"
                    HEIGHT="121">
            <Shape><Polygon POINTS="763 2099 760 2119 2127 2140 2133 2111 2133 2036 915 2036 903 2033 831 2019 828 2019 763 2030 763 2099"/></Shape>
	    <String CONTENT="* Mais il fault ueoir quil a icy cõmande que"
                    HPOS="760"
                    VPOS="2019"
                    WIDTH="1373"
                    HEIGHT="121"></String>
          </TextLine>
          <TextLine ID="eSc_line_5dc1fcb6"
                    TAGREFS="LT8"
                    BASELINE="748 2183 2130 2193" 
                    HPOS="742"
                    VPOS="2108"
                    WIDTH="1385"
                    HEIGHT="109">
            <Shape><Polygon POINTS="745 2182 742 2206 2121 2217 2127 2191 2127 2131 1937 2114 1934 2114 1666 2125 1616 2111 1613 2111 1610 2111 1259 2122 1206 2108 1203 2108 1200 2108 745 2119 745 2182"/></Shape>
	    <String CONTENT="nous qͥ pechons en cese uie/ q̃ nous endurons"
                    HPOS="742"
                    VPOS="2108"
                    WIDTH="1385"
                    HEIGHT="109"
                    WC="0.9929442803064982"></String>
          </TextLine>
          <TextLine ID="eSc_line_ec44ed97"
                    TAGREFS="LT8"
                    BASELINE="764 2264 2130 2274" 
                    HPOS="760"
                    VPOS="2188"
                    WIDTH="1367"
                    HEIGHT="119">
            <Shape><Polygon POINTS="763 2262 760 2298 2121 2307 2127 2271 2124 2209 1247 2209 1215 2194 1206 2191 1203 2191 1200 2191 1134 2191 855 2203 763 2188 763 2262"/></Shape>
	    <String CONTENT="⁊ soustenons lung lautre: ⁊ que nous aidons"
                    HPOS="760"
                    VPOS="2188"
                    WIDTH="1367"
                    HEIGHT="119"></String>
          </TextLine>
          <TextLine ID="eSc_line_c4aa96ba"
                    TAGREFS="LT8"
                    BASELINE="777 2349 2142 2357" 
                    HPOS="772"
                    VPOS="2274"
                    WIDTH="1367"
                    HEIGHT="116">
            <Shape><Polygon POINTS="775 2348 772 2369 840 2387 843 2390 2136 2390 2139 2354 2139 2295 1735 2277 1732 2277 1729 2277 1699 2286 1681 2292 1669 2286 1648 2277 1646 2277 1643 2277 1640 2277 1604 2286 1574 2292 1530 2283 1488 2277 1485 2277 1482 2277 1479 2277 1470 2283 1455 2292 1438 2283 1420 2274 1417 2274 1414 2274 1411 2274 1381 2283 1354 2289 1137 2277 1036 2274 1033 2274 1030 2274 1025 2277 998 2289 962 2277 956 2274 953 2274 950 2274 938 2274 867 2289 775 2274 775 2348"/></Shape>
	    <String CONTENT="lung lautre en ce present siecle. Mais en lau¬"
                    HPOS="772"
                    VPOS="2274"
                    WIDTH="1367"
                    HEIGHT="116"
                    WC="0.9899871245674465"></String>
          </TextLine>
          <TextLine ID="eSc_line_07a61b6c"
                    TAGREFS="LT8"
                    BASELINE="775 2433 2138 2438" 
                    HPOS="769"
                    VPOS="2357"
                    WIDTH="1367"
                    HEIGHT="104">
            <Shape><Polygon POINTS="772 2431 769 2455 2130 2461 2136 2437 2133 2378 1542 2360 1539 2360 1536 2360 1533 2360 1515 2375 1509 2375 1443 2357 1441 2357 1438 2357 772 2369 772 2431"/></Shape>
	    <String CONTENT="tre lieu dit du iugemẽt du seigñr contre nous:"
                    HPOS="769"
                    VPOS="2357"
                    WIDTH="1367"
                    HEIGHT="104"
                    WC="0.9893537697692713"></String>
          </TextLine>
          <TextLine ID="eSc_line_027a3ce0"
                    TAGREFS="LT8"
                    BASELINE="758 2513 2144 2525" 
                    HPOS="756"
                    VPOS="2452"
                    WIDTH="1388"
                    HEIGHT="103">
            <Shape><Polygon POINTS="758 2513 756 2537 821 2545 823 2545 873 2539 926 2533 964 2541 995 2547 997 2547 1029 2541 1063 2535 1073 2543 1079 2547 1081 2547 1083 2547 1084 2547 1086 2547 1096 2543 1112 2535 1213 2535 1322 2545 1368 2549 1370 2549 1372 2549 1381 2547 1405 2537 1417 2547 1419 2549 1421 2549 1423 2549 1425 2549 1441 2547 1486 2539 1500 2547 1504 2551 1506 2551 1508 2551 1510 2551 1556 2549 1655 2541 1676 2549 1684 2553 1686 2553 1688 2555 1823 2555 1823 2553 1825 2553 1831 2551 1869 2541 1896 2551 1898 2551 1900 2551 1964 2543 1979 2553 1979 2555 1981 2555 1983 2555 1985 2555 1997 2555 2070 2543 2140 2555 2144 2525 2140 2460 2100 2474 1916 2474 1867 2460 1859 2458 1857 2458 1855 2458 1843 2460 1797 2470 1625 2470 1591 2460 1576 2456 1574 2456 1522 2456 1520 2456 1518 2456 1516 2456 1512 2460 1502 2468 1475 2460 1465 2458 1463 2458 1461 2458 1425 2460 1352 2466 1344 2460 1338 2454 1336 2454 1334 2454 1221 2452 1219 2452 1148 2460 1130 2462 1126 2460 1110 2452 1108 2452 1106 2452 758 2460 758 2513"/></Shape>
	    <String CONTENT="que nous serõs iugez pecheurs ou sainctz/ nõ"
                    HPOS="756"
                    VPOS="2452"
                    WIDTH="1388"
                    HEIGHT="103"
                    WC="0.9968885299952134"></String>
          </TextLine>
          <TextLine ID="eSc_line_25f5e47c"
                    TAGREFS="LT8"
                    BASELINE="760 2597 2146 2608" 
                    HPOS="760"
                    VPOS="2529"
                    WIDTH="1386"
                    HEIGHT="107">
            <Shape><Polygon POINTS="760 2597 760 2624 1118 2618 1144 2624 1154 2628 1156 2628 1158 2628 1178 2624 1213 2618 1231 2624 1245 2630 1247 2630 1249 2630 1286 2624 1324 2620 1427 2624 1564 2632 1566 2632 1607 2624 1625 2622 1629 2624 1637 2632 1639 2632 1641 2632 1809 2634 1811 2634 1892 2624 1908 2624 1912 2624 1944 2636 1946 2636 1948 2636 2144 2624 2146 2608 2142 2543 2043 2551 1958 2541 1926 2539 1924 2539 1922 2539 1910 2541 1878 2549 1849 2541 1829 2537 1827 2537 1825 2537 1823 2537 1821 2537 1815 2541 1803 2549 1744 2541 1720 2539 1718 2539 1716 2539 1708 2541 1688 2549 1585 2541 1548 2539 1546 2539 1544 2539 1534 2541 1510 2547 1488 2541 1469 2535 1467 2535 1465 2535 1405 2541 1362 2545 1350 2541 1334 2535 1332 2535 1330 2535 1328 2535 1314 2541 1304 2545 1294 2541 1279 2533 1277 2533 1275 2533 1178 2541 1140 2543 1134 2541 1114 2531 1112 2531 1110 2531 1007 2539 970 2529 968 2529 966 2529 908 2541 902 2541 898 2541 869 2529 867 2529 865 2529 863 2529 835 2541 831 2541 760 2541 760 2597"/></Shape>
	    <String CONTENT="point par le peche dautruy/ ne par la cõpara¬"
                    HPOS="760"
                    VPOS="2529"
                    WIDTH="1386"
                    HEIGHT="107"
                    WC="0.9842064678668976"></String>
          </TextLine>
          <TextLine ID="eSc_line_8f66bc41"
                    TAGREFS="LT8"
                    BASELINE="758 2680 2144 2690" 
                    HPOS="756"
                    VPOS="2614"
                    WIDTH="1388"
                    HEIGHT="99">
            <Shape><Polygon POINTS="758 2680 756 2699 2140 2713 2144 2690 2142 2638 2013 2638 2011 2634 1997 2624 1997 2622 1995 2622 1993 2622 1991 2622 1989 2622 1987 2622 1970 2634 1964 2638 1876 2638 1859 2632 1815 2622 1813 2622 1811 2622 1809 2622 1797 2632 1791 2636 1692 2636 1673 2628 1643 2620 1641 2620 1639 2620 1568 2628 1520 2632 1510 2626 1498 2618 1496 2618 1494 2618 1492 2618 1490 2618 1473 2626 1459 2632 1445 2624 1431 2618 1429 2618 1267 2616 1265 2616 1263 2616 1261 2616 1253 2622 1245 2628 1229 2622 1219 2618 1217 2618 1215 2618 1191 2620 1126 2630 1077 2618 1071 2618 1069 2618 1067 2618 1065 2618 1037 2628 1015 2618 1011 2616 1009 2616 1007 2616 997 2618 966 2624 922 2616 908 2614 906 2614 892 2616 833 2626 758 2614 758 2680"/></Shape>
	    <String CONTENT="tion du pire: mais selon nostre oeuure: en rece¬"
                    HPOS="756"
                    VPOS="2614"
                    WIDTH="1388"
                    HEIGHT="99"
                    WC="0.999940904478232"></String>
          </TextLine>
          <TextLine ID="eSc_line_7308976a"
                    TAGREFS="LT8"
                    BASELINE="758 2761 2134 2773" 
                    HPOS="756"
                    VPOS="2694"
                    WIDTH="1378"
                    HEIGHT="110">
            <Shape><Polygon POINTS="758 2761 756 2779 833 2794 835 2794 962 2783 978 2783 982 2785 1015 2796 1017 2796 1019 2796 1227 2789 1288 2787 1306 2791 1348 2798 1350 2798 1387 2791 1411 2787 1425 2792 1447 2800 1449 2800 1451 2800 1562 2794 1675 2789 1744 2798 1768 2800 1770 2800 1772 2800 1779 2798 1807 2791 1863 2800 1869 2800 1871 2800 1878 2800 1964 2792 1997 2802 2003 2804 2005 2804 2007 2804 2019 2802 2080 2792 2128 2804 2134 2773 2128 2703 2082 2719 1930 2703 1900 2701 1898 2701 1896 2701 1890 2703 1863 2717 1579 2717 1568 2705 1562 2701 1562 2699 1560 2699 1558 2699 1556 2699 1554 2699 1530 2705 1492 2715 1455 2705 1423 2697 1421 2697 1419 2697 1332 2705 1257 2713 1241 2707 1217 2696 1215 2696 1114 2696 1112 2696 1110 2696 1108 2696 1090 2707 1083 2711 1075 2707 1061 2701 1059 2701 1057 2701 1055 2701 1031 2707 1015 2711 1007 2707 985 2694 984 2694 982 2694 980 2694 758 2707 758 2761"/></Shape>
	    <String CONTENT="uant ung chascun selon son oeuure. Cõbien q̃"
                    HPOS="756"
                    VPOS="2694"
                    WIDTH="1378"
                    HEIGHT="110"
                    WC="0.9786714421378242"></String>
          </TextLine>
          <TextLine ID="eSc_line_0d4b0b9b"
                    TAGREFS="LT8"
                    BASELINE="756 2844 2130 2856" 
                    HPOS="754"
                    VPOS="2781"
                    WIDTH="1376"
                    HEIGHT="107">
            <Shape><Polygon POINTS="756 2844 754 2874 918 2866 940 2876 944 2878 946 2878 948 2878 984 2876 1122 2868 1166 2876 1178 2878 1180 2878 1182 2878 1187 2876 1209 2868 1231 2876 1249 2882 1251 2882 1253 2882 1328 2876 1401 2870 1417 2876 1427 2880 1429 2880 1431 2880 1576 2876 1639 2874 1645 2876 1671 2886 1673 2886 1675 2886 2035 2876 2092 2888 2094 2888 2096 2888 2128 2874 2130 2856 2130 2806 2092 2791 2090 2791 2088 2791 2011 2804 2009 2804 1851 2804 1847 2804 1795 2789 1793 2789 1791 2789 1789 2789 1787 2789 1772 2800 1694 2789 1692 2789 1597 2796 1576 2787 1574 2787 1572 2787 1455 2800 1441 2800 1417 2800 1187 2783 1185 2783 1183 2783 1128 2796 1126 2796 1124 2796 1069 2787 1067 2787 1065 2787 1063 2787 1051 2796 1047 2796 984 2781 982 2781 980 2781 936 2794 756 2794 756 2844"/></Shape>
	    <String CONTENT="nous soyons obscurement enseignez par ceste"
                    HPOS="754"
                    VPOS="2781"
                    WIDTH="1376"
                    HEIGHT="107"
                    WC="0.9995964765548706"></String>
          </TextLine>
          <TextLine ID="eSc_line_855e4d41"
                    TAGREFS="LT8"
                    BASELINE="762 2929 2120 2939" 
                    HPOS="760"
                    VPOS="2862"
                    WIDTH="1360"
                    HEIGHT="126">
            <Shape><Polygon POINTS="762 2929 760 2979 845 2983 847 2983 849 2983 851 2983 855 2979 875 2965 932 2965 960 2979 962 2979 964 2979 966 2979 972 2979 1019 2969 1031 2979 1037 2983 1037 2985 1039 2985 1041 2985 1043 2986 1104 2986 1104 2985 1106 2985 1126 2977 1154 2967 1205 2967 1243 2977 1265 2983 1267 2983 1269 2983 1271 2983 1284 2977 1304 2967 1356 2967 1370 2977 1383 2986 1385 2986 1387 2986 1389 2988 1494 2988 1494 2986 1496 2986 1518 2975 1524 2971 1528 2975 1540 2985 1542 2985 1544 2985 1734 2988 1736 2988 1829 2973 1849 2971 1997 2971 1999 2973 2029 2988 2031 2988 2033 2988 2118 2971 2120 2939 2118 2882 2045 2870 2043 2870 1894 2878 1849 2880 1843 2878 1825 2868 1823 2868 1821 2868 1659 2874 1579 2878 1570 2874 1562 2868 1560 2868 1558 2868 1556 2868 1409 2872 1302 2874 1294 2870 1281 2864 1279 2864 1277 2864 1229 2870 1187 2874 1178 2868 1172 2864 1170 2864 1168 2864 1166 2864 1120 2868 1055 2874 1027 2866 1011 2862 1009 2862 1007 2862 1005 2862 991 2866 972 2872 762 2864 762 2929"/></Shape>
	    <String CONTENT="sentẽce dune nouuelle doctrine qͥ est abscõsee:"
                    HPOS="760"
                    VPOS="2862"
                    WIDTH="1360"
                    HEIGHT="126"></String>
          </TextLine>
        </TextBlock>
        <TextBlock HPOS="455"
                   VPOS="626"
                   WIDTH="294"
                   HEIGHT="93"
                   ID="eSc_textblock_f517f7a6"
                   TAGREFS="BT13">
          <Shape><Polygon POINTS="455 626 455 719 749 719 749 626"/></Shape>
          <TextLine ID="eSc_line_7c0fe230"
                    TAGREFS="LT8"
                    BASELINE="463 686 747 688" 
                    HPOS="460"
                    VPOS="602"
                    WIDTH="285"
                    HEIGHT="128">
            <Shape><Polygon POINTS="460 685 460 715 742 730 745 685 745 611 460 602 460 685"/></Shape>
	    <String CONTENT="mat.6.b."
                    HPOS="460"
                    VPOS="602"
                    WIDTH="285"
                    HEIGHT="128"
                    WC="0.9952951818704605"></String>
          </TextLine>
        </TextBlock>
        <TextBlock HPOS="454"
                   VPOS="794"
                   WIDTH="266"
                   HEIGHT="184"
                   ID="eSc_textblock_a3d962ed"
                   TAGREFS="BT13">
          <Shape><Polygon POINTS="454 794 454 978 720 978 720 794"/></Shape>
          <TextLine ID="eSc_line_da385d6c"
                    TAGREFS="LT8"
                    BASELINE="465 855 680 856" 
                    HPOS="460"
                    VPOS="777"
                    WIDTH="217"
                    HEIGHT="104">
            <Shape><Polygon POINTS="463 852 460 881 674 881 677 855 674 777 463 783 463 852"/></Shape>
	    <String CONTENT="Ro.8.e"
                    HPOS="460"
                    VPOS="777"
                    WIDTH="217"
                    HEIGHT="104"
                    WC="0.9994087020556132"></String>
          </TextLine>
          <TextLine ID="eSc_line_8085d862"
                    TAGREFS="LT8"
                    BASELINE="461 946 716 946" 
                    HPOS="460"
                    VPOS="864"
                    WIDTH="253"
                    HEIGHT="115">
            <Shape><Polygon POINTS="460 944 460 979 713 970 713 944 713 872 460 864 460 944"/></Shape>
	    <String CONTENT="hier̃.17.b"
                    HPOS="460"
                    VPOS="864"
                    WIDTH="253"
                    HEIGHT="115"
                    WC="0.9752642929553985"></String>
          </TextLine>
        </TextBlock>
        <TextBlock HPOS="430"
                   VPOS="1201"
                   WIDTH="327"
                   HEIGHT="516"
                   ID="eSc_textblock_41df2590"
                   TAGREFS="BT13">
          <Shape><Polygon POINTS="430 1201 453 1711 757 1717 757 1607 755 1533 725 1465 710 1352 724 1203"/></Shape>
          <TextLine ID="eSc_line_11fda0ff"
                    TAGREFS="LT8"
                    BASELINE="457 1276 698 1274" 
                    HPOS="454"
                    VPOS="1181"
                    WIDTH="241"
                    HEIGHT="128">
            <Shape><Polygon POINTS="454 1273 454 1309 695 1303 695 1273 692 1181 454 1193 454 1273"/></Shape>
	    <String CONTENT="Lesprit"
                    HPOS="454"
                    VPOS="1181"
                    WIDTH="241"
                    HEIGHT="128"></String>
          </TextLine>
          <TextLine ID="eSc_line_aa24f719"
                    TAGREFS="LT8"
                    BASELINE="449 1353 667 1354" 
                    HPOS="445"
                    VPOS="1282"
                    WIDTH="220"
                    HEIGHT="101">
            <Shape><Polygon POINTS="448 1350 445 1371 659 1383 665 1353 662 1282 448 1294 448 1350"/></Shape>
	    <String CONTENT="mesme"
                    HPOS="445"
                    VPOS="1282"
                    WIDTH="220"
                    HEIGHT="101"
                    WC="0.9999996662139893"></String>
          </TextLine>
          <TextLine ID="eSc_line_cc579d9a"
                    TAGREFS="LT8"
                    BASELINE="453 1441 708 1441" 
                    HPOS="451"
                    VPOS="1356"
                    WIDTH="256"
                    HEIGHT="116">
            <Shape><Polygon POINTS="451 1440 451 1472 707 1466 707 1440 704 1356 451 1359 451 1440"/></Shape>
	    <String CONTENT="faict la"
                    HPOS="451"
                    VPOS="1356"
                    WIDTH="256"
                    HEIGHT="116"
                    WC="0.9999987632036209"></String>
          </TextLine>
          <TextLine ID="eSc_line_78cb85f7"
                    TAGREFS="LT8"
                    BASELINE="463 1520 739 1518" 
                    HPOS="460"
                    VPOS="1445"
                    WIDTH="276"
                    HEIGHT="98">
            <Shape><Polygon POINTS="460 1517 460 1543 736 1538 736 1517 733 1445 460 1448 460 1517"/></Shape>
	    <String CONTENT="requeste"
                    HPOS="460"
                    VPOS="1445"
                    WIDTH="276"
                    HEIGHT="98"
                    WC="0.999977208673954"></String>
          </TextLine>
          <TextLine ID="eSc_line_d5034d3f"
                    TAGREFS="LT8"
                    BASELINE="485 1595 746 1601" 
                    HPOS="481"
                    VPOS="1523"
                    WIDTH="264"
                    HEIGHT="104">
            <Shape><Polygon POINTS="484 1594 481 1624 739 1627 745 1600 745 1546 707 1526 704 1526 701 1526 698 1526 644 1543 641 1543 638 1543 597 1523 594 1523 591 1523 484 1535 484 1594"/></Shape>
	    <String CONTENT="poͬ noꝰ."
                    HPOS="481"
                    VPOS="1523"
                    WIDTH="264"
                    HEIGHT="104"></String>
          </TextLine>
          <TextLine ID="eSc_line_180c7787"
                    TAGREFS="LT8"
                    BASELINE="473 1680 748 1683" 
                    HPOS="469"
                    VPOS="1606"
                    WIDTH="276"
                    HEIGHT="130">
            <Shape><Polygon POINTS="472 1677 469 1725 493 1736 496 1736 499 1736 502 1736 505 1736 519 1725 537 1713 597 1713 739 1736 745 1680 739 1606 472 1612 472 1677"/></Shape>
	    <String CONTENT="Gał.6a"
                    HPOS="469"
                    VPOS="1606"
                    WIDTH="276"
                    HEIGHT="130"
                    WC="0.9999711910883585"></String>
          </TextLine>
        </TextBlock>
        <TextBlock HPOS="435"
                   VPOS="2030"
                   WIDTH="328"
                   HEIGHT="454"
                   ID="eSc_textblock_936a5edd"
                   TAGREFS="BT13">
          <Shape><Polygon POINTS="435 2030 445 2484 763 2472 763 2329 752 2288 737 2203 763 2030"/></Shape>
          <TextLine ID="eSc_line_a292ad17"
                    TAGREFS="LT8"
                    BASELINE="453 2108 745 2101" 
                    HPOS="448"
                    VPOS="2013"
                    WIDTH="294"
                    HEIGHT="121">
            <Shape><Polygon POINTS="451 2105 451 2134 742 2125 742 2099 733 2013 448 2022 451 2105"/></Shape>
	    <String CONTENT="Noꝰ pou¬"
                    HPOS="448"
                    VPOS="2013"
                    WIDTH="294"
                    HEIGHT="121"
                    WC="0.9698576033115387"></String>
          </TextLine>
          <TextLine ID="eSc_line_ded8f364"
                    TAGREFS="LT8"
                    BASELINE="453 2181 733 2183" 
                    HPOS="448"
                    VPOS="2108"
                    WIDTH="282"
                    HEIGHT="98">
            <Shape><Polygon POINTS="451 2179 448 2206 727 2200 730 2182 724 2108 451 2114 451 2179"/></Shape>
	    <String CONTENT="uons ai¬"
                    HPOS="448"
                    VPOS="2108"
                    WIDTH="282"
                    HEIGHT="98"
                    WC="0.9506978318095207"></String>
          </TextLine>
          <TextLine ID="eSc_line_e183b1f3"
                    TAGREFS="LT8"
                    BASELINE="461 2262 738 2264" 
                    HPOS="457"
                    VPOS="2182"
                    WIDTH="279"
                    HEIGHT="113">
            <Shape><Polygon POINTS="460 2259 457 2280 730 2295 736 2262 733 2188 460 2182 460 2259"/></Shape>
	    <String CONTENT="der lung"
                    HPOS="457"
                    VPOS="2182"
                    WIDTH="279"
                    HEIGHT="113"
                    WC="0.9766475558280945"></String>
          </TextLine>
          <TextLine ID="eSc_line_ebed2363"
                    TAGREFS="LT8"
                    BASELINE="463 2347 756 2349" 
                    HPOS="457"
                    VPOS="2271"
                    WIDTH="297"
                    HEIGHT="113">
            <Shape><Polygon POINTS="460 2345 457 2369 472 2381 475 2381 478 2381 481 2384 751 2384 754 2348 754 2283 460 2271 460 2345"/></Shape>
	    <String CONTENT="lautre en"
                    HPOS="457"
                    VPOS="2271"
                    WIDTH="297"
                    HEIGHT="113"
                    WC="0.9929255379570855"></String>
          </TextLine>
          <TextLine ID="eSc_line_d45cda37"
                    TAGREFS="LT8"
                    BASELINE="467 2432 754 2433" 
                    HPOS="466"
                    VPOS="2354"
                    WIDTH="285"
                    HEIGHT="116">
            <Shape><Polygon POINTS="466 2431 466 2470 751 2464 751 2431 751 2372 561 2354 558 2354 466 2369 466 2431"/></Shape>
	    <String CONTENT="ceste uie."
                    HPOS="466"
                    VPOS="2354"
                    WIDTH="285"
                    HEIGHT="116"
                    WC="0.9990970373153687"></String>
          </TextLine>
        </TextBlock>
        <TextBlock HPOS="1743"
                   VPOS="2968"
                   WIDTH="392"
                   HEIGHT="96"
                   ID="eSc_textblock_2a676b64"
                   TAGREFS="BT17">
          <Shape><Polygon POINTS="1743 2968 1743 3064 2135 3064 2135 2968"/></Shape>
          <TextLine ID="eSc_line_e2d2ae83"
                    TAGREFS="LT8"
                    BASELINE="1756 3028 2126 3024" 
                    HPOS="1754"
                    VPOS="2955"
                    WIDTH="372"
                    HEIGHT="111">
            <Shape><Polygon POINTS="1756 3028 1758 3066 1803 3054 1914 3066 1932 3066 1934 3066 1936 3066 1938 3066 1938 3064 1952 3050 2124 3062 2126 3024 2120 2967 1989 2971 1985 2969 1962 2955 1960 2955 1958 2955 1956 2955 1849 2957 1754 2975 1756 3028"/></Shape>
	    <String CONTENT="cestassauoir"
                    HPOS="1754"
                    VPOS="2955"
                    WIDTH="372"
                    HEIGHT="111"
                    WC="0.9989093939463297"></String>
          </TextLine>
        </TextBlock>
      </PrintSpace>
    </Page>
  </Layout>
</alto>
