2267 3563
136 308 1428 129 cestascauoir fãdis que nous sommes en ce pre

142 385 1394 143 sent siecle/ nous pouuõs aider lung lautre or¬

142 466 1382 130 par oraisõs ou par cõseilz.7 Mais quãt nous

154 546 1361 136 serons ue nu deuant le Throsne de Christ: il

142 644 1373 119 ny aura ne Iob ne Daniel/ ne Noe/ qui puis¬

142 730 1379 113 sent prier pour aucun mais fauldra ung cha¬

152 817 762 117 seun porter son fardeau.

390 896 892 115 ¶ Bernard au .u. sermon/ au

433 983 824 101 cõmencement de la ieune.

151 1039 1379 136 ¶ Certes ie croy q̃ les petitiõs du cueur consi¬

148 1140 1382 130 stẽt en troys choses: ⁊ ne uoy pas quelle chose

145 1211 1373 139 ung esleu q̃l qͥl soit doibue demãder poͬ soy/

148 1303 1379 125 sinon ces troys choses.◊ Et les deux sõt poͬce

145 1377 1391 128 tẽps icy: cestadire/ les biẽs du corps ⁊ de lame:

145 1463 1405 122 ⁊ le troiziesme est la beatitude de la uie eterned

148 1538 1420 139 le. Et ne soys pas esmerueille q̃ iax dit que les

148 1630 1432 133 biẽs du corps doibuẽt efrre demandez de dieu:

157 1719 1423 115 car toꝰ les ueẽs corporelz sont de luy/ cõme les

160 1790 1402 125 biẽs spirituelz. De luy dõc debuõs noꝰ demam

157 1888 1390 116 der ⁊ esperer ce dequoy noꝰrnssõs estre sustemn

150 1969 1388 125 tez en son seruice. Mais toutesfoys noꝰ fault

145 2060 1376 122 plus souuẽt prier pour les necessitez de lame/

152 2135 1384 125 ⁊ plus fermemẽt/ cestadire/ poͬ obtenir la gra¬

148 2218 1392 119 ce de dieu/ ⁊ les uertus de lame. Ainsi pareille¬

154 2304 1400 120 ment nous fault il prier de toute nostre foy ⁊

162 2383 1406 120 de tout nostre desie/ oour la uie eternelle: affin

158 2462 1427 131 q̃ la beatitude du corps ⁊ de lame soit plaine

158 2547 1425 129 ⁊ parfaicte. Parquoy affin que en ces troys

156 2630 1425 131 choses soyent les petitions du cueur/ on doibt

154 2710 1420 140 garder troys choses.? Car aussi coustumiere¬

154 2785 1399 145 mẽt nous surprẽt superfluite en la premiere/ ⁊

148 2871 1391 187 en la secõde imprrrete/ ⁊ aucunesfoys elaton

344 166 1113 150 De oranon. Chap̃.xui.

1539 157 234 131 266

1553 374 312 112 2.cor.5.b

1568 463 297 118 Quant

1530 561 326 92 nous se¬

1530 629 294 95 ront de¬

1536 709 297 110 uãt le iu

1524 805 303 99 gemẽt de

1514 876 260 111 Christ/

1508 962 309 108 nulz sa¬

1542 1051 258 98 inctz ne

1542 1128 264 110 pourrõt

1536 1208 282 122 prier poͬ

1539 1309 202 80 nous.

1556 1374 280 107 Les trois

1571 1460 277 110 choses q̃

1586 1546 273 92 noꝰ deb¬

1598 1633 264 95 uons de¬

1592 1722 238 86 mander

1577 1796 235 104 de dieu.

1565 1888 241 98 Ro.11.d

1547 2019 271 166 Ps̈.16.d.

989 2967 553 132 Hh .ii. ⁊ orgueil

1622 2669 196 142 Troys

1568 2799 217 89 empes-

1553 2871 265 148 chemens
