2267 3563
1156 164 560 128 De la labeur

763 282 1376 130 ⁊ orgueil en la troixiesme. Car aucunesfoys

769 391 1370 110 les biẽs tẽporelz se demãdent selõ la uolunte:

762 477 1386 99 ⁊ les uertus pour ostẽtation ou uaine gloire.

750 556 1398 105 Mais aussi par aduẽture aucũs ne demãdẽt

736 647 1412 91 pas la uie eternelle en humilite: mais cõe en la

730 728 1410 103 cõfidẽce de leurs merites. Et ne dis point ceste

728 809 1410 101 chose/ de ce q̃ la grace receue ne dõne cõfidence

740 892 1396 105 de prier: mais il ne fault pas q̃ q̃lcun en iceulx

748 975 1404 101 merites ait la fiãce destre exauce: ⁊ ces dõs p̃ce

758 1055 1388 106 dens icy cõferẽt seullemẽt qͥlz en esperẽt/ aussi

748 1138 1388 105 ꝑ icelle misericorde qͥ les a dõne des plꝰ grãdz.

732 1219 1406 111 Que loraison dõc qͥ est poͬ les choses tẽporel¬

730 1308 1408 103 les soit retraincte seulemẽt poͬ les necessitez.

748 1389 1402 103 Et q̃ loraison qͥ se faict poͬ les uertus de lame

768 1470 1376 103 soit libre de toute souillure/ ⁊ seullemẽt enten¬

762 1547 1376 107 dãt enuers le bon plaisir de dieu. Pareillemẽt

756 1635 1380 104 celle qui se faict poͬ la uie eternelle soit en tou

762 1718 1378 107 te humilite/ soy presumant (comme il est con¬

760 1801 1184 111 uenable) de la seule miseration diuine.

885 1959 1123 178 ¶ De la labeur des

968 2110 948 134 mains. Chap̃.xuii.

1120 2282 638 128 ¶ Gene.3.C.

1060 2390 1082 139 N la sueur de ton uisage tu

1063 2511 1076 152 mengeras ton pain: iusques

1071 2638 1063 123 a ce que tu retourne en la ter

762 2743 1364 133 re/ de laq̃lle tu as este prins car tu es

752 2868 1287 132 pouldre ⁊ en pouldre retourneras.

757 2387 318 359 E

481 270 270 136 de nostre

484 377 267 115 oraison.

1831 2975 295 130 Iob.5.A.
