2267 3563
323 163 1088 166 des matns. Cha.xui.

151 329 1376 140 Iob.5.A. ¶ Lhõme est naiz pour

150 441 1190 129 labourer/ ⁊ loyseau pour uoler.

154 552 1362 132 Psal.127.A. ¶ Car tu mẽgeras

146 671 1370 124 les labeurs de tes mains: tu es bien

142 781 1024 139 heureux/ ⁊ bien te uiendra.

158 894 1360 125 1.Corin.4. C. ¶ Nous labou¬

150 1015 1340 133 rons en besongnant de noz mains.

144 1132 1378 152 Ephe.4.F. ¶ Celuy qͥ desroboit/

140 1258 1382 135 maintenant quil ne desrobe plus:

144 1377 1382 129 mais que plus tost il besongne en

144 1486 1388 131 ouurant de ses mains ce qui est bon:

146 1601 1408 142 affin quil ait pour boillerla necessi¬

166 1718 1017 130 te a celuy qui en a affaire.

164 1823 1368 146 2.Thessa.7.B L ¶ Uous sca¬

154 1949 1376 131 uez commẽt il fault que uous nous

148 2058 1380 137 ensuyuez: car nous ne auons pas

152 2183 1384 128 este entre uous oyseux: et nauons

164 2294 1392 124 point menge le pain daucun pour

168 2407 1378 126 neant: mais en laueur ⁊ trauail/ ou¬

162 2525 1380 131 urant nuict ⁊ iour/ affin que ne gre¬

164 2632 1402 135 uisstons aucuns dentre uous. Non

168 2747 1394 139 pas que nous ne ayons eu la puis¬

172 2868 1380 136 sance: mais affin de nous donner

1546 207 178 109 207

841 2971 707 116 Hh .iii. nous mesmes
