2267 3563
732 322 1372 137 nous mesmes pour exẽple a uous/

728 441 1392 138 pour nous ensuyure. Car aussi quãt

710 560 1400 130 nous estions auec uous/ nous uous

702 671 1406 134 annoncions ces choses: que si au¬

702 787 1398 139 cun ne ueult pas ouurer/ quil ne mẽ¬

722 910 489 125 ge point/ ⁊c.

908 1031 1014 115 ¶ Augustin au liure de louuraige

1156 1118 453 99 des Moines.

710 1217 1386 119 ¶ Par ce urayement q̃ par le droict du seigñe

704 1300 1405 107 estoit deu aux bõs euãgelistes/ non pas euan

716 1380 1396 128 gelisãs uoͬ ce droict/ mais a ceulx qͥ q̃roient le

742 1476 1362 97 royaume de dieu: q̃ toutes choses leur estoient

742 1555 1354 105 dõnees: les autres en prenoient occasion/ aus¬

742 1633 1366 108 quelz lapostre dit. Ceulx aussi certainemẽt ne

742 1718 1372 111 seruent pas a dieu/ mais a leur uentre/ aus¬

732 1803 1390 107 quelz lapostre uouloit oster ceste occasion: tel¬

728 1882 1388 113 lemẽt aussi quil delaissoit ce que iustemẽt luy

722 1965 1392 113 estoit deu. Et le mõstre aper tememt kery mesme

719 2051 1381 113 en la seconde epistre aux Corinthiẽs/ ͬdisant

706 2135 1392 109 que ses necessitez luy on este baillees des au¬

710 2218 1396 107 tres eglises. Car commelͬ appert/ il estoit ue

728 2300 1376 116 nu a si grande indigẽce: que ses necessitez luy

730 2385 1388 107 estoient enuoyees des eglises loingtaines: la

734 2468 1384 107 ou toutesfoys ne prenoit riens de ceulx auec

730 2549 556 115 lesquelz il estoit.

971 2627 891 125 ¶ Du dixseptiesme chapitre.

754 2713 1349 122 ¶ Ie desire de scauoir q̃lle chose fõt ceulx qui

742 2814 1349 98 ne ueullẽt pas ouurer corporellemẽt/ ⁊ a quoy

727 2894 1355 128 ilz passent le tẽps. Ilz diẽt quilz le passent en

1128 182 564 128 De la labeur

419 1260 258 109 poͬquoy

425 1353 262 86 Paul ne

437 1429 244 85 uoulut

449 1504 261 103 pas pren

445 1593 242 87 dre les

442 1662 288 131 aulmos¬

447 1767 150 91 nes.

412 2033 292 158 2.cor.11.c

430 2627 309 119 cõtre les

418 2725 318 122 oyseux qͥ

418 2814 306 95 ne ueul¬

430 2897 277 98 lent pas

448 2984 265 103 labourer

1772 2981 316 112 oraisons/
