2267 3563
338 163 1108 157 des mains. Cha.xuii.

156 304 1380 115 oraisons/ ⁊ en lecture/ ⁊ en la parolle de dieu.

158 397 1370 105 Cest urayement une saincte uie ⁊ louable/ en

166 475 1364 116 la suauite de Christ. Mais si nous ne noꝰ deb

166 564 1372 109 uõs iamais retirer de telle chose/ aussi ne fault

164 643 1364 119 il pas mẽger/ ⁊ si ne fault point tous les ioͬs

156 730 1374 109 preparer les uiandes poͬ les mettre deuãt les

154 804 1373 128 hõmes ⁊ pour les mẽger. * Mais si la necessi¬

154 884 1373 116 te de ceste infirmite cõstrainct les seruiteͬs de

154 988 1373 92 dieu pour aucuns certains tẽps de uacquer a

148 1048 1385 118 telles choses: pourquoy aussi ne deputõs noꝰ

148 1140 1385 124 point aucunes parties du tẽps poͬ obseruer les

148 1217 1385 125 cõmandemens des apostres? Car plus tost est

148 1312 1385 104 exaulcee une oraison de lobeissant/ q̃ dix mil¬

151 1383 1382 116 les du contẽnant. Mais aussi les diuins can

154 1478 1379 104 tiques se peuuẽt bien chãter en besongnãt des

154 1559 1410 113 mains: ⁊ ceste labeur peult bien estre ꝯsolee cõ¬

154 1633 1426 121 me par une diuine chanson. Ignorons nous q̃

172 1731 1402 92 les ouuriers mecanicques dõnẽt leurs cueurs

174 1807 1394 111 ⁊ leurs langues a diuerses uanitez/ ⁊ le plus

174 1892 1386 109 souuent aux sables ⁊ chansons uaines ⁊ des¬

166 1979 1388 105 honnestes/ ⁊ toutesfoys ne cessent point dou¬

160 2063 1387 98 urer de leurs mains? Quelle chose donc empe

166 2134 1381 128 sche le seruiteur de dieu qui besongne de ses

166 2224 1410 113 mains/ de mediter en la loy du seigneur/ et de

170 2310 1404 110 chãter au nom du seigñr souuerain: tellement

184 2397 1380 101 quil faille quil aye temps ordonne pour dire

180 2476 1372 111 les choses quil ueult recoler en sa memoire?

174 2561 1400 105 Car aussi dauantaige les bõnes oeuures des

178 2638 1401 109 fideles ne doibuent pas deffaillir a subuenir

178 2725 1399 113 aux necessitez: affin q̃ le tẽps auquel ont este

176 2808 1394 101 empesche poͬ instruire lentendemẽt/ tellement

176 2893 1390 117 que les oeuures corporelles ce tẽps pendant ne

1550 163 244 142 268

1542 798 276 101 noꝰ uou¬

1542 887 267 98 lõs lire

1542 967 282 104 les escri¬

1547 1059 247 104 ptures/

1547 1134 268 104 mais noꝰ

1547 1205 277 122 ne uou¬

1547 1297 259 104 lõs poĩt

1553 1380 256 119 obeir a

1553 1466 247 116 icelles.

1604 1627 193 127 Amos

1604 1710 92 116 5.f.

1568 2042 244 122 Psal.1.

1568 2134 226 116 a.12.b.

902 2973 662 132 Hh .iiii. se puissent
