2267 3563
1152 168 546 124 De la labeur

750 292 1388 119 se puissent faire/ que ce tẽps la ne soit pas op¬

750 380 1384 116 presse de pourete. Et ceulx qui diẽt/ quilz pas¬

750 467 1382 107 sent le tẽps a la lecture: ne treuuẽt ilz poĩt la

751 555 1379 98 ce q̃ lapostre cõmande? * Quelle est donc ceste

736 638 1391 92 peruersite/ de nõ uouloir obtẽperer a la lectu¬

721 721 1400 110 re/ cõbien quil y uueille passer son tẽps? ⁊ de li

716 792 1402 125 re ꝑ lõgue espace ce qͥ est bon/ la ou on ne ueult

736 884 1385 110 pas faire ce quon lit: Qui est celuy qui igno¬

733 959 1382 115 re/ q̃ celuy qͥ lit les bõnes choses dautãt plus

730 1043 1303 116 tost proffite il/ q̃ plus tost il faict ce quil lit.

942 1130 946 107 ¶Du dixhuytiesme chapitre.

719 1199 1381 128 ¶ Mais si quelcun doibt fatre le sermon: ⁊ est

719 1288 1393 122 tellement occupe/ quil nait pas tẽps pour la¬

736 1368 1379 125 bourer des mains: toꝰ ceulx du monastere peu

745 1451 1352 125 uent ilz faire cela/ que quant les freres dung

736 1538 1355 115 autre maniere de uie uiennent a eulx/ qͥlz leur

733 1615 1358 121 exposent les diuines escriptures: ou quilz dis¬

724 1701 1373 116 putent salutairement de aucunes lectures?

730 1793 1373 116 Quant donc tous ne peuuẽt faire ceste chose:

721 1879 1376 95 pourquoy soubz cest umbre/ ueullent ilz tous

702 1959 1396 111 estre oyseux? Et combien tous le pẽsent faire

696 2042 1394 111 se le deburoiẽt ilz faire lung apres lautre/ non

696 2127 1392 107 pas seulement affin que les autres ne soyent

708 2211 1382 106 pas occupez tousiours aux choses necessaires

716 2298 1381 118 mais aussi poͬce quil suffist que a plusieurs

706 2375 820 101 auditeurs ung seul parle.

879 2461 1001 104 ¶ Du uingtdeuxiesme chapitre.

719 2529 1375 119 ¶ Maintenãt aussi plusieurs ⁊ le plus sou¬

713 2627 1384 101 uent uiennent a ceste profession du seruice de

713 2710 1372 116 dieu/ de ceulx qui sont de seruile cõdition/ ou

710 2782 1366 127 de ceulx qui sont tirez hors de seruitude/ ou de

689 2865 1372 139 ceulx qui doibuent estre deliurez: ⁊ de uie ru¬

466 492 273 155 Noꝰ deb

457 617 267 110 uõs lire

454 718 256 101 ⁊ ensuy¬

445 789 220 98 uir les

433 890 247 95 escriptu

439 962 134 103 res.

427 1199 274 119 Ceulx qͥ

418 1285 280 104 tous les

421 1368 298 110 ioͬs pres¬

430 1457 300 107 chent la

433 1540 271 87 ꝑolle de

430 1618 286 113 dieu/ sõt

430 1713 229 101 excuse

427 1790 280 110 de labou

436 1879 119 95 rer.

407 2268 294 116 1.cor.14.e

410 2443 294 107 Les rusti

407 2526 288 98 q̃s doib¬

398 2609 300 104 uẽt aussi

395 2710 279 81 estre re¬

395 2782 276 95 ceuz au

407 2865 219 101 seruice

413 2957 244 95 de dieu.

1738 2981 325 95 sticque/ ou
