2267 3563
484 418 279 131 Noꝰ sõ¬

484 519 282 101 mes con

481 596 288 107 uertis au

490 674 267 112 seigñr ꝑ

484 769 258 95 la parol

475 852 249 112 le ð dieu

762 338 1396 115 uersion au seigñr est lacause de oster le uoile.

781 424 1379 113 4 Dequoy debuõs recueillir les demõstratiõs

787 510 1376 104 q̃ tandis que lentendemẽt des diuines escriptu

787 611 1370 95 res que nous lisons nous est couuert/ et tãdis

784 676 1373 119 que les escriptures nous sont obscures et fer¬

760 774 1408 95 mees/ nous ne sommes point cõuertis au sei¬

748 846 1409 107 gneur. Car si nous estiõs cõuertis au seigñr/

760 936 1404 103 sõs doudte le uoile seroit oste. Mais aussi cõ-

766 1023 1396 99 siderons mesme que ceft/ destre cõuerty au sei¬

766 1100 1390 107 gneur. Et affin q̃ plus euidẽmeet nous puis-

750 1185 1396 107 srõs scauoi/ que cest destre cõuerty au seigñr/

738 1268 1420 97 il noꝰ fault p̃mier dire q̃ cest destre destourne.

745 1339 1412 121 ¶ T out uõme quies occupe aux sables com¬

778 1419 1373 113 munes/ quãt les parolles de la loy sont reci¬

766 1511 1376 113 tees/ cestuy est destourne. Tout hõme ðͥ pient

772 1591 1376 101 solicitude des negoces de ce siecle dargent/ ou

769 1677 1385 110 de gaignaiges quant on lit Moyse/ cestuy est

756 1763 1394 105 destourne. Tout hõme qui est anxie par soli¬

750 1846 1386 107 citudes de ses possessiõs/ ⁊ est du tout eslargy

746 1929 1408 109 en la cõuoitise de richesses: qͥ estudie a la gloi¬

744 2017 1400 102 re de ce siecle/ ⁊ aux hõneͬs de ce mõde/ cestuy

732 2096 1418 105 est destourne. Mais aussi celuy qui semble du

732 2187 1414 95 tout aliene de ces choses icy: et est assistent et

740 2262 1406 105 escoute les parolles de la loy: et de face et des

756 2345 1396 107 yeulx y est dõnant son entendemẽt/ mais tou

750 2432 1396 103 tesfois est espars en son cueur ⁊ en ses cogita¬

766 2517 1382 101 tions: cestuy est destourne.◊ Quest ce dõc estre

766 2589 1379 115 conuerty? Si nous tournons le dos a toutes

760 2684 1379 104 ces choses: ⁊ q̃ par estude/ par oeuure/ par pen¬

760 2758 1370 101 see/ ⁊ par solicitudes nous donnõs le temps a

752 2846 1378 103 la parolle de dieu/ ⁊ que nous meditõs iour et

752 2933 1372 125 nuyct en sa loy: q̃ en delaissant toutes choses

995 203 909 135 Lutilite de la parolle

487 1318 220 125 Dont

475 1425 285 104 uient la

472 1505 267 113 cõuersiõ

472 1600 267 98 et auer¬

478 1671 178 128 sion.

463 2491 285 118 La uraie

457 2586 273 95 cõuersiõ

448 2666 288 101 au seigͬ.

448 2749 262 113 Ps̈.1.a

1930 3030 210 111 nous
