2267 3563
348 142 1089 156 des mains. Chap̃.xuii.

152 285 1400 134 sticque/ ou des mecanicques/ ⁊ de ceulx qͥ font

146 368 1386 126 les cõmunes ouuraiges: ⁊ dautãt est meilleur

156 453 1372 128 quilz sont nourris grossemẽt: que si on ne les

160 538 1384 113 receoit pas/ cest ung grãd peche. Car plusieͬs

164 619 1372 127 de ce nõbre ont este urayemẽt grandz/ ⁊ dignes

154 697 1382 128 de ensuyuir. Car aussi pource a dieu esleu les

152 783 1384 125 choses foibles de ce monde/ pour cõfondre les

162 865 1372 132 fortes/ ⁊c. Parquoy la fidele ⁊ saincte cogita¬

164 962 1368 112 tion faict ce/ que aussi aucuns telz sõt receuz/

156 1031 1382 130 lesquelz ne apportẽt nul enseignement q̃ leur

157 1110 1382 125 uie soit chãgee en mieulx. * Et aussi nappert

157 1187 1385 149 point a scauoir silz sõt uenuz en propos de ser

154 1282 1396 119 uir a dieu: ou si en fuyãt la uie poure ⁊ labou¬

154 1365 1385 122 rieuse/ ilz ueullent estre nourris ⁊ uestus en oy

166 1440 1364 139 siuete/ ⁊ dauantaige estre honnorez de ceulx

170 1536 1396 122 desquelz auoient acoustume destre deshonno¬

166 1619 1419 126 rez ⁊ foullez. Parquoy ueu que telz ne se peu¬

170 1698 1421 121 uent nullement excuser par la foiblesse du

180 1783 1397 123 corps/ quilz ne puissent besongner: ilz sont cer

176 1862 1388 125 tes conuaincus par la coustume de la uie pas¬

180 1949 1376 125 see/ mais ilz se coeuurẽt de lombraige de mau

174 2028 1390 129 uaise discipline: tellement q̃ de leuangile mal

174 2114 1390 128 entendue/ pẽsent de peruertir les cõmãdemẽs

176 2197 1401 132 apostolicques. Ilz sont urayement les uolail

182 2280 1388 125 les du ciel: mais cest en eulx esleuãt en hault

182 2363 1380 129 par orgueil: ⁊ sont le foin du champ/ mais cest

188 2460 932 115 en sauourant charnellement.

449 2529 907 121 ¶ Du uingttroiziesme chap̃.

187 2603 1399 134 ¶ Et maintenant contre lapostre recitent le¬

184 2684 1387 133 uangile de Christ en sainct Matthieu .ui. Et

184 2785 1375 112 ainsi sõt merueilleuses les oeuures des pares¬

190 2850 1372 172 seux tellemẽt qͥlz ueullẽt empescher leuãgile:

1550 136 214 137 269

1556 674 256 142 1.corĩ.1.d

1574 1071 244 137 Oysiue

1559 1181 265 110 te en tire

1562 1273 232 95 aucuns

1556 1339 274 109 au serui

1553 1428 295 118 ce ð dieu.

1601 2507 252 109 Lestude

1598 2592 244 101 des here

1583 2669 262 122 ticq̃s/ en

1580 2761 250 116 uers la

1577 2838 235 119 parolle

1571 2945 250 104 de dieu.

1369 2957 190 122 ce que
