2267 3563
469 590 235 122 mat.6.d

750 279 1374 128 ce q̃ lapostre la pourtãt cõmande ⁊ faict/ affin

748 370 1374 122 q̃ la mesme euãgile ne fut pas empeschee. Car

746 453 1380 119 ueritablemẽt pourtãt dient ilz qͥlz ne doibuẽt

730 540 1396 119 pas besongner: pource aussi q̃ les oyseaux du

727 623 1388 110 ciel ne seme nt ⁊ ne moissonnent riẽs/ desquelz

712 704 1398 117 le seigñr nous a dõne similitude/ affin que ne

716 785 1386 123 pẽsions de telles choses necessaires. Poͬquoy

720 872 1390 123 donc ne regardent ilz point ce qͥ sensuyt? Car

728 952 1384 118 aussi nest pas dit seulement/ qͥlz ne sement ne

728 1031 1380 124 moissonnẽt/ mais aussi est adiouge/ ⁊ nassem¬

742 1116 1349 110 blent riẽs es gremers.?Uourquoy donc ueul¬

713 1205 1381 107 lent ceulx icy auoir les mains oyseuses/ ⁊ les

710 1285 1393 125 repositoires garnis? Pourquoy enferment ilz

724 1356 1385 131 les choses ðdz prennẽt des labeurs des antres:

745 1440 1352 118 ⁊ les gardẽt pour estre apporte tous les iours

748 1523 1343 124 deuant eulx? Pourquoy finablemẽt enuoiẽt

739 1609 1343 124 ilz au moulin/ ⁊ si cuisent? Car les oyseaux

732 1696 804 109 ne font point telles choses.

817 1777 1190 125 ¶ Theophylacte en la premiere epistre

987 1862 824 117 ad Thessalo. au .iiii. chap̃.

724 1943 1376 121 ¶ Mes freres nous uous prions: que uous

702 2028 1390 121 abõdez de plus en plus/ ⁊ q̃ uous dõnez garde

698 2114 1390 112 que soyez a repos: ⁊ que uous faciez uostre af¬

706 2197 1384 116 faire: ⁊ q̃ uous ouurez de uoz mains/ ainsi que

727 2277 1364 125 nous uous auõs cõmãde.? Et cõbien (dit il) q̃

730 2357 1370 134 nullemẽt ne soye ignorãt/ q̃ la charite est gar¬

727 2434 1373 122 dee par uous entre les freres: nous prions tou

721 2517 1379 134 tesfoys que uous abondez de plus en plus: cest

719 2609 1378 119 adire q̃ uous augmentez de plus en plus uo¬

721 2690 1361 124 stre beniuolẽce entre les freres: ⁊ que uous uoꝰ

702 2781 1378 116 enforcez a icelle de toute uostre estude. Il se

690 2866 1384 126 Perilt aussi entendre ainsi: tellemẽt que incon¬

1126 142 541 139 De la labeur

427 1083 297 125 Les here

421 1193 274 101 tiq̃s om

418 1264 280 116 les maĩs

448 1356 265 98 oyseuses

442 1431 285 112 ⁊ les gre

445 1514 285 101 nierspla

445 1606 149 104 ins.

427 2238 283 125 Que no

424 2354 292 101 stre labeͬ

421 2422 259 107 proffite

415 2503 289 127 aux fre¬

412 2603 155 84 res.

407 2675 294 118 Phił.1.b

1732 2969 346 107 tmnẽt apres
