2267 3563
142 273 1428 144 tinent apres ce sensuyue: dõnez uous garde q̃

150 360 1402 140 uous soyez plus a repos/ et q̃ ung chascun de

158 441 1370 146 uous faice ses ꝓpres affaires. Et par ces cho¬

163 516 1355 158 ses reprent ceulx qui sont oyseux/ ⁊ se dõnent

157 611 1361 134 totalle mẽt a riens faire ⁊ cõsiderẽt trop curieu

156 692 1370 133 semẽt les choses dautruy/ pour troubler tou¬

148 775 1382 141 tes choses. Mais plus tost (dit il) ouurez de

160 861 1374 134 uoz mains: ⁊ uituperez ceulx qui ostent lexer

162 946 1376 130 cice du corps/ ⁊ ne demandẽt seulemẽt que les

160 1025 1380 140 choses spirituelles: ⁊ sont grãdemẽt trompez.

172 1104 1373 146 F Car urayement la ieune/ ou coucher sur la

154 1181 1382 149 terre/ nest pas oeuure des mains mais de lespe

154 1261 1382 149 rit. Dequoy est dõne a entẽdre que lapostre na

166 1356 1373 149 pas icy parle de lexercice spirituelle/ mais de

166 1428 1390 145 la corporelle. Cest aussi loffice du sainct espe¬

166 1523 1414 145 rit: de dõner aux autres la uie/ de loeuure des

166 1588 1435 151 mains: ⁊ cest oeuure/ dis ie/ est certaine de lespe

181 1680 1423 154 rit. Melme en ce tẽps la/ quãt les Chrestiens

194 1763 1411 147 pour la foy de Christ qͥlz auoiẽt receu/ estoiẽt

186 1844 1403 153 la proye des ioeles: ⁊ q̃ eulx estãs despouil

178 1929 1396 151 lez de tous biẽs de fortune/ ilz uiuoiẽt en tres¬

184 2017 1380 142 grand disette: pourtãt les enseignẽt il qͥlz be¬

196 2102 1372 148 songnẽt affin qͥlz aduisent destre en ayde/ tãt

187 2179 1381 160 a eulx que aux autres. Si donc lapostre icy

190 2271 1390 131 enioinct de labourer des mains a yceulx/ au

197 2347 1412 137 moins riẽs ne les rẽd exẽxt/ oarquoy laffaire

209 2432 1410 137 demouroit en son entier. Et q̃ uous cheminez

207 2517 1416 141 honnestement uers ceulx qui sont hors: ⁊ que

197 2597 1424 138 ne desirez riẽs dautruy. Cest adire/ que ne fai¬

201 2678 1412 144 ciez riens impudentemẽt enuers ceulx qui ua

211 2763 1388 144 guent hors de la court de foy/ en demandãt le

205 2848 1382 156 denier: ce toutesfois qͥl a dit plus modestem/et/

344 136 1073 163 des mains. Cha.xbii.

1581 148 173 103 20

1530 466 321 163 2.thessa.

1530 599 104 131 3.e.

1568 1083 256 113 Lapo¬

1553 1175 271 104 stre par¬

1550 1255 277 98 le icy de

1562 1342 250 92 loeuure

1577 1413 268 113 corpelle/

1592 1490 270 107 ⁊ nõ pas

1616 1570 255 113 de la spi

1616 1665 243 107 rituelle.

1580 2140 250 140 1.thessa

1595 2241 122 128 4.e.

1425 2929 152 133 affin
