2267 3563
1094 164 575 123 De la labeur

744 298 1366 111 affin qͥl ne les edifiast mal/ cõe sil disoit. * Si

742 380 1370 121 les fideles sont grandemẽt offensez quant ilz

745 469 1364 107 uoyẽt aucun fidele puissant de corps/ mẽdier:

721 546 1394 113 ⁊ silz accusent tel hõme faire des marchandi¬

719 632 1387 110 ses soubz lombre de Christ: cõbien plus sont

707 718 1390 110 infideles ceulx qui contre les autres ueullent

710 807 1115 103 deffendre ceste maniere de mendicite.

877 886 1110 113 ¶ Le mesme Theophylacte en la .ii.

940 973 915 107 epistre aux Thess. au .iii. chap̃.

734 1055 1368 108 ¶ Nous nauõs point aussi mẽge le pain dau

720 1146 1374 95 cun pour neant. Nous nauons point este oy¬

706 1221 1390 97 seux: cest adire/ nous ne uous auõs nullemẽt

698 1312 1406 91 este molestes: mais ay laboure de ces mains/

714 1391 1392 105 cõme il dit quelque part/ affin q̃ ie acquerusse

732 1472 1370 103 pour moy ⁊ pour les autres la uie: ⁊ nauons

732 1555 1362 95 point mẽge le pain pour neãt: cest adire/ nous

730 1637 1362 102 nauõs point eu a menger de uous cõe oyseux

742 1710 1358 119 ⁊ paresseux. * Car le mercẽnaire est digne de

742 1802 1361 95 son salaire (mais auons laboure nuict ⁊ iour

736 1885 1373 101 en labeur ⁊ fatigatiõ) Regarde q̃lle labeur la

724 1953 1376 131 lapostre a faict: q̃ de iour ne de nuict ne cessoit

708 2050 1166 109 de labourer/ en instruisant ⁊ chastiant.

1041 2137 699 99 ¶ Au mesme chapitre.

720 2213 1370 104 ¶ Nous auõs ouy urayemẽt/ q̃ aucuns dẽtre

726 2298 1376 107 uous cheminẽt oyseux/ ⁊ ne font riens/ mais

730 2369 1376 110 uiuẽt curieusemẽt. * Car cõme il soit q̃ nostre

724 2461 1382 113 pẽsee soit tousiours soy mouuãt a q̃lque cho¬

730 2547 1373 98 se: il est urayemẽt necessaire/ que la ou elle ne

733 2630 1370 110 faict riens de utile/ q̃lle traicte les choses uai¬

706 2713 1392 107 nes ⁊ inutiles/ cõme il est dit par auãt/ quelle

712 2798 1372 97 enquiere de la uie des autres: puis apres q̃lle

710 2882 1368 122 se dõne a detractions ⁊ a parolles scurrilles ⁊

454 362 259 119 Mẽdici

451 463 268 104 te est re¬

457 549 253 98 prouuee

451 626 250 119 en legli¬

451 712 229 131 se ð dieu

423 1112 279 91 2.cor.11.d

419 1199 254 99 Act.10.b

439 1668 288 134 La labeͬ

439 1793 288 98 ⁊ la dili¬

439 1879 277 95 gence de

427 1956 268 110 lapostre

435 2371 250 93 Quelz

430 2452 259 104 sont les

418 2535 262 98 maulx

415 2615 265 116 de oysi¬

417 2711 182 111 uete.

1819 2975 253 108 uaines.
