2267 3563
350 130 1105 181 des mains. Cha.xuii.

158 283 1402 136 uaines. Il fault donc besongner ⁊ fault tous¬

164 380 1382 128 iours faire quelque chose de ses mains. Et ne

174 459 1360 128 faul point pardõner a celuy qui est fort ⁊ ro¬

172 546 1366 130 buste/ lequel est oyseux ⁊ sans quelque beson¬

170 635 1366 127 gne. Mais aucun dira. Ie passe le tẽps a ieu¬

158 712 1382 129 nes ⁊ oraison. Cela est bon. Mais toutesfois

160 801 1382 125 ces choses la ne se font point par la labeͬ des

172 876 1370 133 mains. Et peult aussi apres les ieunes et les

182 960 1364 128 oraisõs faire q̃lque chose des mains. Et quãt

172 1047 1376 126 tu refuseras de faire telle chose: sans quelque

170 1134 1382 122 doubte tu seras cõdẽne pour ung paresseux/ ⁊

174 1213 1376 127 seras cõuaincu cõe inutile de grãde oysiuete.

174 1294 1380 129 Quoy dõc (dira aucun) celuy aussi qͥ instruit

174 1377 1384 129 les autres/ ne sera il pas aussi cõstrainct a tel

174 1460 1382 129 oeuure? * Non. Car il faict une autre plus

175 1543 1411 137 grand oeuure/ ⁊ qͥ a plus grãde difficulte: ce q̃

175 1627 1423 121 maintenãt lempesche quil ne peult labourer

194 1710 1401 126 de ses mains. Mais toy qui uis en oysiuete ⁊

196 1789 1383 135 a part: tu nauras nul tel empeschemẽt. Par¬

192 1870 1376 139 quoy ceulx qu uiuẽt auec nous oysiuemẽt et

184 1953 1384 141 en negligẽce/ qͥlz labeurẽt: ⁊ ueulx quilz faicẽt

190 2056 978 117 quelque oeuure de leurs mains.

364 2125 1069 131 ¶ Theophylacte sur sainct Iehan

599 2222 616 107 au .ui. chapitre .C.

215 2304 1380 148 ¶ Ouurez/ non point la uiande qui

223 2442 363 125 perit/ ⁊c.

219 2525 1382 129 ¶ Uoꝰ me cherchez (dit il) a cause des pains:

205 2603 1420 146 pource q̃ uous desirez ceste uiande. * Mais il

213 2687 1412 148 fault q̃ uous ne soyez point du tout adõne au

219 2785 1388 115 uẽtre: mais uous fault souuerainemẽt auoir

219 2850 1382 172 soing des choses spirituelles: ⁊ nõ prẽdre toute

1615 168 139 107 271

1581 1425 293 105 Le predi

1595 1512 291 77 cateur de

1617 1587 271 97 la parol

1623 1676 263 103 le ð dieu

1611 1763 265 97 est excu¬

1599 1834 273 105 se de la¬

1593 1925 232 94 bourer.

1663 2535 220 166 Le soĩg

1637 2678 246 95 du uẽtre

1625 2749 258 151 est deffẽ¬

1622 2847 104 184 du.

1241 2941 368 137 la solicitude
