2267 3563
1126 168 580 128 De la labeur

754 300 1380 111 la solicitude poͬ la uiãde corporelle. Car telle

750 393 1376 105 uiãde a il appelle/ celle qui perit. Et pourtãt q̃

728 477 1402 104 plusieurs desirãs uiure oyseux: ⁊ principale¬

712 556 1418 113 mẽt les Masseliains/ lesquelz ont use de ceste

706 643 1410 109 parolle poͬ deffendre leur oysiuete: il sera bon

702 726 1412 109 de declarer ceste parolle. Car nr̃e seigñr Iesu¬

706 813 1402 101 christ na pas dit cecy/ qͥl uoulut retirer deulx

730 899 1385 98 louuraige corporelle/ ⁊ les cõstraindre a oysi¬

733 967 1379 107 uete. * Car oysiuete a enseigne toute malice: q̃

733 1048 1373 112 sil fault dire euidẽment/ ce mesme uouloir ui

716 1134 1375 110 ure oysiuemẽt/ est ceste uiãde qui perit: ⁊ ainsi

695 1220 1387 122 fault q̃ celuy qͥ ensuyt Christ besongne/ affin

689 1306 1420 110 qͥl aye pour cõmuniquer aux autres: car ce a

706 1393 1402 103 le salaire ⁊ la promesse du royaulme a uenir.

730 1478 1373 95 Et cõment (dient ilz) dit le seigñr/ qͥl ne fault

726 1551 1362 105 pas faire la uiãde qui perit/ en reiectãt la con

724 1635 1358 98 tinuelle solicitude enuers les uiandes/ et soy

724 1714 1366 116 grãdemẽt induisant aux choses spirituelles?

716 1803 1390 107 Certainemẽt (diẽt ilz) par ce a le seigͬ exclud

712 1884 1392 111 louuraige corporel: et ce aussi est manifeste de

701 1956 1393 128 ce quil dist a Marthe. * Marthe tu es solici¬

679 2050 1423 111 teuse ⁊ es troublee/ mais on na besoing q̃ du¬

683 2128 1390 104 ne chose. Marie a esleu la bõne part. Et dere¬

692 2209 1381 106 chief. * Ne soyez soliciteux poͬ le demain. Et

701 2295 1378 110 amainẽt telles choses ceulx qͥ uouldroiẽt bien

707 2381 1381 101 estre nourris en oysiuete. Mais nous/ q̃ disõs

710 2470 1381 95 nous? La parolle dicte a Marthe/ nest pas

707 2541 1378 113 de loeuure ou de louuraige/ ou de loysiuete:

719 2627 1363 110 mais cest de lobseruatiõ du tẽps: ⁊ q̃ le tẽps de

692 2713 1384 99 escouter ne soit emplie en occupations de pre¬

685 2798 1378 107 parer les uiãdes. Il luy ꝑsuade dõc/ quelle ne

673 2876 1378 118 perde le tẽps de doctrine/ pour les occupatiõs

412 878 274 119 Oysiue

407 985 309 89 te a ẽsei¬

410 1074 303 95 gne tou¬

404 1143 291 107 te mali¬

407 1235 95 98 ce.

401 1294 270 140 ezec.16.f.

427 1472 283 137 ephe.4.f

401 1926 243 158 Luc.10.

404 2117 237 118 mat.6.c

412 2220 250 104 Les au¬

412 2307 241 95 ctoritez

412 2378 274 101 des hõ¬

404 2461 288 113 mes oy¬

401 2553 211 104 seux.

392 2618 309 170 Luc.10.f

1730 2969 321 103 des choses
