2267 3563
350 139 1111 163 des mains. Cha.xuii.

152 288 1386 123 des chosrs qui sont du uẽtre. Mais ce qͥl dit.

158 384 1372 112 Ne soyez point soliciteux/ aussi ne reiecte il

160 469 1361 107 point par ceste parolle louurage. * Car autre

166 555 1352 107 chose est la solicitude/ ⁊ autre chose est louura

160 626 1367 122 ge. Car il se peult faire q̃ celuy qui besõgne ne

154 709 1373 119 sera pas soliciteux. Parquoy le seigñr nous

148 792 1376 113 enseigne q̃ nous ne soyõs adonnez aux solici¬

168 884 1360 103 tudes de la uie: ⁊ q̃ nous nayõs soing cõment

170 965 1358 109 nous serons demain refectiõnez: ⁊ ueult q̃ par

163 1054 1370 101 chascun iour nous ouurõs/ disant. Ne soyez

166 1128 1367 116 soliciteux du demain: comme sil disoit. * Ne

169 1205 1367 119 soyez soliciteux cõmẽt en besongnãt au iour¬

166 1294 1370 107 dhuy/ uoꝰ reposerez demain mais en acquerãt

172 1383 1361 98 tous les iours la uiãde par loeuure quotidia¬

168 1468 1037 105 ne/ ne soyez soliciteux du demain.

312 1547 1145 111 ¶ Hierosme au .ix. Tome sur lepistre

419 1633 927 104 aux Ephesiens au .iiii. chap̃.

192 1700 1395 148 Ephe.4.F. ¶ Celuy qͥ desroboit

188 1832 1374 129 maintenãt qͥl ne desrobe plus: mais

180 1947 1378 127 plus tost quil labeure de ses mains

178 2058 1382 149 ce qui est bõ: affin quil ait pour cõmu

182 2187 1085 126 niquer a celuy qui a disette.

194 2294 1378 105 ¶ Pource q̃ ceulx qui cõuersent es negoces de

199 2383 1369 95 ceste uie/ pour la nourriture ⁊ les usaiges ne¬

205 2460 1363 103 cessaires sont cõstrains de uẽdre ⁊ acheter au¬

197 2545 1380 103 cunes choses: ⁊ de prẽdre gaignage de la mar¬

190 2618 1402 104 chandise * ⁊ pource aussi quil est difficile que

190 2701 1405 101 ceulx qui sont libres de toutes autres passiõs

193 2791 1381 106 ascauoir de fornicatiõ/ de ydolatrerie/ de adul

196 2877 1372 127 tere/ de homicide: quilz ne soient aussi tenus

1568 184 184 91 272

1550 427 304 134 Louura

1536 537 303 107 ge ⁊ la so

1545 614 285 107 licitude

1550 691 268 122 sõt diffe¬

1545 786 216 95 rentes.

1547 997 271 137 mat.6.d

1547 1113 268 116 Toꝰ les

1556 1190 262 116 ioͬs doit

1556 1288 268 92 estre ac¬

1553 1362 262 107 q̃stee la

1564 1446 235 123 uiãde.

1610 2571 241 157 Il appel

1610 2707 235 89 le mar¬

1589 2776 223 121 chãdise

1598 2865 146 133 uice.

1304 2963 279 97 de ce uice.
