2267 3563
281 166 1281 142 Des ĩdulgẽces. Cha.xuiii.

159 1626 348 354 C

146 300 1426 123 mande de labourer. Pareillemẽt aussi quãt le

154 380 1388 133 seigñr parla a Adam: il ne dit pas/ tu acq̃rras

156 473 1386 114 tõ pain en sollicitude: mais auec la labeͬ ⁊ la

164 556 1378 117 sueur de ta face. On ne doibt pas dõc acq̃rir le

156 639 1394 115 pain par sollicitudes spirituelles: mais par la

148 728 1398 97 beurs corporelz. Car cõme le pain abonde par

148 809 1396 109 le don de dieu a ceulx qͥ labeurẽt/ cõme poͬ le

156 886 1388 119 salaie de diligẽce: ainsi est il oste aux dormãs

162 985 1378 103 ⁊ aux negligens/ par loeuure de dieu/ comme

156 1072 1016 107 pour la peine de leur negligence.

225 1217 1224 190 ¶ Des indulgences.

641 1375 535 139 Chap̃.xuiii.

543 1478 707 140 ¶ Esaie.63.C.

475 1591 1105 145 Estuy les a rachete en sa di¬

505 1710 1069 151 lection/ ⁊ en son indulgence:

490 1829 1063 142 ⁊ les a abreuue/ ⁊ les a esleue

152 1957 932 121 tous les iours du siecle.

318 2062 1113 111 ¶ Augustin au sermon des martyrs

498 2153 642 103 qui est le .iii. sermon.

145 2206 1414 145 ¶ Si uous pardonnez aux hõmes leurs pe¬

146 2313 1410 107 chez: uostre pere celeste uous pardõnera aussi

158 2395 1392 110 uoz pechez. Mes freres ie uoꝰ prie q̃lle chose est

158 2480 1374 103 plus delicate: q̃ peult on dire plꝰ benignemẽt?

154 2550 1393 134 Il a mis en nostre puissance/ cõmẽt noꝰ serõs

148 2651 1420 110 iugez au iour du iugement. Il na pas dit.

166 2734 1390 104 * Uas en orient/ si cherche illec la iustice: na¬

142 2796 1400 122 uige iusques en occidẽt pour auoir indulgẽce.

148 2883 1388 160 Pardonne a ton ennemy: ⁊ il te sera pardõne.

1651 157 188 136 273

1577 365 294 139 Geñ.3.c

1577 2197 229 139 mat.6.b

1604 2541 208 113 Nous

1580 2636 235 104 trouuõs

1568 2716 244 101 en nous

1556 2799 247 98 lindul¬

1547 2877 256 115 gẽce des

1556 2960 226 139 pechez.

1007 2972 532 160 Ii Faictz luy
