2267 3563
433 255 280 160 Luce.6.f

727 276 1376 124 Faictz luy indulgence/ ⁊ il te sera faict indul¬

724 384 1386 102 gence. Donne/ ⁊ il te sera dõne. Il ne te demã

724 467 1392 109 de riens hors de toy. Dieu te adresse a toymes¬

720 556 1400 97 me/ ⁊ a ta conscience. Car il a mis en toy ce qͥl

708 635 1406 97 redemãde. Certes tu nas q̃ faire daller q̃rir au

700 722 1404 97 loing les medecines poͬ tes playes/ a scauoir

694 803 1412 103 lindul gẽce de tes pechez: car si tu ueulx/ tu la

702 890 1376 105 pourras trouuer en la garde de ton cueur ⁊c.

1007 971 804 103 ¶ Bernard au premier ser¬

1134 1053 560 95 mon de Laduent.

720 1128 1384 109 ¶ Otoy hõme/ il ne te fault point passer oul

700 1223 1414 95 tre la mer/ ne penetrer les nuees: il nest pas ne

710 1294 1411 113 cessite de passer oultre les mõtaignes. On ne

730 1374 1397 116 te mõstre pas (is ie) grande uoye: uiẽs au de¬

745 1469 1373 98 uãt de ton dieu iusq̃s a toymesme.? Car la pa

742 1538 1361 118 rolle est pres en ta bouche/ ⁊ en ton cueͬ. Uiẽs

745 1621 1367 107 au deuant de luy iusques a la cõpunction du

745 1707 1376 110 cueur/ ⁊ a la confession de la bouche: affin au

754 1805 1376 98 moins q̃ tu sortes du fumier de ta miserable

748 1885 1379 101 cõsciẽce: car cest chose mal propice q̃ lautheur

739 1962 1123 95 de toute purrete emre en ung tel Heul.

805 2048 1240 109 ¶ Origene sur Exode/ en la .xiii. Home-

1071 2131 667 95 lie/ ou xxu chapitre.

754 2213 1372 108 ¶ Et Moyse parla a toute la synagogue

744 2296 1384 111 des filz de Israel/ disant. Ceste est la parolle q̃

744 2387 1390 99 le seigñr a commande/ disant. Prenez de uous

744 2466 1394 107 mesmes la redẽption au seigneur: tout hõme qͥ

750 2553 1392 99 a conceu en son cueur/ quil offre les premices

748 2638 1392 99 au seigneur/ a scauoir or/ argent/ aerain ⁊c.

754 2710 1379 104 4 Quest ce donc que Moyse dit/ apportez ou

754 2796 1370 104 prenez de uous mesmes/ ⁊ ung chascun cõme

739 2891 1379 119 tl a conceu en son cueur? Urayement il est ma

1100 156 513 134 Des indul¬

412 1276 277 125 Deuter̃.

427 1383 185 101 30.c.d

499 1457 222 98 Nous

439 1552 274 89 trouuõs

439 1627 271 101 indulgẽ

442 1722 288 80 ce des pe

442 1808 288 83 chez/ par

439 1873 297 143 la parol

436 1956 104 122 le.

442 2660 291 157 Quelor

436 2799 303 92 christ de

448 2874 229 98 mande

461 2961 269 128 poͬ lin¬

1777 2973 351 112 nfeste qus
