<?xml version="1.0" encoding="UTF-8"?>
<alto xmlns:xsi="http://www.w3.org/2001/XMLSchema-instance"
      xmlns="http://www.loc.gov/standards/alto/ns-v4#"
      xsi:schemaLocation="http://www.loc.gov/standards/alto/ns-v4# http://www.loc.gov/standards/alto/v4/alto-4-2.xsd">
  <Description>
    <MeasurementUnit>pixel</MeasurementUnit>
    <sourceImageInformation>
      <fileName>12_ee998_default.jpg</fileName>
      <fileIdentifier>https://www.e-rara.ch/i3f/v20/4106170/full/full/0/default.jpg</fileIdentifier>
    </sourceImageInformation>
  </Description>
  <Tags>
    <OtherTag ID="BT8" LABEL="DamageZone" DESCRIPTION="block type DamageZone"/><OtherTag ID="BT10" LABEL="DropCapitalZone" DESCRIPTION="block type DropCapitalZone"/><OtherTag ID="BT11" LABEL="GraphicZone" DESCRIPTION="block type GraphicZone"/><OtherTag ID="BT12" LABEL="MainZone" DESCRIPTION="block type MainZone"/><OtherTag ID="BT13" LABEL="MarginTextZone" DESCRIPTION="block type MarginTextZone"/><OtherTag ID="BT15" LABEL="NumberingZone" DESCRIPTION="block type NumberingZone"/><OtherTag ID="BT17" LABEL="QuireMarksZone" DESCRIPTION="block type QuireMarksZone"/><OtherTag ID="BT18" LABEL="RunningTitleZone" DESCRIPTION="block type RunningTitleZone"/><OtherTag ID="BT20" LABEL="StampZone" DESCRIPTION="block type StampZone"/><OtherTag ID="BT21" LABEL="TableZone" DESCRIPTION="block type TableZone"/><OtherTag ID="BT22" LABEL="TitlePageZone" DESCRIPTION="block type TitlePageZone"/>
    <OtherTag ID="LT8" LABEL="DefaultLine" DESCRIPTION="line type DefaultLine"/><OtherTag ID="LT9" LABEL="DropCapitalLine" DESCRIPTION="line type DropCapitalLine"/><OtherTag ID="LT10" LABEL="HeadingLine" DESCRIPTION="line type HeadingLine"/><OtherTag ID="LT11" LABEL="InterlinearLine" DESCRIPTION="line type InterlinearLine"/><OtherTag ID="LT311" LABEL="default" DESCRIPTION="line type default"/>
  </Tags>
  <Layout>
    <Page WIDTH="2267"
          HEIGHT="3563"
          PHYSICAL_IMG_NR="12"
          ID="eSc_dummypage_">
      <PrintSpace HPOS="0"
                  VPOS="0"
                  WIDTH="2267"
                  HEIGHT="3563">
        <TextBlock HPOS="374"
                   VPOS="135"
                   WIDTH="970"
                   HEIGHT="151"
                   ID="eSc_textblock_a69eead4"
                   TAGREFS="BT18">
          <Shape><Polygon POINTS="374 135 374 286 1344 286 1344 135"/></Shape>
          <TextLine ID="eSc_line_5a933488"
                    TAGREFS="LT10"
                    BASELINE="390 251 1338 255" 
                    HPOS="386"
                    VPOS="130"
                    WIDTH="951"
                    HEIGHT="181">
            <Shape><Polygon POINTS="386 273 487 311 650 311 650 308 656 308 701 276 1203 308 1274 276 1334 276 1337 252 1334 139 1250 130 1185 157 1146 136 1137 136 1087 154 1063 133 1063 130 929 130 870 178 638 178 555 139 528 130 516 130 502 142 472 160 445 142 433 130 421 130 389 139 389 249"/></Shape>
	    <String CONTENT="de dieu. Chap̃.xii."
                    HPOS="386"
                    VPOS="130"
                    WIDTH="951"
                    HEIGHT="181"></String>
          </TextLine>
        </TextBlock>
        <TextBlock HPOS="94"
                   VPOS="287"
                   WIDTH="1483"
                   HEIGHT="2722"
                   ID="eSc_textblock_908708fb"
                   TAGREFS="BT12">
          <Shape><Polygon POINTS="94 307 94 3009 1529 2989 1536 2812 1563 2787 1577 2613 1573 2598 1514 2370 1510 2194 1507 2080 1524 1841 1555 1769 1553 1665 1508 1535 1511 1467 1541 287"/></Shape>
          <TextLine ID="eSc_line_24795831"
                    TAGREFS="LT8"
                    BASELINE="116 374 1504 354" 
                    HPOS="114"
                    VPOS="288"
                    WIDTH="1390"
                    HEIGHT="113">
            <Shape><Polygon POINTS="154 314 134 318 114 322 116 374 116 391 203 391 215 401 217 401 219 401 221 401 318 389 324 389 328 389 390 401 392 401 455 389 544 397 546 397 720 384 734 384 740 384 805 395 807 395 809 395 859 384 875 393 877 393 879 393 881 393 960 384 978 391 980 391 982 391 984 391 1025 380 1027 380 1055 391 1057 391 1059 391 1061 391 1092 382 1364 387 1366 387 1502 372 1504 354 1500 298 1453 288 1451 288 1449 288 1419 298 1413 302 1132 304 1130 304 1112 294 1110 294 1108 294 968 306 944 308 942 308 924 296 922 296 920 296 855 296 853 296 786 310 780 310 774 310 675 298 673 298 671 298 641 312 639 312 566 300 564 300 562 300 528 314 528 316 489 316 471 316 455 302 453 302 451 302 449 302 384 314 281 304 279 304 277 304 245 316 166 310 154 314"/></Shape>
	    <String CONTENT="nous labourõs a dieu/ ⁊ que nous nous exer¬"
                    HPOS="114"
                    VPOS="288"
                    WIDTH="1390"
                    HEIGHT="113"></String>
          </TextLine>
          <TextLine ID="eSc_line_5514b2b6"
                    TAGREFS="LT8"
                    BASELINE="110 457 1488 441" 
                    HPOS="108"
                    VPOS="374"
                    WIDTH="1380"
                    HEIGHT="105">
            <Shape><Polygon POINTS="110 457 110 479 1488 465 1488 441 1486 389 1441 374 1439 374 1437 374 1435 374 1401 387 1273 376 1271 376 1269 376 1241 389 1162 376 1160 376 1158 376 1156 376 1136 391 1057 378 1055 378 1053 378 1051 378 1027 393 985 393 966 393 954 393 453 384 451 384 449 384 413 399 411 399 403 399 306 391 304 391 241 401 235 401 233 401 201 387 199 387 197 387 108 401 110 457"/></Shape>
	    <String CONTENT="citons en ses tesmoignages: ce est estre cõuerty"
                    HPOS="108"
                    VPOS="374"
                    WIDTH="1380"
                    HEIGHT="105"
                    WC="0.986860034417133"></String>
          </TextLine>
          <TextLine ID="eSc_line_16d64337"
                    TAGREFS="LT8"
                    BASELINE="112 538 1484 528" 
                    HPOS="110"
                    VPOS="459"
                    WIDTH="1374"
                    HEIGHT="113">
            <Shape><Polygon POINTS="112 538 112 558 209 558 235 570 237 570 239 572 364 572 364 570 427 556 445 554 469 556 542 568 544 570 649 570 649 568 651 568 689 556 708 552 789 556 926 566 928 566 991 564 993 564 1007 556 1019 550 1043 556 1069 564 1071 564 1073 564 1075 564 1088 556 1104 548 1219 548 1259 556 1282 562 1284 562 1286 562 1296 556 1316 548 1338 556 1350 562 1352 562 1354 562 1484 556 1484 528 1480 469 1255 459 1253 459 1251 459 1225 471 1219 473 1205 471 1152 463 1150 463 1148 463 1110 473 1098 475 1092 473 1071 461 1069 461 995 461 993 461 877 475 857 477 853 475 837 463 835 463 833 463 782 463 780 463 778 463 776 463 776 465 762 477 760 479 625 479 623 479 609 467 609 465 607 465 605 465 463 465 461 465 459 465 457 465 457 467 441 479 388 471 386 471 300 481 249 467 247 467 245 467 243 467 207 482 110 482 112 538"/></Shape>
	    <String CONTENT="au seigñr. Aussi pareillemẽt si tu ueulx q̃ ton"
                    HPOS="110"
                    VPOS="459"
                    WIDTH="1374"
                    HEIGHT="113"
                    WC="0.9789882934823328"></String>
          </TextLine>
          <TextLine ID="eSc_line_fda7461b"
                    TAGREFS="LT8"
                    BASELINE="122 627 1498 607" 
                    HPOS="120"
                    VPOS="538"
                    WIDTH="1378"
                    HEIGHT="119">
            <Shape><Polygon POINTS="122 627 122 655 378 657 380 657 382 657 384 657 394 649 411 639 603 645 665 645 667 645 669 645 679 643 700 635 740 641 807 651 809 651 811 651 839 639 851 633 863 637 892 649 894 649 896 649 898 649 940 635 954 631 962 635 980 647 982 647 984 647 985 649 1084 649 1084 647 1154 635 1205 641 1207 641 1209 641 1211 641 1225 629 1229 627 1241 629 1358 643 1360 643 1362 643 1401 627 1425 635 1427 635 1429 635 1498 621 1498 607 1492 538 1411 552 1257 542 1223 540 1221 540 1219 540 1217 540 1215 542 1195 556 1122 544 1116 544 1114 544 1112 544 1110 544 1069 558 1029 546 1027 546 1025 546 1023 546 1021 546 1005 560 926 560 910 548 906 544 904 544 902 544 867 544 865 544 863 544 845 550 805 562 720 552 671 546 669 546 667 546 651 552 639 558 619 554 591 548 590 548 588 548 566 554 530 566 502 556 487 550 485 550 483 550 481 550 467 556 457 560 425 558 372 552 370 552 368 552 366 552 356 558 340 568 322 560 306 552 304 552 302 552 300 552 279 560 257 568 245 560 237 554 235 554 233 554 231 554 120 562 122 627"/></Shape>
	    <String CONTENT="filz scaiche les lettres quilz appellent liberal¬"
                    HPOS="120"
                    VPOS="538"
                    WIDTH="1378"
                    HEIGHT="119"
                    WC="0.9717025258103196"></String>
          </TextLine>
          <TextLine ID="eSc_line_56af84ed"
                    TAGREFS="LT8"
                    BASELINE="120 704 1500 692" 
                    HPOS="118"
                    VPOS="625"
                    WIDTH="1382"
                    HEIGHT="115">
            <Shape><Polygon POINTS="120 704 120 734 205 738 207 738 209 738 221 734 235 726 249 732 259 738 261 738 263 740 348 740 348 738 401 730 451 722 459 728 467 734 467 736 469 736 471 736 473 738 508 738 508 736 623 732 625 732 637 726 649 720 663 726 687 734 689 734 690 736 807 736 807 734 809 734 839 722 853 718 883 722 958 732 960 732 1025 720 1045 716 1084 718 1255 730 1257 730 1259 730 1300 714 1302 714 1316 714 1459 722 1461 722 1463 722 1500 710 1500 692 1496 641 1427 625 1425 625 1423 625 1383 639 1356 625 1354 625 1269 625 1267 625 1265 625 1223 641 1221 641 1180 627 1178 627 1176 627 1174 627 1172 627 1150 641 1148 641 1057 633 1055 633 1053 633 1051 633 1037 643 1033 645 871 645 869 643 849 633 847 633 845 633 740 643 718 645 704 643 621 631 619 631 617 631 590 645 588 645 586 645 562 633 560 633 558 633 556 633 554 633 538 645 534 647 530 645 504 633 502 633 500 633 447 645 443 645 441 645 415 633 413 633 411 633 409 633 364 645 346 651 196 651 190 645 176 635 174 635 172 635 170 635 118 645 120 704"/></Shape>
	    <String CONTENT="les/ ⁊ quil scaiche la grãmaire/ ou la sciẽce de"
                    HPOS="118"
                    VPOS="625"
                    WIDTH="1382"
                    HEIGHT="115"
                    WC="0.9977269303798676"></String>
          </TextLine>
          <TextLine ID="eSc_line_f2b96dff"
                    TAGREFS="LT8"
                    BASELINE="118 789 1492 777" 
                    HPOS="116"
                    VPOS="712"
                    WIDTH="1376"
                    HEIGHT="109">
            <Shape><Polygon POINTS="118 789 118 809 271 821 273 821 334 811 449 819 451 819 453 819 475 809 483 807 504 809 574 819 576 819 578 819 599 809 611 805 710 805 720 809 732 817 734 817 736 817 738 817 780 809 809 803 817 809 821 813 823 813 825 813 827 813 894 809 982 803 989 809 997 815 999 815 1001 815 1003 815 1005 815 1025 809 1049 801 1203 801 1219 809 1229 813 1231 813 1233 813 1271 809 1314 803 1488 807 1492 777 1484 712 1457 726 1391 714 1379 712 1378 712 1356 714 1255 728 1166 718 1128 714 1126 714 1124 714 1114 718 1096 728 1059 720 1031 714 1029 714 1027 714 1001 720 966 732 788 732 774 724 770 722 768 722 766 722 764 722 720 726 659 732 629 728 574 718 572 718 570 718 538 730 522 734 477 730 364 720 362 720 116 736 118 789"/></Shape>
	    <String CONTENT="rethoricq̃: ne le feras tu pas estre libre ⁊ exẽpt"
                    HPOS="116"
                    VPOS="712"
                    WIDTH="1376"
                    HEIGHT="109"
                    WC="0.9895747923383525"></String>
          </TextLine>
          <TextLine ID="eSc_line_b1ecbc24"
                    TAGREFS="LT8"
                    BASELINE="114 870 1492 859" 
                    HPOS="112"
                    VPOS="793"
                    WIDTH="1380"
                    HEIGHT="107">
            <Shape><Polygon POINTS="114 870 114 896 324 888 332 894 336 898 338 898 340 898 342 900 423 900 423 898 425 898 427 898 433 892 443 886 479 892 514 896 516 896 518 896 520 896 526 890 534 886 560 890 601 896 603 896 1031 894 1140 880 1152 880 1160 880 1259 892 1261 892 1263 892 1292 878 1308 888 1310 888 1312 888 1314 888 1393 878 1405 888 1407 888 1409 888 1411 888 1492 874 1492 859 1486 809 1433 809 1429 809 1393 793 1391 793 1389 793 1387 793 1350 809 1348 809 1342 809 1273 799 1271 799 1269 799 1231 809 1225 811 1221 809 1187 797 1185 797 1183 797 1182 797 1144 811 1142 811 1138 811 1100 795 1098 795 1035 795 1033 795 1031 795 1001 811 995 815 960 815 956 811 938 797 936 797 934 797 932 797 930 797 875 811 837 797 835 797 833 797 831 797 803 813 797 815 752 815 750 813 736 801 736 799 734 799 732 799 730 799 728 799 681 811 611 799 609 799 607 799 576 815 568 817 558 815 510 801 508 801 506 801 421 815 405 817 390 815 316 805 314 805 312 805 310 805 310 807 298 815 295 821 257 821 249 817 221 803 219 803 217 803 215 803 170 817 162 819 158 817 138 803 136 803 134 803 132 803 130 803 128 803 112 811 114 870"/></Shape>
	    <String CONTENT="de toute aultre chose? Ne luy fais tu pas de¬"
                    HPOS="112"
                    VPOS="793"
                    WIDTH="1380"
                    HEIGHT="107"
                    WC="0.9830767711003622"></String>
          </TextLine>
          <TextLine ID="eSc_line_432b5d9f"
                    TAGREFS="LT8"
                    BASELINE="104 956 1488 946" 
                    HPOS="102"
                    VPOS="880"
                    WIDTH="1386"
                    HEIGHT="109">
            <Shape><Polygon POINTS="104 956 104 973 144 973 146 973 170 989 172 989 174 989 176 989 350 973 384 971 392 973 421 987 423 987 425 987 427 987 429 987 449 973 453 971 479 975 540 983 542 983 544 983 578 975 591 987 593 987 595 987 597 987 657 975 681 971 692 975 716 985 718 985 720 985 778 975 799 973 805 977 819 985 821 985 823 985 825 985 827 985 851 977 863 973 896 977 952 983 954 983 956 983 968 977 989 967 1096 977 1154 983 1156 983 1158 983 1178 979 1219 967 1263 979 1273 981 1275 981 1277 981 1279 981 1284 979 1318 965 1350 979 1356 981 1358 981 1360 981 1488 979 1488 946 1482 886 1435 894 1403 886 1385 880 1383 880 1381 880 1379 880 1378 880 1370 886 1356 896 1243 896 1225 886 1213 880 1211 880 1209 880 1207 880 1189 886 1162 898 1015 898 993 886 984 882 982 882 980 882 978 882 976 882 976 884 972 886 960 898 883 898 857 886 849 884 847 884 845 884 843 884 835 886 809 898 776 888 766 884 764 884 762 884 760 884 758 884 754 888 740 900 661 900 621 888 615 886 613 886 611 886 609 886 605 888 582 902 498 902 475 888 471 886 469 886 467 886 453 888 399 900 370 888 368 888 366 888 364 888 358 888 316 898 219 888 203 888 201 888 199 888 197 888 180 900 160 888 158 888 156 888 154 888 102 888 104 956"/></Shape>
	    <String CONTENT="laisser toute aultre chose pour employer son"
                    HPOS="102"
                    VPOS="880"
                    WIDTH="1386"
                    HEIGHT="109"
                    WC="0.9998829865997488"></String>
          </TextLine>
          <TextLine ID="eSc_line_2df24854"
                    TAGREFS="LT8"
                    BASELINE="110 1039 1498 1027" 
                    HPOS="108"
                    VPOS="963"
                    WIDTH="1390"
                    HEIGHT="101">
            <Shape><Polygon POINTS="110 1039 110 1064 1498 1053 1498 1027 1492 977 1180 977 1152 963 1150 963 1051 963 1049 963 1047 963 1045 963 1027 977 1023 979 999 977 849 965 847 965 845 965 809 979 801 981 797 979 782 967 780 967 778 967 776 967 774 967 730 979 720 981 716 979 702 967 700 967 698 967 696 967 694 967 661 979 653 983 603 983 599 979 586 967 584 967 582 967 580 967 578 967 556 979 546 985 516 985 510 979 500 971 500 969 498 969 496 969 494 969 492 969 461 979 449 983 441 979 419 969 417 969 380 969 378 969 376 969 374 969 374 971 362 979 358 983 295 979 140 971 138 971 136 971 108 979 110 1039"/></Shape>
	    <String CONTENT="tẽps a ceste seule estude? Tu ny plains ne pe¬"
                    HPOS="108"
                    VPOS="963"
                    WIDTH="1390"
                    HEIGHT="101"
                    WC="0.9888690760795106"></String>
          </TextLine>
          <TextLine ID="eSc_line_93994e0e"
                    TAGREFS="LT8"
                    BASELINE="120 1120 1498 1112" 
                    HPOS="118"
                    VPOS="1051"
                    WIDTH="1380"
                    HEIGHT="103">
            <Shape><Polygon POINTS="120 1120 120 1154 417 1142 451 1152 453 1152 455 1152 457 1152 459 1152 461 1152 479 1140 590 1150 597 1150 599 1150 609 1150 736 1140 1494 1140 1498 1112 1492 1055 1379 1062 1368 1055 1364 1051 1362 1051 1360 1051 1193 1051 1191 1051 1189 1051 1178 1055 1148 1066 978 1066 942 1055 932 1053 930 1053 928 1053 926 1053 924 1053 922 1055 908 1066 738 1066 669 1057 655 1055 653 1055 623 1057 457 1068 118 1059 120 1120"/></Shape>
	    <String CONTENT="dagogues ne maistres/ ne liures ne despẽs/ ne"
                    HPOS="118"
                    VPOS="1051"
                    WIDTH="1380"
                    HEIGHT="103"
                    WC="0.9920762103536854"></String>
          </TextLine>
          <TextLine ID="eSc_line_72b64384"
                    TAGREFS="LT8"
                    BASELINE="116 1205 1498 1195" 
                    HPOS="114"
                    VPOS="1132"
                    WIDTH="1384"
                    HEIGHT="107">
            <Shape><Polygon POINTS="116 1205 118 1239 172 1225 207 1237 209 1237 211 1237 423 1223 590 1231 665 1235 667 1235 698 1229 744 1221 762 1229 774 1233 776 1233 778 1233 780 1233 789 1229 805 1221 855 1227 904 1233 906 1233 908 1233 928 1225 946 1219 1130 1219 1150 1221 1197 1231 1199 1231 1201 1231 1243 1221 1259 1217 1298 1219 1403 1227 1405 1227 1496 1215 1498 1195 1494 1146 1221 1132 1219 1132 1166 1134 1164 1134 1162 1134 1148 1148 906 1148 851 1136 849 1136 750 1148 736 1136 734 1136 732 1136 673 1136 671 1136 609 1150 465 1138 463 1138 461 1138 435 1150 245 1140 243 1140 241 1140 239 1140 219 1154 114 1154 116 1205"/></Shape>
	    <String CONTENT="quelque aultre chose: iusques a ce qͥl obtienne"
                    HPOS="114"
                    VPOS="1132"
                    WIDTH="1384"
                    HEIGHT="107"
                    WC="0.9934598702065488"></String>
          </TextLine>
          <TextLine ID="eSc_line_cf0d2516"
                    TAGREFS="LT8"
                    BASELINE="110 1290 1500 1280" 
                    HPOS="108"
                    VPOS="1215"
                    WIDTH="1392"
                    HEIGHT="109">
            <Shape><Polygon POINTS="110 1290 110 1314 176 1310 190 1316 213 1324 215 1324 217 1324 219 1324 221 1324 235 1316 243 1310 279 1316 336 1324 338 1324 340 1324 360 1316 372 1310 394 1316 419 1322 421 1322 423 1322 425 1322 439 1316 455 1308 496 1316 526 1320 528 1320 564 1316 615 1308 635 1316 651 1322 653 1322 655 1322 657 1322 671 1316 692 1306 712 1316 722 1320 724 1320 726 1320 728 1320 744 1316 768 1310 819 1316 859 1320 861 1320 863 1320 865 1320 869 1316 881 1308 922 1314 924 1314 926 1314 960 1304 999 1316 1007 1318 1009 1318 1011 1320 1215 1320 1215 1318 1217 1318 1219 1318 1221 1316 1241 1302 1346 1302 1379 1316 1381 1316 1383 1316 1385 1316 1451 1302 1494 1316 1500 1280 1492 1217 1461 1227 1431 1217 1425 1215 1423 1215 1421 1215 1393 1217 1290 1227 1241 1217 1221 1215 1219 1215 1217 1215 1209 1219 1182 1231 985 1231 954 1219 946 1217 944 1217 942 1217 940 1217 938 1217 938 1219 936 1219 924 1231 825 1221 807 1219 805 1219 803 1219 797 1221 760 1231 724 1221 718 1219 716 1219 714 1219 712 1219 704 1221 657 1235 467 1235 441 1223 437 1221 435 1221 433 1221 407 1223 265 1235 207 1225 205 1225 203 1225 201 1225 188 1235 108 1225 110 1290"/></Shape>
	    <String CONTENT="la parfaicte oeuure de lestude proposee. Qui"
                    HPOS="108"
                    VPOS="1215"
                    WIDTH="1392"
                    HEIGHT="109"
                    WC="0.9848358482122421"></String>
          </TextLine>
          <TextLine ID="eSc_line_c513979f"
                    TAGREFS="LT8"
                    BASELINE="112 1371 1498 1361" 
                    HPOS="110"
                    VPOS="1298"
                    WIDTH="1388"
                    HEIGHT="109">
            <Shape><Polygon POINTS="112 1371 112 1397 241 1393 249 1397 265 1407 267 1407 269 1407 271 1407 273 1407 310 1395 316 1395 320 1395 362 1407 364 1407 366 1407 368 1407 409 1395 419 1405 421 1405 423 1405 425 1407 504 1407 504 1405 506 1405 508 1405 522 1393 526 1391 552 1393 623 1401 625 1401 627 1401 661 1393 675 1389 681 1393 700 1403 702 1403 704 1405 789 1405 789 1403 791 1403 793 1403 809 1391 811 1391 815 1391 940 1403 942 1403 1005 1401 1007 1401 1031 1389 1033 1387 1037 1389 1059 1401 1061 1401 1063 1403 1158 1403 1158 1401 1160 1401 1162 1401 1176 1389 1215 1401 1217 1401 1219 1401 1221 1401 1251 1387 1255 1385 1310 1385 1312 1385 1326 1397 1326 1399 1328 1399 1330 1399 1332 1399 1334 1399 1360 1385 1366 1385 1459 1395 1461 1395 1463 1395 1498 1383 1498 1361 1494 1310 1281 1298 1279 1298 1277 1298 1275 1298 1275 1300 1261 1312 1259 1314 993 1314 991 1314 952 1300 950 1300 948 1300 946 1300 944 1300 944 1302 930 1314 930 1316 928 1314 896 1302 894 1302 892 1302 890 1302 865 1316 863 1316 859 1316 813 1306 811 1306 809 1306 807 1306 793 1316 740 1302 738 1302 736 1302 734 1302 732 1302 712 1318 522 1318 441 1304 439 1304 437 1304 435 1304 417 1316 392 1306 390 1306 388 1306 312 1318 296 1306 295 1306 293 1306 291 1306 289 1306 253 1316 156 1306 154 1306 152 1306 110 1322 112 1371"/></Shape>
	    <String CONTENT="est celuy dẽtre nous qͥ ainsi se tourne a lestude"
                    HPOS="110"
                    VPOS="1298"
                    WIDTH="1388"
                    HEIGHT="109"
                    WC="0.9882222056388855"></String>
          </TextLine>
          <TextLine ID="eSc_line_02d7adfe"
                    TAGREFS="LT8"
                    BASELINE="112 1456 1500 1446" 
                    HPOS="110"
                    VPOS="1381"
                    WIDTH="1390"
                    HEIGHT="109">
            <Shape><Polygon POINTS="112 1456 114 1490 148 1474 231 1474 261 1488 263 1488 265 1488 267 1488 269 1488 273 1488 322 1474 374 1486 388 1488 390 1488 392 1488 397 1484 423 1472 560 1482 570 1482 572 1482 578 1482 619 1474 629 1480 633 1484 635 1484 637 1484 639 1484 665 1480 712 1472 724 1480 730 1484 732 1484 734 1484 736 1486 807 1486 807 1484 809 1484 837 1478 867 1470 916 1476 974 1482 976 1482 978 1482 995 1474 1009 1468 1049 1474 1112 1482 1114 1482 1182 1472 1197 1482 1199 1482 1201 1482 1203 1482 1205 1482 1231 1470 1239 1466 1261 1470 1326 1480 1328 1480 1498 1464 1500 1446 1496 1397 1419 1381 1417 1381 1308 1393 1271 1381 1269 1381 1267 1381 1265 1381 1221 1397 1217 1397 1197 1397 1083 1387 1081 1387 1079 1387 1077 1387 1065 1397 1063 1399 912 1399 898 1397 859 1385 857 1385 855 1385 853 1385 823 1397 815 1401 730 1401 722 1397 702 1387 700 1387 613 1387 611 1387 609 1387 582 1397 564 1401 538 1397 491 1387 489 1387 431 1397 423 1397 419 1397 395 1387 394 1387 392 1387 390 1387 362 1397 342 1403 326 1397 310 1389 308 1389 205 1389 203 1389 201 1389 199 1389 192 1397 184 1403 166 1397 144 1389 142 1389 140 1389 110 1395 112 1456"/></Shape>
	    <String CONTENT="de la loy diuine? Lequel de nous ya ainsi la¬"
                    HPOS="110"
                    VPOS="1381"
                    WIDTH="1390"
                    HEIGHT="109"
                    WC="0.9894424716631571"></String>
          </TextLine>
          <TextLine ID="eSc_line_18a7aac3"
                    TAGREFS="LT8"
                    BASELINE="108 1536 1496 1533" 
                    HPOS="103"
                    VPOS="1460"
                    WIDTH="1391"
                    HEIGHT="101">
            <Shape><Polygon POINTS="106 1535 106 1561 1491 1558 1494 1532 1488 1475 178 1460 175 1460 103 1475 106 1535"/></Shape>
	    <String CONTENT="boure? * Qui est celuy qͥ cherche par telle estu¬"
                    HPOS="103"
                    VPOS="1460"
                    WIDTH="1391"
                    HEIGHT="101"></String>
          </TextLine>
          <TextLine ID="eSc_line_891e4246"
                    TAGREFS="LT8"
                    BASELINE="110 1621 1524 1613" 
                    HPOS="106"
                    VPOS="1540"
                    WIDTH="1415"
                    HEIGHT="119">
            <Shape><Polygon POINTS="109 1618 109 1647 781 1659 828 1641 876 1656 1069 1641 1134 1641 1348 1656 1390 1641 1423 1656 1429 1656 1518 1638 1521 1612 1515 1558 1435 1540 1387 1555 1304 1540 1218 1555 1164 1540 1093 1555 986 1540 808 1561 537 1561 516 1543 502 1543 484 1558 368 1543 362 1543 329 1558 297 1543 106 1552 109 1618"/></Shape>
	    <String CONTENT="de et labeur les diuines estudes/ qͥl a faict les"
                    HPOS="106"
                    VPOS="1540"
                    WIDTH="1415"
                    HEIGHT="119"
                    WC="0.9910348349688004"></String>
          </TextLine>
          <TextLine ID="eSc_line_4c5c0ce2"
                    TAGREFS="LT8"
                    BASELINE="122 1706 1542 1696" 
                    HPOS="118"
                    VPOS="1627"
                    WIDTH="1421"
                    HEIGHT="115">
            <Shape><Polygon POINTS="121 1704 124 1742 166 1728 1533 1728 1539 1695 1533 1641 1066 1627 1063 1627 974 1641 962 1644 118 1644 121 1704"/></Shape>
	    <String CONTENT="humaines? Et dequoy nous plaĩgnõs nous/"
                    HPOS="118"
                    VPOS="1627"
                    WIDTH="1421"
                    HEIGHT="115"></String>
          </TextLine>
          <TextLine ID="eSc_line_eec63298"
                    TAGREFS="LT8"
                    BASELINE="128 1789 1536 1777" 
                    HPOS="124"
                    VPOS="1704"
                    WIDTH="1409"
                    HEIGHT="125">
            <Shape><Polygon POINTS="127 1787 127 1829 231 1811 412 1823 454 1826 457 1826 460 1826 463 1826 466 1823 484 1808 525 1823 531 1823 534 1823 537 1823 540 1823 546 1820 585 1808 730 1817 823 1823 825 1823 828 1823 831 1823 840 1814 858 1805 1001 1811 1176 1820 1179 1820 1182 1820 1212 1808 1224 1802 1227 1808 1238 1817 1241 1817 1244 1817 1247 1817 1530 1799 1533 1775 1527 1719 1328 1704 1325 1704 124 1725 127 1787"/></Shape>
	    <String CONTENT="se nous ignorõs ce q̃ nauons point apris? Au¬"
                    HPOS="124"
                    VPOS="1704"
                    WIDTH="1409"
                    HEIGHT="125"
                    WC="0.9866377283697543"></String>
          </TextLine>
          <TextLine ID="eSc_line_f739403a"
                    TAGREFS="LT8"
                    BASELINE="122 1868 1510 1861" 
                    HPOS="118"
                    VPOS="1790"
                    WIDTH="1391"
                    HEIGHT="107">
            <Shape><Polygon POINTS="121 1867 121 1897 1509 1882 1509 1858 1500 1790 540 1808 472 1808 193 1796 190 1796 118 1811 121 1867"/></Shape>
	    <String CONTENT="cuns de uous/ incõtinent qͥlz oyent reciter les"
                    HPOS="118"
                    VPOS="1790"
                    WIDTH="1391"
                    HEIGHT="107"></String>
          </TextLine>
          <TextLine ID="eSc_line_26b10499"
                    TAGREFS="LT8"
                    BASELINE="114 1955 1492 1948" 
                    HPOS="109"
                    VPOS="1873"
                    WIDTH="1382"
                    HEIGHT="122">
            <Shape><Polygon POINTS="112 1953 112 1995 279 1995 279 1992 282 1992 285 1992 306 1977 514 1986 623 1992 626 1992 659 1986 698 1977 909 1980 1241 1989 1244 1989 1488 1971 1491 1947 1485 1885 175 1873 172 1873 169 1873 109 1888 112 1953"/></Shape>
	    <String CONTENT="choses qui sont leutes/ ilz sen uont. Ilz ne in¬"
                    HPOS="109"
                    VPOS="1873"
                    WIDTH="1382"
                    HEIGHT="122"
                    WC="0.9875043220818043"></String>
          </TextLine>
          <TextLine ID="eSc_line_83a14eff"
                    TAGREFS="LT8"
                    BASELINE="112 2036 1494 2032" 
                    HPOS="106"
                    VPOS="1971"
                    WIDTH="1385"
                    HEIGHT="101">
            <Shape><Polygon POINTS="109 2033 112 2072 160 2057 249 2072 261 2072 264 2072 1488 2057 1491 2030 1482 1971 106 1971 109 2033"/></Shape>
	    <String CONTENT="terroguẽt riẽs lung a laultre de ce quon a dit:"
                    HPOS="106"
                    VPOS="1971"
                    WIDTH="1385"
                    HEIGHT="101"
                    WC="0.9848348060432746"></String>
          </TextLine>
          <TextLine ID="eSc_line_e1a1030c"
                    TAGREFS="LT8"
                    BASELINE="112 2121 1498 2114" 
                    HPOS="110"
                    VPOS="2048"
                    WIDTH="1388"
                    HEIGHT="103">
            <Shape><Polygon POINTS="112 2121 112 2141 293 2151 295 2151 296 2151 316 2141 318 2141 326 2141 392 2149 394 2149 459 2141 479 2139 489 2141 516 2149 518 2149 520 2151 651 2151 651 2149 653 2149 655 2149 665 2141 669 2139 689 2141 782 2149 784 2149 786 2149 803 2139 809 2137 855 2139 952 2147 954 2149 1029 2149 1029 2147 1031 2147 1033 2147 1033 2145 1041 2139 1043 2137 1494 2137 1498 2114 1494 2064 1338 2048 1336 2048 1334 2048 1290 2062 1237 2048 1235 2048 1233 2048 1231 2048 1229 2048 1207 2062 1176 2048 1174 2048 1172 2048 1170 2048 1168 2048 1144 2064 1029 2050 1027 2050 1025 2050 974 2064 896 2050 894 2050 803 2066 799 2068 690 2068 690 2066 651 2052 649 2052 647 2052 645 2052 643 2052 625 2066 560 2054 558 2054 556 2054 516 2066 461 2052 459 2052 457 2052 354 2068 350 2070 227 2070 213 2070 150 2054 148 2054 146 2054 110 2068 112 2121"/></Shape>
	    <String CONTENT="il ny a nulle conference: il nest nulle question"
                    HPOS="110"
                    VPOS="2048"
                    WIDTH="1388"
                    HEIGHT="103"
                    WC="0.9998630496362845"></String>
          </TextLine>
          <TextLine ID="eSc_line_c75d3382"
                    TAGREFS="LT8"
                    BASELINE="114 2201 1500 2197" 
                    HPOS="112"
                    VPOS="2135"
                    WIDTH="1388"
                    HEIGHT="95">
            <Shape><Polygon POINTS="114 2201 114 2224 1498 2230 1500 2197 1496 2149 1441 2149 1441 2147 1423 2135 1421 2135 1419 2135 1320 2135 1318 2135 1316 2135 1314 2135 1298 2147 1298 2149 1180 2149 1178 2147 1164 2135 1162 2135 1160 2135 1158 2135 1098 2147 1094 2147 1088 2147 1035 2135 1033 2135 881 2147 859 2147 855 2147 831 2135 829 2135 827 2135 825 2135 801 2145 793 2151 663 2151 657 2145 647 2137 645 2137 643 2137 641 2137 603 2145 586 2149 578 2145 560 2137 558 2137 556 2137 508 2145 483 2149 449 2145 399 2139 397 2139 360 2145 332 2149 322 2145 304 2137 302 2137 300 2137 298 2137 271 2145 253 2149 112 2145 114 2201"/></Shape>
	    <String CONTENT="dauoir memoire de ce cõmandemẽt que la loy"
                    HPOS="112"
                    VPOS="2135"
                    WIDTH="1388"
                    HEIGHT="95"
                    WC="0.9993388639255003"></String>
          </TextLine>
          <TextLine ID="eSc_line_433db359"
                    TAGREFS="LT8"
                    BASELINE="120 2286 1498 2283" 
                    HPOS="115"
                    VPOS="2212"
                    WIDTH="1382"
                    HEIGHT="115">
            <Shape><Polygon POINTS="118 2283 118 2321 784 2310 814 2324 817 2324 820 2327 1022 2327 1022 2324 1025 2324 1099 2310 1132 2324 1134 2324 1137 2324 1140 2324 1143 2324 1161 2312 1173 2321 1173 2324 1176 2324 1179 2324 1182 2327 1494 2327 1497 2280 1491 2223 115 2212 118 2283"/></Shape>
	    <String CONTENT="diuine te admõneste/ disant: Interrogue tes pe"
                    HPOS="115"
                    VPOS="2212"
                    WIDTH="1382"
                    HEIGHT="115"
                    WC="0.9907220538626326"></String>
          </TextLine>
          <TextLine ID="eSc_line_f15686b8"
                    TAGREFS="LT8"
                    BASELINE="126 2369 1496 2366" 
                    HPOS="121"
                    VPOS="2304"
                    WIDTH="1373"
                    HEIGHT="101">
            <Shape><Polygon POINTS="124 2366 124 2393 1488 2405 1494 2363 1485 2304 121 2304 124 2366"/></Shape>
	    <String CONTENT="res/ ⁊ ilz te respondrõt: interrogue tes p̃stres/ ⁊"
                    HPOS="121"
                    VPOS="2304"
                    WIDTH="1373"
                    HEIGHT="101"
                    WC="0.9942682202045734"></String>
          </TextLine>
          <TextLine ID="eSc_line_3d4532ca"
                    TAGREFS="LT8"
                    BASELINE="124 2452 1520 2444" 
                    HPOS="118"
                    VPOS="2375"
                    WIDTH="1400"
                    HEIGHT="110">
            <Shape><Polygon POINTS="121 2449 121 2482 1512 2485 1518 2443 1509 2384 1200 2390 1173 2387 1102 2375 1099 2375 995 2390 977 2390 962 2390 879 2375 876 2375 873 2375 823 2390 811 2393 787 2390 683 2378 680 2378 677 2378 674 2378 674 2381 659 2393 659 2396 502 2396 496 2396 430 2378 427 2378 424 2378 306 2393 258 2378 255 2378 252 2378 249 2378 246 2378 246 2381 231 2393 154 2378 151 2378 148 2378 145 2378 118 2390 121 2449"/></Shape>
	    <String CONTENT="ilz te annõceront. Les aultres aussi nont pas"
                    HPOS="118"
                    VPOS="2375"
                    WIDTH="1400"
                    HEIGHT="110"></String>
          </TextLine>
          <TextLine ID="eSc_line_f3faf3fe"
                    TAGREFS="LT8"
                    BASELINE="120 2537 1540 2527" 
                    HPOS="115"
                    VPOS="2455"
                    WIDTH="1424"
                    HEIGHT="119">
            <Shape><Polygon POINTS="118 2535 118 2574 288 2556 410 2571 442 2571 442 2568 457 2556 941 2568 1016 2553 1033 2568 1045 2568 1093 2550 1298 2565 1429 2550 1506 2565 1539 2547 1539 2526 1530 2461 906 2470 787 2455 739 2470 730 2470 615 2455 567 2473 478 2458 415 2473 332 2458 291 2473 231 2458 219 2458 219 2461 205 2473 157 2458 148 2458 115 2473 118 2535"/></Shape>
	    <String CONTENT="la patiẽce de attẽdre/ iusq̃s a ce q̃ les escriptu¬"
                    HPOS="115"
                    VPOS="2455"
                    WIDTH="1424"
                    HEIGHT="119"></String>
          </TextLine>
          <TextLine ID="eSc_line_da4355df"
                    TAGREFS="LT8"
                    BASELINE="120 2622 591 2612 1554 2608" 
                    HPOS="118"
                    VPOS="2541"
                    WIDTH="1436"
                    HEIGHT="107">
            <Shape><Polygon POINTS="120 2622 120 2648 215 2636 243 2646 247 2648 249 2648 251 2648 271 2646 340 2638 368 2644 382 2648 384 2648 386 2648 388 2648 401 2644 435 2634 599 2640 689 2644 690 2644 692 2644 694 2644 700 2640 710 2632 728 2638 744 2644 746 2644 748 2644 795 2638 839 2632 912 2636 1037 2642 1039 2642 1041 2642 1077 2632 1090 2630 1100 2632 1138 2642 1140 2642 1142 2642 1144 2642 1182 2632 1193 2628 1243 2630 1437 2640 1439 2640 1441 2640 1469 2626 1471 2626 1502 2638 1504 2638 1506 2638 1508 2638 1554 2624 1554 2608 1550 2551 1421 2541 1419 2541 1417 2541 1397 2551 1381 2541 1379 2541 1378 2541 1376 2541 1328 2553 1320 2553 1310 2553 1231 2541 1229 2541 1227 2541 1225 2541 1211 2551 1138 2543 1136 2543 1134 2543 1132 2543 1114 2555 1110 2557 1051 2557 1049 2555 1035 2543 1033 2543 1031 2543 958 2543 956 2543 954 2543 918 2553 861 2545 859 2545 857 2545 855 2545 837 2557 835 2557 821 2557 601 2547 599 2547 510 2559 465 2547 463 2547 461 2547 459 2547 457 2547 445 2557 409 2549 407 2549 316 2561 285 2549 283 2549 281 2549 279 2549 277 2549 257 2563 118 2563 120 2622"/></Shape>
	    <String CONTENT="res soient recitees en leglise. Et les aultres"
                    HPOS="118"
                    VPOS="2541"
                    WIDTH="1436"
                    HEIGHT="107"
                    WC="0.9961424742055975"></String>
          </TextLine>
          <TextLine ID="eSc_line_49cfebdd"
                    TAGREFS="LT8"
                    BASELINE="120 2705 1552 2690" 
                    HPOS="118"
                    VPOS="2622"
                    WIDTH="1434"
                    HEIGHT="113">
            <Shape><Polygon POINTS="120 2705 120 2723 201 2723 231 2735 233 2735 235 2735 237 2735 273 2723 368 2733 370 2733 435 2723 471 2733 473 2733 475 2733 477 2733 510 2719 510 2717 718 2717 807 2729 809 2729 869 2717 995 2727 997 2727 1132 2725 1189 2711 1195 2711 1203 2711 1296 2723 1298 2723 1393 2711 1437 2721 1439 2721 1441 2721 1443 2721 1445 2721 1455 2713 1467 2721 1469 2721 1471 2721 1473 2721 1552 2707 1552 2690 1548 2638 1486 2622 1484 2622 1482 2622 1457 2636 1421 2626 1419 2626 1417 2626 1356 2638 1352 2638 1350 2638 1318 2622 1316 2622 1314 2622 1312 2622 1310 2622 1310 2624 1294 2638 1292 2640 1191 2640 1178 2638 1104 2624 1102 2624 1033 2638 1023 2640 1013 2638 950 2626 948 2626 946 2626 912 2638 902 2642 894 2638 865 2628 863 2628 861 2628 859 2628 835 2640 825 2646 770 2646 762 2640 746 2628 744 2628 742 2628 661 2628 659 2628 657 2628 635 2640 625 2646 615 2640 603 2630 601 2630 599 2630 597 2630 595 2630 570 2640 568 2640 560 2640 477 2630 475 2630 473 2630 451 2640 433 2648 405 2640 376 2632 374 2632 324 2632 322 2632 320 2632 304 2640 291 2648 271 2640 253 2634 251 2634 249 2634 247 2634 245 2634 235 2640 225 2646 118 2642 120 2705"/></Shape>
	    <String CONTENT="mesme ne scaiuent point si on les recite en le¬"
                    HPOS="118"
                    VPOS="2622"
                    WIDTH="1434"
                    HEIGHT="113"
                    WC="0.9943941565270119"></String>
          </TextLine>
          <TextLine ID="eSc_line_23cf646a"
                    TAGREFS="LT8"
                    BASELINE="130 2791 1544 2775" 
                    HPOS="128"
                    VPOS="2707"
                    WIDTH="1416"
                    HEIGHT="113">
            <Shape><Polygon POINTS="130 2791 130 2818 201 2806 243 2818 251 2820 253 2820 255 2820 257 2820 267 2818 316 2804 437 2804 453 2814 459 2818 461 2818 463 2818 465 2818 514 2812 590 2802 637 2810 671 2814 673 2814 675 2814 692 2808 710 2802 720 2808 730 2812 732 2812 734 2812 736 2812 738 2812 744 2806 752 2800 774 2806 803 2814 805 2814 807 2814 908 2812 910 2812 930 2802 940 2796 1013 2796 1023 2800 1045 2810 1047 2810 1049 2810 1185 2808 1187 2808 1189 2808 1205 2796 1233 2808 1235 2808 1237 2808 1239 2808 1259 2798 1364 2808 1366 2808 1368 2808 1413 2792 1502 2806 1504 2806 1506 2806 1544 2789 1544 2775 1540 2721 1372 2707 1370 2707 1368 2707 1366 2707 1348 2723 976 2725 918 2713 916 2713 914 2713 883 2725 857 2713 855 2713 853 2713 851 2713 849 2713 831 2727 766 2715 764 2715 677 2725 635 2717 633 2717 631 2717 629 2717 613 2729 512 2717 510 2717 508 2717 479 2731 350 2719 348 2719 346 2719 344 2719 328 2731 188 2721 186 2721 184 2721 128 2735 130 2791"/></Shape>
	    <String CONTENT="glise: mais sont plus tost occupez aux fables"
                    HPOS="128"
                    VPOS="2707"
                    WIDTH="1416"
                    HEIGHT="113"
                    WC="0.9963455465104845"></String>
          </TextLine>
          <TextLine ID="eSc_line_f263ee3a"
                    TAGREFS="LT8"
                    BASELINE="138 2870 1520 2867" 
                    HPOS="133"
                    VPOS="2791"
                    WIDTH="1385"
                    HEIGHT="112">
            <Shape><Polygon POINTS="136 2868 136 2888 1179 2903 1188 2903 1212 2888 1244 2903 1405 2888 1446 2903 1455 2903 1518 2883 1518 2865 1506 2791 1449 2805 1363 2791 1342 2791 1295 2805 1253 2791 1236 2793 1209 2805 983 2791 974 2791 950 2805 921 2791 858 2805 775 2791 692 2805 549 2791 534 2808 350 2808 350 2805 297 2791 133 2808 136 2868"/></Shape>
	    <String CONTENT="seculieres es lieux loingz separez de la mai¬"
                    HPOS="133"
                    VPOS="2791"
                    WIDTH="1385"
                    HEIGHT="112"
                    WC="0.9943088067902459"></String>
          </TextLine>
          <TextLine ID="eSc_line_b09e79c9"
                    TAGREFS="LT8"
                    BASELINE="136 2961 1516 2952" 
                    HPOS="130"
                    VPOS="2877"
                    WIDTH="1385"
                    HEIGHT="151">
            <Shape><Polygon POINTS="133 2960 133 3019 258 3001 291 3022 303 3022 341 3004 365 3025 365 3028 552 3007 677 3025 719 2998 745 3016 823 3007 840 3022 840 3025 849 3025 1152 3010 1227 3022 1227 3019 1241 3007 1295 3022 1304 3022 1360 2995 1512 2995 1515 2951 1509 2880 163 2877 130 2888 133 2960"/></Shape>
	    <String CONTENT="son de dieu. Desquelz ie ose biẽ dire: q̃ quant"
                    HPOS="130"
                    VPOS="2877"
                    WIDTH="1385"
                    HEIGHT="151"></String>
          </TextLine>
        </TextBlock>
        <TextBlock HPOS="1572"
                   VPOS="166"
                   WIDTH="186"
                   HEIGHT="114"
                   ID="eSc_textblock_37301957"
                   TAGREFS="BT15">
          <Shape><Polygon POINTS="1572 166 1572 280 1758 280 1758 166"/></Shape>
          <TextLine ID="eSc_line_6ea56d54"
                    TAGREFS="LT8"
                    BASELINE="1581 243 1745 247" 
                    HPOS="1577"
                    VPOS="163"
                    WIDTH="167"
                    HEIGHT="122">
            <Shape><Polygon POINTS="1580 240 1577 285 1741 285 1744 246 1744 169 1580 163 1580 240"/></Shape>
	    <String CONTENT="215"
                    HPOS="1577"
                    VPOS="163"
                    WIDTH="167"
                    HEIGHT="122"
                    WC="0.9999803702036539"></String>
          </TextLine>
        </TextBlock>
        <TextBlock HPOS="1499"
                   VPOS="1460"
                   WIDTH="330"
                   HEIGHT="608"
                   ID="eSc_textblock_b23eb151"
                   TAGREFS="BT13">
          <Shape><Polygon POINTS="1554 1467 1503 1506 1519 1585 1550 1672 1550 1778 1522 1826 1508 1937 1499 2068 1663 2068 1796 1965 1829 1851 1829 1460"/></Shape>
          <TextLine ID="eSc_line_07e33c12"
                    TAGREFS="LT8"
                    BASELINE="1520 1533 1809 1532" 
                    HPOS="1515"
                    VPOS="1434"
                    WIDTH="291"
                    HEIGHT="130">
            <Shape><Polygon POINTS="1518 1532 1518 1564 1803 1555 1806 1529 1797 1434 1726 1437 1723 1437 1720 1437 1720 1440 1696 1460 1515 1445 1518 1532"/></Shape>
	    <String CONTENT="Nous q̃¬"
                    HPOS="1515"
                    VPOS="1434"
                    WIDTH="291"
                    HEIGHT="130"
                    WC="0.9999573677778244"></String>
          </TextLine>
          <TextLine ID="eSc_line_bee5f78c"
                    TAGREFS="LT8"
                    BASELINE="1542 1613 1805 1611" 
                    HPOS="1536"
                    VPOS="1543"
                    WIDTH="267"
                    HEIGHT="90">
            <Shape><Polygon POINTS="1539 1612 1539 1633 1803 1630 1803 1609 1794 1543 1536 1552 1539 1612"/></Shape>
	    <String CONTENT="rons plꝰ"
                    HPOS="1536"
                    VPOS="1543"
                    WIDTH="267"
                    HEIGHT="90"></String>
          </TextLine>
          <TextLine ID="eSc_line_30810a28"
                    TAGREFS="LT8"
                    BASELINE="1566 1696 1821 1694" 
                    HPOS="1562"
                    VPOS="1624"
                    WIDTH="256"
                    HEIGHT="107">
            <Shape><Polygon POINTS="1565 1695 1565 1731 1646 1716 1812 1728 1818 1692 1812 1633 1562 1624 1565 1695"/></Shape>
	    <String CONTENT="les cho¬"
                    HPOS="1562"
                    VPOS="1624"
                    WIDTH="256"
                    HEIGHT="107"
                    WC="0.9999996572732925"></String>
          </TextLine>
          <TextLine ID="eSc_line_df444beb"
                    TAGREFS="LT8"
                    BASELINE="1558 1777 1813 1775" 
                    HPOS="1553"
                    VPOS="1716"
                    WIDTH="259"
                    HEIGHT="95">
            <Shape><Polygon POINTS="1556 1775 1556 1811 1812 1802 1812 1772 1803 1716 1553 1716 1556 1775"/></Shape>
	    <String CONTENT="ses diui¬"
                    HPOS="1553"
                    VPOS="1716"
                    WIDTH="259"
                    HEIGHT="95"
                    WC="0.9987546271748013"></String>
          </TextLine>
          <TextLine ID="eSc_line_2efb67fe"
                    TAGREFS="LT8"
                    BASELINE="1526 1861 1799 1860" 
                    HPOS="1524"
                    VPOS="1802"
                    WIDTH="273"
                    HEIGHT="101">
            <Shape><Polygon POINTS="1524 1858 1524 1903 1797 1897 1797 1858 1794 1802 1524 1805 1524 1858"/></Shape>
	    <String CONTENT="nes q̃ les"
                    HPOS="1524"
                    VPOS="1802"
                    WIDTH="273"
                    HEIGHT="101"
                    WC="0.9996058762073516"></String>
          </TextLine>
          <TextLine ID="eSc_line_1f905c03"
                    TAGREFS="LT8"
                    BASELINE="1516 1948 1774 1947" 
                    HPOS="1512"
                    VPOS="1870"
                    WIDTH="261"
                    HEIGHT="119">
            <Shape><Polygon POINTS="1515 1947 1515 1989 1770 1977 1773 1944 1764 1870 1512 1873 1515 1947"/></Shape>
	    <String CONTENT="humai¬"
                    HPOS="1512"
                    VPOS="1870"
                    WIDTH="261"
                    HEIGHT="119"
                    WC="0.999991794427236"></String>
          </TextLine>
          <TextLine ID="eSc_line_649c1dd7"
                    TAGREFS="LT8"
                    BASELINE="1512 2032 1643 2032" 
                    HPOS="1509"
                    VPOS="1974"
                    WIDTH="131"
                    HEIGHT="110">
            <Shape><Polygon POINTS="1509 2030 1509 2084 1640 2066 1640 2030 1640 1974 1509 1974 1509 2030"/></Shape>
	    <String CONTENT="nes."
                    HPOS="1509"
                    VPOS="1974"
                    WIDTH="131"
                    HEIGHT="110"
                    WC="0.9809108078479767"></String>
          </TextLine>
        </TextBlock>
        <TextBlock HPOS="1507"
                   VPOS="2217"
                   WIDTH="315"
                   HEIGHT="356"
                   ID="eSc_textblock_41a147d8"
                   TAGREFS="BT13">
          <Shape><Polygon POINTS="1507 2217 1516 2371 1563 2571 1822 2573 1822 2217"/></Shape>
          <TextLine ID="eSc_line_efb12c58"
                    TAGREFS="LT8"
                    BASELINE="1520 2283 1795 2282" 
                    HPOS="1518"
                    VPOS="2209"
                    WIDTH="276"
                    HEIGHT="121">
            <Shape><Polygon POINTS="1518 2280 1518 2310 1586 2330 1589 2330 1592 2330 1595 2330 1598 2330 1613 2318 1622 2312 1791 2330 1794 2280 1794 2220 1518 2209 1518 2280"/></Shape>
	    <String CONTENT="deu.32.a"
                    HPOS="1518"
                    VPOS="2209"
                    WIDTH="276"
                    HEIGHT="121"
                    WC="0.9722590819001198"></String>
          </TextLine>
          <TextLine ID="eSc_line_ced4bbba"
                    TAGREFS="LT8"
                    BASELINE="1532 2366 1807 2365" 
                    HPOS="1530"
                    VPOS="2298"
                    WIDTH="276"
                    HEIGHT="115">
            <Shape><Polygon POINTS="1530 2363 1530 2405 1803 2413 1806 2363 1806 2315 1530 2298 1530 2363"/></Shape>
	    <String CONTENT="Iosue.4."
                    HPOS="1530"
                    VPOS="2298"
                    WIDTH="276"
                    HEIGHT="115"
                    WC="0.9998314380645752"></String>
          </TextLine>
          <TextLine ID="eSc_line_cf2aec24"
                    TAGREFS="LT8"
                    BASELINE="1552 2444 1585 2444" 
                    HPOS="1550"
                    VPOS="2381"
                    WIDTH="33"
                    HEIGHT="107">
            <Shape><Polygon POINTS="1550 2443 1553 2488 1583 2470 1583 2443 1583 2381 1550 2381 1550 2443"/></Shape>
	    <String CONTENT="b"
                    HPOS="1550"
                    VPOS="2381"
                    WIDTH="33"
                    HEIGHT="107"
                    WC="0.9998756647109985"></String>
          </TextLine>
          <TextLine ID="eSc_line_49bdd1fa"
                    TAGREFS="LT8"
                    BASELINE="1566 2527 1793 2525" 
                    HPOS="1562"
                    VPOS="2437"
                    WIDTH="229"
                    HEIGHT="137">
            <Shape><Polygon POINTS="1565 2526 1568 2574 1619 2556 1788 2568 1791 2523 1782 2437 1562 2449 1565 2526"/></Shape>
	    <String CONTENT="Iob.1.b"
                    HPOS="1562"
                    VPOS="2437"
                    WIDTH="229"
                    HEIGHT="137"
                    WC="0.9999887262071881"></String>
          </TextLine>
        </TextBlock>
        <TextBlock HPOS="1525"
                   VPOS="2808"
                   WIDTH="232"
                   HEIGHT="183"
                   ID="eSc_textblock_649d1dad"
                   TAGREFS="BT13">
          <Shape><Polygon POINTS="1532 2808 1525 2987 1647 2991 1652 2904 1757 2905 1751 2808"/></Shape>
          <TextLine ID="eSc_line_17d0344a"
                    TAGREFS="LT8"
                    BASELINE="1536 2867 1746 2866" 
                    HPOS="1533"
                    VPOS="2793"
                    WIDTH="211"
                    HEIGHT="137">
            <Shape><Polygon POINTS="1533 2865 1533 2909 1741 2930 1744 2865 1744 2811 1634 2793 1631 2793 1533 2805 1533 2865"/></Shape>
	    <String CONTENT="2.timo."
                    HPOS="1533"
                    VPOS="2793"
                    WIDTH="211"
                    HEIGHT="137"
                    WC="0.9999848433903286"></String>
          </TextLine>
          <TextLine ID="eSc_line_70bd0a39"
                    TAGREFS="LT8"
                    BASELINE="1532 2952 1641 2951" 
                    HPOS="1527"
                    VPOS="2894"
                    WIDTH="113"
                    HEIGHT="140">
            <Shape><Polygon POINTS="1530 2951 1530 3025 1640 3034 1640 2948 1631 2894 1527 2894 1530 2951"/></Shape>
	    <String CONTENT="4.a"
                    HPOS="1527"
                    VPOS="2894"
                    WIDTH="113"
                    HEIGHT="140"
                    WC="0.9999924500783285"></String>
          </TextLine>
        </TextBlock>
        <TextBlock HPOS="1335"
                   VPOS="2983"
                   WIDTH="194"
                   HEIGHT="94"
                   ID="eSc_textblock_2b292753"
                   TAGREFS="BT17">
          <Shape><Polygon POINTS="1335 2983 1335 3077 1529 3077 1529 2983"/></Shape>
          <TextLine ID="eSc_line_abec6d09"
                    TAGREFS="LT8"
                    BASELINE="1340 3038 1516 3036" 
                    HPOS="1338"
                    VPOS="2963"
                    WIDTH="178"
                    HEIGHT="146">
            <Shape><Polygon POINTS="1340 3038 1340 3095 1409 3109 1411 3109 1413 3109 1415 3109 1415 3107 1429 3093 1516 3085 1516 3036 1512 2973 1407 2963 1405 2963 1403 2963 1338 2985 1340 3038"/></Shape>
	    <String CONTENT="on lit"
                    HPOS="1338"
                    VPOS="2963"
                    WIDTH="178"
                    HEIGHT="146"
                    WC="0.9999575018882751"></String>
          </TextLine>
        </TextBlock>
      </PrintSpace>
    </Page>
  </Layout>
</alto>
