2267 3563
469 169 966 169 gences. Cha.xuiii.

148 302 1417 158 nifeste que cest or ⁊ cest argent/ ⁊ toutes les au

166 409 1379 125 tres matieres/ desq̃lles le tabernacle fut faict:

175 486 1370 140 fut apporte des coffres ⁊ des repositoires dũg

172 570 1378 139 chascun. Aussi la loy spirituelle reqͥert auoir

166 659 1390 116 de lor pour le tabernacle qͥ est dedẽs noꝰ/ ⁊ lar

168 742 1388 130 gent qͥ est aussi dedẽs nous: ⁊ demãde aussi tou

168 825 1386 123 tes ces autres matieres/ lesquelles aussi nous

178 908 1378 123 pouuõs auoir dedens nous/ les tirer hors de

172 982 1384 125 nous: car lescripture dit. Certes la parolle est

170 1080 1394 121 pres/ en ta bouche ⁊ en ton cueur: car si tu con¬

174 1157 1390 133 fesses en ta bouche le seigneur Iesus: ⁊ que tu

168 1249 1390 120 croyes en ton cueͬ/ que dieu la ressuscite des

170 1328 1394 126 mortz: tu seras sauue. Tu prens ces choses

170 1417 1396 113 de toymesme: ces choses sont dedens toy: tu

174 1496 1396 127 peulx auoir ces choses aussi quant tu seroys

178 1599 338 103 tout nud.

346 1654 1107 131 ¶ Augustin en la secõde quinqua¬

370 1751 1073 109 gene en la pseaulme septante/ au

360 1829 1055 118 premier sermon au uerset. Pour¬

340 1916 1065 114 tant que ie ne ay pas cõgneu lite¬

340 2009 851 101 rature/ ou negotiations ⁊c.

178 2057 1387 146 ¶ Ceulx qui sont negotiateurs plains doeu¬

169 2155 1402 122 ures/ et qui se presument comme de ce quilz

175 2232 1408 140 font: telz louent leurs oeuures/ et ne par¬

187 2318 1384 137 uiennent point a la grace de dieu. Parquoy

190 2405 1369 133 telz marchans sont contre ceste grace/ que

187 2485 1375 133 ce pseaulme loue: car elle magnifie ceste gra

175 2568 1408 130 ce/ affin quon ne se glorifie de ses oeuures.

175 2654 1411 134 Comme il est dit en quelque lieu. * Les mede¬

174 2747 1409 125 cins ne feront pas resusciter les hõmes: doib¬

172 2835 1396 131 uent ilz pourtant laisser la medecine? Mais

180 2917 1384 139 quest ce icy? Soubz ce nom sont entendus

1570 190 196 124 274

1589 308 267 125 dulgẽce

1562 412 289 101 des pe¬

1562 475 170 109 chez.

1571 558 253 130 Ro.7.c

1577 967 235 146 Ro.10.d

1586 2042 262 131 Malheͬ

1589 2152 259 113 a ceulx qͥ

1592 2229 247 116 ꝓmettẽt

1580 2324 238 110 pardon

1574 2399 268 104 des pe¬

1583 2479 276 110 chez/ poͬ

1598 2580 232 104 le gai¬

1604 2663 220 116 gnaige.

1586 2779 259 207 Ps̈.87.b

839 3004 715 131 Ii .ii. les orgueilleux/
