2267 3563
1120 178 499 138 Des indul¬

720 314 1398 119 les orgueilleux/ qui promettẽt salut aux hõ¬

722 405 1408 111 mes la ou le salut est du seigneur. Ainsi dõc q̃

712 490 1406 109 ce qͥ est dit (ma lãgue meditera toute la ioͬnee

702 574 1416 106 ton salut) ueille cõtre les medecins/ cest adire

690 661 1416 112 ces orgueilleux promettans le salut: ainsi ce qͥ

690 744 1414 107 est dit (ma bouche annõcera ta iustice/ cest adi

692 827 1416 101 re non pas la miẽne) ueille cõtre ces negotia¬

704 906 1412 107 teurs/ cestadire ceulx qͥ sesiouissent de leͬs oeu

716 987 1402 109 ures ⁊ faictz. Qui sont les negotiateurs/ cest

714 1072 1392 107 adire ceulx qͥ prenẽt plaisir en eulx cõe de leͬ

716 1149 1381 109 oeuure? * Ce sõt ceulx qͥ en ignorãt la iustice

695 1229 1408 121 de dieu/ ⁊ uueillãt cõstituer leͬ ꝓpre iustice/ ne

701 1312 1414 110 sont pas subiectz a la iustice de dieu. Negoce

724 1401 1391 116 donc est ung mot bien dit/ pourtant quil est cõ

727 1475 1376 122 tre loysiuete. Le seigneur bouta iustemẽt hors

733 1558 1364 116 du tẽple/ ausquelz est dit. Il est escript. * Ma

736 1656 1361 110 maison sera appellee maison doraison: mais

730 1737 1372 101 uous en auez faict la maison de negotiation:

726 1819 1386 106 cestadire uous glorifiant de uoz oeuures/ sãs

720 1906 1396 101 chercher le repos: ⁊ non escoutãt contre uostre

714 1983 1394 109 cõtinuelle marchãdise ⁊ inquiete lescripture/

704 2057 1393 125 disãt. * Cessez/ ⁊ uoyez que ie suis le seigneur.

704 2146 1396 110 * Ce repos est annõce cõtre les marchãs. Ce re

727 2238 1370 95 pos est annõce contre ceulx qui haiẽt a cesser/

736 2321 1361 110 en faisant ⁊ eulx uantãt de leͬs oeuures: affin

733 2405 1382 106 que ilz ne reposent longuemẽt en dieu: ⁊ q̃ dau

736 2479 1373 121 tant soiẽt plus eslõgnez de la grace/ dautãt q̃

733 2568 1002 110 plus se eslieuẽt de leurs oeuures.

883 2654 1059 107 ¶ Cyprian ad Felicem/ en la qua¬

1126 2737 465 99 triesme epistre.

733 2820 1361 107 ¶ Il est necessaire que noz seruices seruẽt aux

707 2894 1390 152 cõmandemẽs diuins: ⁊ lindulgence humaine

407 1137 276 104 Ro.10.a

410 1223 270 119 Qui sõt

410 1312 270 101 les nego

421 1395 277 92 tiateͬs ð

436 1475 250 98 leglise.

433 1558 288 95 mat.21.c

433 1641 291 95 Hier̃.7.b

415 2022 277 127 Ps̈.45.b

415 2134 283 119 La seul¬

421 2217 292 125 le ꝯfiden

421 2315 300 104 ce es me¬

430 2402 265 80 rites de

424 2464 297 119 Christ re

421 2565 295 98 ceoit in¬

418 2633 306 137 dulgẽce.

415 2788 268 109 Contre

424 2891 247 155 lindul¬

1815 2998 279 109 ne peult
