2267 3563
148 302 1405 140 ne peult accepter quelque per sõne en telle cho

172 409 1381 125 se: et / ne peult estre eslargie en aucun/ la ou

170 504 1370 111 la diuine ordonnance y est moyenne/ et y a

172 595 374 101 mis la loy.

376 659 906 116 ¶ Le mesme en la .uiii. epistre.

158 742 1382 119 ¶ Cest chose adultere/ ĩfidele/ ⁊ sacrilege tout

151 825 1385 110 ce qui est ordonne par fureur humaine/ affin

160 902 1376 119 que la diuine disposition soit uiolee.? Retirez

160 991 1376 125 uous arriere de la souillure de telz gens si eui

148 1086 1391 107 tez en fuyant arriere leurs parolles/ comme le

148 1152 1394 127 chancre ⁊ la peste: la ou le seigneur le admon¬

148 1241 1394 121 neste ⁊ dit.? Ilz sont aueugles/ ⁊ conducteurs

156 1346 447 100 des aueugles

172 1514 1400 166 ¶ Bue le lieu ne le oeste

158 1666 1249 139 ment ne proffice ciens a lhõme.

356 1805 1055 117 ¶ Gregoire sur Ezechiel/ en la .x.

439 1902 845 91 Homelle/ e premier liure.

163 1977 1379 134 ¶ Il est uray que quant nous nous plaignõs

154 2069 1388 113 de la uie de noz prochains/ que nous sommes

154 2155 1405 107 cõstrains de chãger de lieu/ ⁊ de eslire ung lieu

163 2238 1402 119 secret de uie plus distãte: ascauoir nõ cõgnois

175 2330 1372 116 sant q̃ si lesprit ny est/ q̃ le lieu ny aide point.

166 2410 1384 113 Loth fut sainct en Sodome: mais il pecha en

166 2488 1384 124 la mõtaigne. Et q̃ les lieux ne fortifiẽt point

166 2577 1425 117 la pensee le premier parent du gẽre humain le

163 2654 1417 113 tesmoigne leq̃l aussi offensa en paradis. Car

166 2737 1399 113 si le lieu eut peu garder/ Satan ne fust pas tõ

166 2820 1387 125 be du ciel. Dequoy de Psalmiste regardant q̃

172 2903 1386 131 partout en ce monde ya des tentations: il de¬

436 172 996 160 gentes. Cha.xbei5.

1571 195 199 131 275

1565 320 303 119 gẽce hu¬

1565 424 265 101 maine.

1550 786 271 143 Noꝰdeb

1553 914 271 83 uõs fuyr

1553 988 247 104 ceulx qͥ

1556 1065 256 107 ẽseignẽt

1559 1149 265 103 contre le

1559 1241 220 109 seigñr.

1546 1328 263 103 mat.15.

1565 1977 256 125 Le lieu

1565 2084 274 98 ne le ue¬

1580 2164 238 98 stement

1583 2244 250 101 ne peult

1565 2321 271 107 dõner in

1568 2405 286 115 dulgẽce.

1580 2500 276 106 geñ.19.a

1598 2642 250 119 Geñ.3.b

1583 2755 265 95 Esa.14.c

1574 2823 265 178 Ps̃.138.b

1001 2988 561 129 Ii .iii. manda
