2267 3563
1120 166 487 130 Des indul¬

726 300 1380 127 manda lieu pour fuyr:mais il nen peult trou

726 385 1380 123 uer nul garny/ sans dieu/ de laq̃lle chose aussi

718 471 1394 126 demanda que cestuy mesme fust faict son lieu:

716 549 1384 133 pour leq̃l lieu demanda/ disant. * Soys moy

692 643 1410 113 cõme dieu protecteur/ ⁊ cõme ung lieu muny/

690 722 1410 123 affin q̃ tu me sauues. Les ꝓchains donc doib¬

696 809 1402 119 uent estre endurez: car cestuy ne peult estre

720 888 1386 127 faict comme Abel/ fil nest exercite de la ma¬

724 985 438 109 lice de Cain.

859 1055 1124 124 ¶ Le mesme Gregoire en la .x. Home¬

1094 1148 646 99 lie/ au premier liure.

706 1219 1386 125 ¶ Nous en uoyons aussi souuẽt daucuns cõ¬

704 1316 1402 111 me compunctz par conuersion/ par la uoix de

718 1393 1388 117 la predication/ auoir change leur habit/ ⁊ non

736 1472 1370 113 pas le couraige: tellement quilz prennent la

730 1555 1378 115 robbe de religion/ mais il ne marchent point

742 1637 1380 118 sur les uices par auant perpetrez: ⁊ sont inhu

734 1722 1398 105 mainement agitez des stimulations de cour¬

734 1801 1398 121 roux/ ⁊ par douleur de malice seschauffẽt sur

734 1888 1402 117 la douleur de leur prochain: ⁊ se enorgueillis¬

724 1973 1402 125 sent daucuns biens monstrez deuãt les yeulx

714 2064 1412 113 des hõmes: ⁊ demandent ardamment les gai¬

730 2145 1390 117 gnages de ce monde present: ⁊ ont seulle con¬

746 2226 1372 117 fidence de sainctete/ de leur habit par dehors

763 2312 1370 119 quilz ont prins. * Mais urayemẽt si quelque

766 2402 1367 115 chose se faict par dehors enuers nous/ ⁊ en no

763 2482 1379 116 stre corps/ ce nest pas de grand merite: mais

766 2565 1370 119 fault principalement regarder quelle chose se

766 2654 615 119 faict en la pensee ⁊c.

900 2719 1093 119 ¶ Chrysostome au .uii. Tome en la

944 2812 1024 131 xxxuiii. homelie sur saĩct Mat¬

1090 2907 729 123 thieu/ au .xxi. chap̃.B.

445 552 262 154 Ps̈.30.a

457 2262 288 169 Tout ce

466 2405 279 127 qͥ se faict

460 2491 276 127 par de¬

454 2589 267 92 hors ne

445 2660 276 113 proffite

445 2758 220 113 riens.

1680 2981 454 132 ¶ Et renuersa
