2267 3563
178 294 1364 129 ¶ Et renuersa les chaieres de ceul¬

180 413 1120 127 qui uendoient les cosombes.

186 546 1354 105 ¶ En parlãt/ au moins cõbien que non point

174 631 1358 107 par parolles/ toutesfoys disoit de faict. Que

174 718 1350 97 font tant de colombes a uendre au tẽple? puis

172 798 1346 98 q̃ une seulle colõbe aggreable est descẽdue au

178 884 1342 99 tẽple de mon corps: cest adire/ le sainct esprit qͥ

176 967 1352 101 a remply mon eglise? Car desormais le tẽple

166 1051 1358 99 ne plaira plus a dieu/ par le sacrifice des colõ

160 1125 1367 104 bes: cestadire leglise: mais plaira a dieu/ par le

168 1215 1360 105 sainct esprit. Car ie uous ay dit par le prophe

169 1294 1352 110 te.4 Ie ne prendray point les ueaulx de ta

166 1377 1358 110 maison/ ne les boucz de tes trouppeaux. Car

169 1469 1364 104 toutes les bestes sauuaiges des forestz sont

166 1546 1381 98 miennes: les iumentz des montaignes/ et les

166 1624 1393 112 beufz. Iay congneu toutes ues uolailles du

172 1707 1381 98 ciel. Sace uie oi dieu sacrifice de louẽge: cor ie

187 1799 1346 92 ne demãde poĩt les sacrifices m9/s les cueͬs:

181 1876 1346 110 ie ne demandepom/ les Hosties: mais la foy.

178 1959 1358 116 Pareillemẽt uous ay dit par le mesme prophe

172 2054 1361 98 te.Apportez au seigñr gloire ⁊ honneur. Et

180 2135 1368 103 si uous uoulez urayement demourer au tem¬

182 2220 1368 103 ple: prenez des oblations/ ⁊ ain si entrez en ses

188 2300 1362 107 sainctz atres. Ostez les taureaux du temple:

184 2385 1360 103 car ung seul toureau doit estre offert poͬ tout

178 2458 1355 110 le trouppeau? duquel Iacob disoit en accu¬

197 2551 1369 107 sant les Leuttes/ cestadire les prestres: pour ce

184 2636 1388 103 quilz ont occis lhomme en leur courroux/ et

184 2719 1376 97 auoiẽt esnerue de taureau en leͬ fureur. Ostez

182 2800 1364 101 les brebis du temple: car ung seul aigneau se¬

181 2880 1361 130 ra occis. Cae il est escript.  Ma maison sera

457 136 1001 160 genas. Cha.xbth.

1550 145 185 151 270

1539 789 228 122 mat.3.d

1545 1134 228 101 Act̃.2.a

1539 1297 237 107 Ps̈.49.

1550 1386 262 101 Dieu de

1553 1454 271 113 mãde la

1568 1558 244 98 foy ⁊ les

1574 1630 220 95 cueurs/

1565 1707 241 110 nõ point

1550 1802 250 101 les dons

1545 1879 237 119 exterio¬

1550 1977 110 92 res.

1553 2051 259 113 Ps̈.95.a

1562 2464 256 128 geñ.49 b

1025 2975 521 120 I i .iiii. appellee

1562 2856 241 148 mat.21.b
