2267 3563
1209 152 487 129 Des indul¬

763 267 1382 142 appelle maison doraison: ⁊ uous en auez faict

766 391 1379 87 une fosse aux larrons. * Ceulx font le temple

766 460 1373 118 de dieu estre une fosse aux larrons/ qui ensuy

766 558 1373 95 uent les gaignaiges terriẽs/ ⁊ illicites et non

766 626 1373 104 point les choses spirituelles pour le salut des

760 712 1373 107 ames. Et en telle maniere lhonneur de la reli¬

738 801 1386 103 giõ nest pas tãt lhõneur de dieu q̃ cest occasiõ

734 888 1394 97 de mauuaise marchãdise. Car Iesus entre toꝰ

748 960 1396 110 les iours en son tẽple/ cest adire/ en la saincte

754 1047 1382 110 eglise: ⁊ iette hors de leglise tous ceulx qͥ uen¬

750 1130 1374 111 dent la grace/ ascauoir les euesq̃s/ les p̃stres/

742 1217 1379 98 les diacres/ ⁊ tous les ecclesiasticq̃s/ * et aussi

745 1297 1376 110 les gẽs laitz qͥ sont du mesme crime/ qͥ pareil¬

766 1368 1370 116 lemẽt uendent ⁊ achetẽt les dõs de dieu: car il

769 1457 1370 113 est escript. Uous lauez receu pour neant/ don

760 1543 1379 95 nez le poͬ neãt. Aussi renuersa les chaieres de

766 1630 1361 95 ceulx qͥ uendoiẽt les colõbes: affin quil mon¬

763 1701 1364 116 strast q̃ lhonneur sacerdotal debuoit estre oste

760 1796 1373 95 de ceulx: qͥ estimẽt que loeuure de dieu se doibt

757 1879 1376 104 faire pour le salaire terrien. Ce donc que nous

742 1961 1392 107 auons dit des ecclesiasticques: q̃ ung chascun

726 2046 1400 103 entende le mesme de soymesme. Car lapostre

742 2122 1379 107 dit. * Uous estes le temple de dieu uiuãt: ⁊ le

748 2216 1372 97 sainct esprit habite en uous. Quil ny ait pas

740 2294 1392 95 dõc en la maison de ton cueur q̃lque marchã¬

744 2375 1392 107 dise illicite. Ne faisõs point le bien q̃ nous fai

752 2462 1382 105 sons ou q̃ nous pouuõs faire par laide du sei¬

748 2549 1384 103 gneur/ par appetit de uãterie/ ne par cõuoitise

746 2632 1386 105 de gaignage terrien/ ne par ꝯcupiscẽce de mau

746 2715 1376 105 uaises choses: affin que Iesus courrouce ⁊ fu

742 2806 1374 95 rieux ny entre ⁊ qͥl ne nettoye son tẽple auec

740 2882 1370 126 ung fouet/ cestadire par tresgriefue correctiõ: ⁊

469 293 270 110 Quant

469 391 264 87 cest q̃ le

472 460 247 104 glise est

472 552 238 110 la fosse

463 647 264 95 aux lar

466 727 196 95 rons.

457 1163 267 164 Ceulx qͥ

448 1297 282 101 achetẽt ⁊

454 1377 288 113 qͥ uendẽt

460 1475 282 95 les dons

460 1555 282 89 ð dieu se

457 1641 288 92 ront pu¬

451 1716 253 101 nis de

457 1814 235 95 mesme

463 1897 202 113 peine.

439 2072 288 184 1.corĩ.3.c

1886 2979 224 102 que de
