2267 3563
457 124 989 172 gences. Cha.xuiii.

162 275 1406 124 q̃ de la fosse aux larrõs/ cest adire de lhabita¬

160 368 1396 109 cle des diables par lusaige de mauuaise cõuoi

170 449 1378 117 tise: ⁊ de la maisõ de marchãdise/ cest adire du

174 534 1378 115 cueur anhelãt au gaignaige terrien il en faice

166 614 1390 122 la maison de son habitation. * Que tous entẽ

160 700 1385 107 dent q̃ lindulgẽce des pechez ⁊ la medecine de

154 771 1391 116 leur reparatiõ leur est necessaire. Car nul nest

169 866 1370 125 fonde de si grãde fermete: qͥl doibue estre asseu

166 953 1373 104 re de sa iustification. Parquoy mes bien ay¬

160 1033 1382 107 mez usons des uenerables institutiõs du tẽps

163 1119 1379 113 salutaire/ ⁊ nettoions noz souillures par ung

172 1197 1378 119 soing plus diligẽt. Car cõbien q̃ ceste uie mor

160 1284 1396 113 telle soit cõduicte chastemẽt ⁊ sobremẽt: neant

164 1367 1386 111 moins est tousiours couuerte daucune poul¬

166 1452 1390 107 dre de cõuersation terriẽne: ⁊ la splendeur des

168 1540 1406 98 ames crees a limage de dieu nest pas tellement

166 1619 1421 111 priuee de la fumee de toute uanite/ quelle ne

172 1700 1417 101 puis estre obfusquee daucune macule: ⁊ quelle

176 1783 1398 111 nait tousiours affaire de nettoyer. Que sil est

172 1872 1390 107 aussi necessaire aux ames treschastes: combiẽ

170 1951 1392 111 plus doibuẽt ce faire ceulx qͥ par auẽture ont

168 2028 1392 123 passe tout le tẽps de lãnee/ ou plus mõdaine¬

163 2108 1387 127 ment ou plus negligẽment? * Lesquelz nous

166 2197 1399 113 admõnestons par charite deue: q̃ tous prẽnent

169 2286 1405 107 leur refuge a la misericorde de dieu qͥ est par¬

172 2360 1387 113 tout presente: ⁊ quilz se sainctifient tous les

169 2443 1384 125 cueurs/ par digne cõfession auec lobseruance

182 2537 1397 97 des cõmandemẽs de dieu. Que la crudelite se

174 2624 1405 107 appaise/ de courroux se adoulcisse. Que ung

174 2703 1405 117 chascũ pardõne les pechez lung de lautre. Et

174 2787 1390 116 q̃ celuy qͥ demãde pardõ/ ne soit pas exacteͬ de

172 2865 1384 157 uẽgeãce. En disãt. * Pardõne noꝰ noz debtes/

1587 168 151 99 277

1577 590 265 131 Lindul¬

1565 700 262 107 gẽce des

1565 783 244 104 pechez/

1562 866 259 104 est la re¬

1562 941 238 107 paratiõ

1568 1021 250 101 de la uie

1571 1107 226 122 passee.

1583 2096 273 118 La quo¬

1589 2197 223 95 tidiane

1589 2280 256 95 extirpa¬

1571 2354 271 119 tion des

1583 2446 196 125 uices.

1571 2841 244 143 mat.6.b

1231 2965 323 124 cõme aussi
