2267 3563
993 126 739 137 Des indulgences.

752 261 1386 126 cõme aussi nous pardonnõs a noz debteurs.

760 352 1386 121 Nous nous liõs de tresdurs liens/ si nous ne

760 443 1233 113 accomplissons ce que nous promettons.

829 522 1234 113 ¶ Chrysostome sur Genese/ en la .u. ho¬

888 607 1101 111 melie au .ui. Tome/ au p̃mier chap̃.

736 684 1404 123 ¶ Nous le glorifierons/ non pas seulement

734 771 1398 119 par ce/ mais aussi par la bonne uie/ si nous ne

738 857 1402 122 retournõs point es mesmes pechez: mais que

750 938 1390 119 nous prenons du tout conge des illusions du

754 1017 1388 123 diable par diligente attention de la parolle de

748 1100 1382 123 dieu: ⁊ que par grosse estude ⁊ par continuelle

728 1183 1398 125 cõfession nous ayons soing des choses super¬

733 1261 1406 134 nelles. * Car il luy suffit par sa grande mise¬

745 1345 1388 130 ricorde/ que nous ceIIons de pecher. Car si noꝰ

769 1422 1358 139 uoulons faire cela: nous serons Iacilemẽt in¬

760 1514 1361 116 duitz a faire bõnes oeuures. Ie uous prie que

763 1606 1370 110 plus oultre nul ne se trouue au ieu des cheua

766 1677 1373 131 liers ⁊ q̃ nul ne dissipe la partie du iour en con

760 1775 1379 110 uẽticules illicites/ ne au ieu des dez: ⁊ que nul

760 1852 1379 119 cy apres ne se mesle en la clameur qui uient de

750 1933 1390 123 telles choses. Quelle est lutilite de la ieune/

742 2024 1391 122 dis ie te prie/ si toute la iournee tu ne menge

726 2106 1406 112 riens/ mais que tu te ioue et parle mensonge/ ⁊

750 2189 1376 121 souuent aussi te pariure ⁊ blaspheme/ et ainsi

740 2280 1396 107 pers toute la iournee? Ie uous prie q̃ ne soyõs

738 2355 1404 119 ainsi negligens en nostre propre salut: mesme

740 2442 1404 113 plus tost que nostre parolle soit des choses spi

736 2511 1418 122 rituelles. Et que lung prẽne en ses mains le li

748 2612 1391 116 ure de dieu: ⁊ q̃ en appellant ses ꝓchains il ar¬

738 2697 1396 107 rouse des diuines parolles sõ ame ⁊ celles des

736 2779 1376 120 assistens: affin que ainsi nous puissions chas

738 2868 1148 118 ser les trahisons ⁊ aguaitz du diable.

448 1238 220 124 Celuy

451 1342 229 112 dessert

463 1425 282 89 auoir ĩ¬

469 1499 258 122 dulgẽce

469 1588 264 104 des pe¬

463 1668 279 113 chez qͥ se

463 1757 264 113 abstient

463 1843 276 134 diceulx.

448 2013 282 124 esai.58.a

445 2592 285 136 1.tim̃.4d

1587 2963 527 111 ¶ Du sacrement
