2267 3563
103 270 1391 213 ¶ Du sacremẽt du corps

134 409 1348 200 ⁊ du sang de Christ. Chap̃.xix.

536 671 568 134 ¶ Ioan.6. E.

496 768 998 160 E suis le pain uif/ qui suis

484 875 1013 167 descẽdu du ciel. Si q̃lcũ mẽ

493 1003 1010 157 ge de ce pain: il uiura eter¬

138 1124 1370 166 nellemẽt. Et le pain que ie dõneray:

140 1231 1370 172 cest ma chair/ poͬ la uie du mõde ⁊c.

144 1338 1378 178 1.Corin.10.D. ¶ Le calice de be

144 1458 1388 175 nediction q̃ nous beneissons: nest ce

146 1573 1384 176 pas la cõmunicatiõ du sãg de christ?

156 1694 1402 166 Et le pain que nous compõs: nest ce

150 1803 1396 178 pas la particioatto de/ coxps du sei¬

158 1925 1384 167 gneur? Car entre nous qͥ sommes

152 2038 1396 171 plusieurs/ nous sommes ung pain/ ⁊

160 2157 1384 162 ung corps: a scauoir noꝰ tous qͥ par¬

168 2272 1366 166 ticipõs de ung pain ⁊ de ung calice.

176 2381 1384 172 1.Corĩ.11.F. ¶ Toutes les fois

176 2503 1382 163 urayemẽt q̃ uous mengerez ce painl

172 2620 1407 161 et que uous beuuerez ce calice uous

180 2721 1392 184 annõcerez la mort du seigneur/ ius¬

186 2876 881 154 ques a ce quil uienne.

516 146 456 152 Chap̃.xix.

141 827 349 354 C

1403 128 180 135 278

1249 2961 317 138 ¶ Beda en
