2267 3563
867 306 1180 113 ¶ Beda en sa recollection: ⁊ son les pa¬

855 399 1190 105 rolles de Augustin au sermõ faict aux

839 482 962 103 enfans a lautel/ du sacrement.

742 566 1386 103 ¶Le calice de benedictiõ ⁊c. Ce q̃ uous uoyez

722 649 1408 107 en lautel/ aussi lauez uous ueu la nuict pas-

722 732 1402 103 see. Mais uous nauez point encore ouy que

722 809 1400 111 cest/ ne quil ueult signifier/ ⁊ cõment il cõtient

740 894 1384 115 ung sacremẽt de grãde chose. Ce donc q̃ uous

744 979 1386 105 auez ueu/ cest pain/ ⁊ le calice: ce aussi que uoz

760 1062 1349 113 yeulx uoꝰ demõstrent.? Mais ce q̃ uostre foy

739 1149 1370 101 desyre destre iestruicte: le pain est le corps de

724 1229 1394 98 Christ: ⁊ le calice/ le sang. Et ce urayement est

727 1303 1400 119 dit en brief/ dautãt par aduẽture qͥl sr/ffit a la

745 1386 1373 113 soy: mais la soy de vre destre insiruicte. Car

754 1469 1355 110 le ꝓphete dit. ◊Si uoꝰ ne croyez/ uous ne len¬

751 1552 1358 101 tendrez point. Uous me pouuez dõc mainte¬

740 1644 1378 99 nãt dire. Tu as cõmande q̃ nous croyõs: ex¬

738 1722 1388 110 pose le/ affin q̃ nous lentendõs. Car une telle

734 1811 1384 107 cogitatiõ peult sourdre en lentendemẽt dung

732 1892 1390 109 chascun. Nr̃e seigñr Iesuchrist: nous scauõs

736 1974 1376 98 biẽ dõt il a prins sa chair? a scauoir de la uier

719 2048 1390 122 ge Marie. Il fut alaicte en son enfance/ il fut

716 2143 1386 105 nourry/ il deuint grãd/ ⁊ uint iusques a leage

730 2220 1374 111 dadolescẽce. Il a souffert persecution par les

734 2308 1382 106 Iuifz. Il a este pendu au boys/ et est mort au

736 2396 1379 98 boys/ et sut ensepuely/ et ressuscita au tiers

733 2473 1382 98 iour. Et mõta au ciel au iour qͥl uoulut. Illec

724 2559 1384 101 esleua son corps: duquel lieu doibt uenir poͬ

724 2640 1392 109 iuger les uifz ⁊ les mortz. La est il maintenãt

722 2725 1386 107 assis a la dextre du pere. Comment dõc est le

720 2810 1378 97 pain son corps? ⁊ le calice ou ce que cõtient le

712 2893 1380 129 calice/ comment est ce son sang? Mes freres

946 178 930 126 Du sacrement du corps

454 1048 291 115 Ce sacre

448 1134 282 101 ment est

448 1214 256 116 une cho

448 1315 262 101 se appar

445 1395 288 92 tenãte a

457 1478 232 80 la foy.

460 1543 273 122 Esa.7.b

439 1947 282 122 Luce.1.d

436 2048 265 113 Mat.2.c

448 2366 265 128 Lu.24.g

448 2479 241 142 Act.1.b.

1789 2985 305 104 pourtant
