2267 3563
993 195 907 141 Lutilite de la parolle

782 336 1380 123 on lit Moyse/ le uoile nest pas seulement sur

774 431 1388 107 leur cueur: mais y a bien aussi une paroit ou

775 504 1376 113 une muraille mise au deuãt. * Car si cestuy qͥ

763 590 1400 122 est p̃sent/ ⁊ qui escoute ⁊ y est ententif/ et si re¬

772 685 1391 110 duict a memoire ⁊ discute ce quil oyt/ ⁊ demã¬

790 754 1370 112 de ce quil ne peult entẽdre/ ⁊ aprend/ a grand

787 846 1376 116 peine peult paruenir a la liberte de science: ce¬

768 932 1398 111 stuy qui estouppe ses aureilles affin qͥl ne oye

770 1015 1399 103 ⁊ tourne le dos uers ceduy qui lit/ cõment di¬

776 1096 1388 109 roit on qͥl a ung uoile mis sur son cueur au¬

754 1179 1402 107 quel mesme aussi nest pas approche le uoile

744 1258 1416 113 de la lettre/ qui est le son de la uoix/ par leq̃l

760 1346 1406 106 est muce le sens? Parquoy regardõs q̃ le uoile

774 1427 1390 99 ne soit mis sur nostre cueur/ non pas seulemẽt

772 1510 1380 107 quant on lit Moyse/ mais aussi quant on lit

776 1589 1376 115 sainct Paul. Et le uerrõs manifestemet/ q̃ si

772 1676 1390 111 nous escoutõs negligẽment/ ⁊ si nous ne cõfe

774 1755 1392 111 rons riẽs pour nr̃e introductiõ ⁊ nostre intelli

772 1842 1386 111 gẽce: lescripture nous est couuerte dung grãd

774 1925 1388 109 uoile/ nõ seulemẽt celle de la loy ⁊ des ꝓphe¬

752 2011 1406 110 tes/ mais aussi celle des apostres ⁊ des euãgi¬

742 2098 1414 107 les. Et crains bien/ que par trop grãde negli¬

766 2177 1384 107 gence ⁊ stolidite de cueur les diuines escriptu¬

781 2256 1370 113 res ne nous soient pas seulemẽt couuertes du

772 2341 1386 111 uoile/ mais aussi signees ⁊ fermees. Tellemẽt

769 2419 1388 119 q̃ si elles sont donnees es mains de lhõme qui

768 2509 1394 111 ignore les lettres pour les lire/ qͥl ne die. Ie ne

766 2589 1392 116 cõgnois point les lettres. Et si le liure est dõ¬

778 2672 1367 113 ne en la main de cestuy qui ꝯgnoit les lettres/

775 2752 1367 113 il dira/ le liure est ferme ⁊ signe. * Dequoy est

781 2835 1358 122 mõstre quil ne nous fault pas seulemẽt rẽdre

760 2912 1379 178 peine dapprẽdre des lettres: mais aussi fault

496 510 264 119 La negli

496 602 249 110 gẽce des

484 674 252 124 chrestiẽs

478 766 285 106 ẽuers la

472 861 279 112 parolle.

472 2220 288 143 apoc.5.a

484 2419 270 128 esai.29.d

469 2660 273 113 Lestude

457 2758 291 104 ne nous

457 2835 300 113 est seul¬

463 2930 241 137 lement

1865 3022 283 103 prier au
