2267 3563
344 169 1028 181 de Christ. Cha.xix.

140 336 1398 117 pourtãt sont ses choses icy dictes sacrementz:

146 419 1378 103 pource q̃ en icelles est ueue une chose/ ⁊ une au

148 506 1374 107 tre est entendue. Ce quon uoit/ a espece corpo¬

150 587 1374 105 relle: mais ce quõ entẽd a ung fruict spirituel.

150 667 1374 118 Si tu ueulx dõc entendre le corps de Christ:

136 754 1379 107 escoute lapostre disant aux fideles. * Uous

136 828 1379 119 estes le corps de Christ ⁊ les mẽbres. * Si dõc

154 911 1367 113 uous estes le corps de Christ ⁊ les membres:

154 1006 1367 104 uostre mistere est mis en la table du seigneur/

148 1086 1373 104 uous receuez le mistere du seigñr. Uoꝰ respon

142 1175 1384 101 dez Amen/ a ce que uous estes: ⁊ en respondãt

144 1262 1374 99 uous mettez uostre signe. Tu oys donc dire/

138 1342 1390 106 le corps de Christ: ⁊ respons Amen. Soys le

142 1429 1388 101 mẽbre du corps de Christ/ affin que ton Amen

150 1506 1392 109 soit ueritable. Pourquoy donc au pain? Ne

142 1593 1414 99 mettõs icy riẽs du nostre. Escoutõs derechief

142 1670 1434 101 le mesme apostre. Quãt dõc il parloit de ce sa

148 1745 1417 110 cremẽt il dist. * Nous plusieurs sommes ung

160 1840 1382 103 pain/ ⁊ ung corps. Entẽdez/ ⁊ uoꝰ resiouyssez/

158 1922 1382 106 unite/ piete/ uerite/ et charite. Plusieurs sont

150 2019 1386 89 ung pain ⁊ ung corps. Ayez memoire que ung

146 2094 1394 105 pain nest pas faict de ung grain/ mais de plu

148 2173 1394 113 sieurs. * Quãt on uous exorcisoit (cest adire

154 2250 1396 101 quon uous adiuroit de uostre foy) alors estiez

154 2339 1385 110 uous molluz. Quãt uoꝰ estiez baptisez/ uous

150 2426 1398 91 estiez cõe embruues deaue pour petrir. Quant

162 2507 1388 99 uous auez receu la sainctification de lesprit/

164 2589 1398 107 uous estes cõe cuitz. Soyez ce q̃ uous uoyez/

156 2674 1427 99 ⁊ si receuez ce q̃ uous estes. Cecy a dit lapostre

154 2757 1423 103 du pain. Maintenãt quelle chose nous entẽ¬

154 2836 1412 105 dons du calice/ aussi le monstre il suffisam¬

152 2919 1404 141 ment. Car cõme pour faire une espece uisible

1571 213 199 125 279

1530 718 273 116 1.cor.12.d

1533 819 273 104 Noꝰ sõ¬

1536 908 243 95 mes le

1536 994 249 98 corps de

1539 1071 228 122 Christ.

1580 1716 262 145 1.cor.10.d

1562 2155 262 110 Cõment

1565 2253 238 98 le pain

1562 2321 265 143 est faict.

1302 3010 256 131 de pain/
