2267 3563
1009 219 889 129 Du sacremẽt du corps

754 356 1384 111 de pain/ plusieurs grains sont confis ensem¬

754 445 1392 107 ble: cõe si ce estoit faict/ qͥ est dit par la saincte

754 525 1388 113 escripture. * Ilz auoient ung cueur/ ⁊ une ame

732 617 1412 101 en dieu. Pareillement mes freres rememores

727 688 1412 119 cõment est faict le uin. * Plusieurs grains pẽ

733 771 1397 119 dent en la uigne: mais la liqueur des grains

739 852 1394 115 est conficte en ung. Ainsi nous a le seigneur

748 952 1390 101 Iesuchrist signifie: ⁊ a uoulu que nous appar

740 1037 1396 95 tenons a luy: ⁊ a cõsacre en sa table le mistere

739 1113 1388 92 de nostre paix/ ⁊ de nostre unite. * Qui receoit

730 1187 1391 119 le mistere de unite/ et ne garde point le lien de

716 1267 1414 119 paix: il ne receoit poĩt poͬ soy le mistere/ mais

730 1353 1406 110 receoit ung tesmoignage cõtre soy. Et nul ne

748 1448 1379 104 doibt aucunemẽt doubter/ que adonc est ung

745 1517 1370 121 chascun fidele participãt du corps ⁊ du sang

742 1615 1378 99 du seigñr: quant au baptesme il est faict mem

734 1692 1392 97 bre de Christ: ⁊ nest pas priue de la cõpaignie

730 1779 1400 101 de ce pain ⁊ de ce calice aussi quant cestuy con

732 1858 1396 105 stitue en lunite du corps de Christ/ il se parti¬

718 1939 1402 105 roit de ce monde/ auant quil mẽgeast ce pain/

706 2024 1408 109 ou quil beust ce calice. Car aussi cestuy nest

704 2114 1408 97 pas priue de la participation ⁊ du benefice de

718 2197 1384 103 ce sacrement/ quãt il a trouue ce que le sacre¬

726 2282 450 97 ment signifie.

892 2355 1097 111 ¶ Du sermon sainct Augustin/ des

890 2442 1101 109 sacremẽtz des fideles. En la secõde

885 2527 542 105 ferie de Pasque.

730 2592 1385 124 ¶ Pource que Christ a souffert pour nous: il

712 2699 1392 99 nous a recõmande en ce sacrement son corps

708 2779 1384 105 ⁊ son sang ce aussi quil a faict estre nous mes

716 2862 1381 95 mes. Car aussi nous mesmes sommes nous

690 2943 1400 125 faictz son corps: ⁊ par sa misericorde/ nous sõ¬

484 522 252 122 Act.4.g

469 685 252 110 Cõment

460 786 247 104 est faict

445 864 223 118 le uin.

433 1101 297 116 Le sacre

427 1196 286 113 ment est

427 1279 277 107 le miste¬

436 1365 283 110 re de uni

451 1454 291 104 te/ et de

451 1523 262 136 charite.

430 2583 280 139 1.Pe.2.d

421 2859 277 110 1.cor.12.d

1843 3042 251 109 mes ce
