2267 3563
347 169 1028 166 de Christ. Cha.xix.

144 330 1386 99 mes ce q̃ nous receuons. * Ayez memoire: ung

142 406 1379 101 temps a este que uous nestiez point/ ⁊ auez este

148 489 1373 98 crees. Uous auez estez apportez a laeree du sei

163 573 1358 112 gneur/ par les labeurs des beufz auez uoꝰ este

154 653 1367 113 froissez/ cest adire par ceulx qui annõcent le¬

142 748 1379 101 uãgile. Quant uous differiez encore estans

152 831 1366 95 cathecumins (cest adire instruictz) uous estiez

160 914 1360 99 gardez en la grange. Uous auez donne uoz

158 1001 1366 89 noms/ lors commenceastes uous estre mollus

148 1082 1382 97 par ieunes ⁊ adiurations. Puis apres estes ue

148 1165 1382 93 nus a leaue/ et auez este arrousez: et auez este

148 1247 1380 99 faict le pain du seigneur. Uoicy ce que uous

152 1334 1376 95 auez receu. Ainsi dõc que uous uoyez que ce qͥ

145 1410 1379 107 est faict/ est ung: soyez ainsi ung: en aymant

152 1498 1394 99 lung lautre/ en tenãt une mesme foy/ une mes

146 1577 1424 101 me esperance/ ⁊ une charite indiuisee. Quant

152 1662 1425 97 les hereticques receoiuent ceste chose ilz re¬

164 1741 1398 93 ceoiuẽt le tesmoignage cõtre eulx: car iceulx

166 1825 1382 99 demandent diuision: la ou ce pain demonstre

162 1906 1376 105 unite. Pareillement aussi une mesme chose a

150 1997 1390 101 este en plusieurs grappes/ et maintenant est

156 2080 1386 103 ung uin. Il est ung en la suauite du calice/ a¬

154 2165 1394 99 pres la pressure du pressoir. Aussi uous/ apres

156 2248 1390 95 ces ieunes/ apres les labeurs/ apres lhumili¬

158 2329 1384 91 te/ apres la contrition de cueur: maintenant

164 2408 1374 101 au nom de Christ uous estes uenuz cõme ung

162 2494 1394 101 calice du seigñr: et la estes uous en la table/

156 2579 1414 99 pareillement la estes uous au calice. Uous

156 2664 1416 97 estes aussy auec nous. Car pour ce prenons

156 2741 1414 105 nous ensemble ceste chose/ ⁊ ensemble la beu¬

156 2830 1400 99 uons/ que nous uiuons ensemble. Sy au¬

157 2906 1382 143 cun menge de ce pain/ il uiura eternellement.

1556 213 186 109 280

1536 391 291 125 ꝯmẽt noꝰ

1536 498 288 104 sommes

1536 581 279 104 faictz le

1536 671 270 100 pain du

1536 754 214 101 seigñr.

1545 1392 291 134 Ioã.17.e

1556 2897 268 143 Ioã.6.e.

1209 2995 333 116 * Et le pain
