2267 3563
433 314 277 119 Les mes

430 430 283 89 mes pa¬

430 501 283 104 rolles sõt

436 584 262 110 sur saĩce

430 662 253 109 Iehã au

421 763 259 95 25 traicte

412 834 271 113 au sixies

407 932 291 83 me cha¬

407 1003 199 110 pitre.

727 311 1364 134 7 Et le pain q̃ ie donneray/ est ma chair/ pour

727 406 1388 119 la uie du mõde: quant pourroit ce entendre la

724 498 1379 113 chair/ qͥl a dit le pain estre chair? Ce est appel¬

710 587 1393 104 le chair/ q̃ la chair nẽtend point: ⁊ pourtãt de

692 659 1405 110 tant pluz ne lentẽd pas la chair: pour ce qͥl est

692 745 1399 116 appelle chair. Et ce eurẽt ilz en horreur: ce di¬

701 834 1390 110 rent ilz beaucoup entre eulx mesmes: ⁊ estime

710 908 1393 113 rent q̃ ce ne se pouuoit faire. Ma chair (dist

719 1003 1378 98 il) est pour la uie du monde. Les fideles con¬

712 1084 1376 107 gnoissent bien le corps de Christ/ silz ne met-

690 1169 1373 101 tent pas en nõ chaloir destre le corps de christ.

692 1241 1372 112 4 Quilz soient faictz le corps de Christ/ silz

695 1333 1372 95 ueudlent uiure de lesprit de Christ. Riẽs ne uit

727 1419 1337 101 de lesprit de Chris̃/ (inon le corps de Christ.

736 1490 1331 116 Mes freres entẽdez ce q̃ iay dit. Tues dõme/

727 1585 1346 104 ⁊ as ung esprit ⁊ ung corps. Ie dis ung esput

721 1665 1364 98 qui est appelle/ ame: par laq̃lle tu es faict hõ¬

716 1749 1384 93 me. Car tu es faict dune ame et dung corps.

712 1829 1390 108 Et ainsi tu as lesprit inuisible/ ⁊ le corps uisi

710 1910 1386 111 ble. Dis moy icy duquel il uit. Si ton esprit

698 1999 1376 103 uit de lon corps/ ou ton corps de ton esprit?

690 2074 1386 113 Tout hõme qͥ uit respõd: ie uis de lesprit. Et

692 2163 1378 103 celux qͥ ne neult celoõdie ceste chose: ie ne scay

708 2240 1368 111 sil uit. Que respõd dõc tout hõme qͥ uit. Cer¬

708 2323 1380 113 tainemẽt mõ corps uit de mõ esprit. Ueulx tu

708 2414 1384 103 donc uiure aussi de lesprit de Christ: soye au

706 2492 1388 105 corps de Christ. Mõ corps uit il de ton esprit.

708 2575 1380 109 Mõ corps uit de mõ esprit/ ⁊ le tiẽ de tõ esprit.

706 2656 1382 109 Le corps de Christ ne peult uiure sinõ de les¬

700 2741 1374 109 prit de Christ. Et pourtant est ce/ que lapostre

704 2826 1360 113 Paul noꝰ exposant ce pain/ dit.F Nous qͥ sõ¬

683 2911 1378 125 mes plusieͬs/ noꝰ sõmes ung paĩ ⁊ ung corps.

932 190 895 130 Du sacremẽt du corps

401 1244 276 124 celuy est

407 1339 270 98 le corps

424 1416 283 110 de christ

436 1493 277 107 qͥ uit de

430 1585 277 104 lesprit d

427 1656 241 110 Christ.

398 2811 291 143 1.cor.10.d

1690 2988 380 119 Osacremẽt
