2267 3563
148 279 1396 142 O sacremẽt de pitie. O signe de unite. O ben

133 368 1391 133 de charite.? Celuy qui ueult uiure/ il a bien

139 448 1373 142 pour uiure: quil sapproche/ qͥl croye/ quil soit

142 537 1370 142 incorpore/ quil soit uiuifie/ quil ne se departe

139 605 1379 155 point de la cõiunction des mẽbres: quil ne soit

136 703 1385 143 pas ung mẽbre pourry qui ait desseruy destre

130 771 1391 149 couppe: qͥl ne soit pas tortu/ parquoy il en soit

140 863 1386 144 hõteux. Quil soit beau/ qͥl soit descouuert/ qͥl

152 948 1372 138 soit sain/ qͥl soit cõioinct au corps. Quil uiue

140 1033 1384 126 a dieu/ de dieu. Quil labeure maintenãt en la

138 1120 1198 138 terre: affin que cy apres il uiue au ciel.

494 1215 672 109 ¶ Au mesme sermon.

142 1278 1384 147 ¶ Christ donc ueult que on entende ceste uian

142 1373 1384 127 de ⁊ ce boire/ estre la societe de son corps et de

144 1448 1392 143 ses mẽbres: ce qͥ est la saincte eglise es sainctz

140 1543 1406 129 predestinez/ ⁊ appellez/ ⁊ iustifiez/ ⁊ glorifiez/ ⁊

139 1606 1429 139 en ses fideles. 7 Desquelz le xiemier est desia

157 1689 1420 154 saĩct/ a cauoir ua predeftination. Le secõd ⁊ le

154 1775 1411 143 tiers aussi est faict/ ⁊ se faict/ ⁊ se sera: cestadire

151 1864 1391 137 uocnhon ⁊ nutiacahon. Mais le quatiesme

142 1947 1390 135 maintenãt est en espoir/ ⁊ doibt aduenir reale¬

144 2034 1394 137 ment: cestadire glorification. Le sacrement de

144 2119 1398 133 ceste chose: cestadire/ de lunite du corps et du

154 2197 1384 144 sãg de Christ/ est en aucun lieu appareille toꝰ

152 2282 1404 134 les iours/ en aucuns lieux par certains inter¬

150 2365 1392 131 ualles de iours/ ascauoir au iour du dimẽche:

151 2446 1385 137 ⁊ est menge de la table du seigñr daucuns a la

162 2531 1400 139 uie ⁊ daucuns a la mort. Mais la chose de la

158 2610 1418 139 quelle le sacrement est en uie a tout hõme/ nest

156 2703 1416 137 en mort a personne quiconques en est partici¬

157 2776 1405 151 pant.M Ma chair (dit il) est urayemẽt la uiã¬

160 2864 1394 154 de: ⁊ mon sang est urayement le uoire. Car cõe

365 142 1064 163 de Christ. Cha.xix.

1536 338 312 131 Cõment

1527 439 291 98 les pe¬

1527 507 312 122 cheͬs sõt

1527 602 276 110 faictz le

1536 688 258 101 corps de

1536 760 222 121 Christ.

1595 152 139 121 2di

1580 1573 262 131 Les qua

1583 1680 241 113 tres de¬

1577 1769 229 101 grez de

1553 1840 235 128 Mõme.

1550 2416 280 134 1.cor.11.f

1096 2943 458 121 Kh il soit

1571 2693 244 216 Ioã.8.f.
