2267 3563
732 271 1400 136 il soit q̃ par la uiande ⁊ le boire/ les hõmes ap

732 364 1404 124 petent ce/ q̃ plus nayent fain ne soif: riẽs ne dõ

736 447 1404 115 ne cela ueritablemẽt/ sinon ceste uiãde ⁊ ce boi

736 534 1406 119 re/ qͥ faict ĩmortelz ⁊ incorruptibles ceulx qͥ le

730 619 1408 117 receoiuent: cestadire les faict estre de la cõpai¬

720 704 1404 119 gnie des sainctz: la ou il aura paix/ ⁊ plaine ⁊

713 774 1402 131 par faicte unite.? Et poͬ ceste cause: cõme aussi

724 866 1397 128 les hõmes de dieu lont entẽdu deuãt mous: no

745 947 1385 127 stre seigñr Iesuchrist a recõmande son corps ⁊

754 1024 1370 128 son sanges choses/ qͥ sont reduites a une cho¬

742 1107 1361 140 se de plusieurs. Car ausfi lung est cõsit en ung

727 1190 1382 137 de plusteͬs grains ⁊ lautre est reduit en ungde

721 1273 1400 137 plusieͬs grappes. Qui mẽge ma chair/ ⁊ boit

724 1371 1397 125 mon sangil demeure en moy/ et moy en luy.

738 1446 1390 125 Ce donc est menger ces̃te uionde ⁊ boire ce beu¬

738 1528 1374 124 uraige/ demourer en Christ/ ⁊ auoir cestuy de¬

745 1603 1376 136 mourant en luy.4 Et par ainsi/ qͥ ne demeure

745 1692 1370 119 pas en Christ/ ⁊ auq̃l Christ ne demeure pas:

751 1781 1382 116 sãs doubte il ne menge pas la chair/ ⁊ ne boit

754 1855 1370 140 point le sãg: cõbien qͥl boiue ⁊ menge le sacre¬

748 1938 1189 134 ment de si grande chose a son iugement.

722 2032 1384 143 Hebr.10. B. ¶ Tu nas point uou

728 2145 1374 145 la soccifiee ne oblectiõ: meus tu mas

742 2268 1097 135 faict ung corps conuenable.

896 2373 1010 119 ¶ Augustin en la premiere quin¬

898 2462 919 119 quagene au pseaulme .xxxix.

745 2526 1361 143 ¶ Quant ce premier sacrifice a este esleue en

732 2620 1368 127 hault ⁊ que les holocaustes des moutõs ⁊ des

739 2707 1355 125 boucz/ ⁊ des ueaulx/ ⁊ de toutes autres obla¬

722 2787 1372 126 tions ont este offertes: dieu ne les a pas uou¬

722 2876 1368 132 fu. Pourquoy na il pas uoulu ceulx que pre¬

896 134 929 151 Du sacrement du corps

481 748 208 136 Pour¬

445 849 244 104 quoy il

433 941 271 89 nous a

433 1009 288 110 laisse la

442 1113 279 80 memoi¬

436 1187 274 107 re de son

433 1276 259 101 corpsau

442 1365 181 125 pain.

481 1600 240 107 Le pe¬

445 1692 276 116 cheur ne

442 1778 232 107 menge

442 1855 288 110 riẽs: sinõ

436 1938 285 116 le signe.

442 2096 265 127 Ps̈.49b

433 2526 288 107 esa.1.c.d

424 2690 292 121 Heb.10.a

1817 2988 277 103 miers il
