2267 3563
401 127 1105 166 de Christ. Chap̃.xix.

188 283 1431 118 miers il a uoulu? Pource que toutes ces cho¬

205 377 1378 112 ses/ estoient cõme les parolles du promettant.

205 457 1371 109 Et maintenãt les parolles de promesses ne se¬

197 540 1377 109 ront plus annõcees: quant ce quelles promet¬

188 619 1391 115 tent est uenu. Ung chascun sera appelle ꝓmet¬

186 704 1391 109 tant/ iusques a ce quil dõnera. Quãt il a don

186 793 1388 107 ne: il chãge les parolles. Il ne dit pas encore/

196 872 1380 109 ie dõneray/ ce quil disoit quil donneroit: mais

188 952 1389 114 il dit/ Iay dõne: ⁊ a chãge ses parolles. Pour¬

186 1041 1391 107 quoy luy a premieremẽt pleu ceste parolle: et

181 1119 1390 116 pourquoy la il changee? * Pourtant que ce a

181 1208 1390 101 este la parolle de son temps: ⁊ luy a pleu pour

190 1282 1375 119 son temps. Quãt on promettoit adonc estoit

184 1362 1375 125 elle dicte. Mais quant ce qui auoit este pro¬

181 1445 1390 116 mis/ a este dõne: les parolles de promesses ont

184 1532 1417 106 este ostees/ ⁊ ont este dõnees les parolles de la¬

181 1612 1420 116 cõplissement. Parquoy ces sacrifices comme

193 1701 1405 101 parolles de promesses/ sont ostees. Quel accõ

199 1793 1381 92 plissement est donne? Le corps que uous con

193 1873 1378 104 gnoissez: que a la mienne uolunte ne le con¬

190 1953 1378 111 gnoissez point a uostre iugement. Tu na pas

187 2039 1381 104 uoulu (dit il) de sacrifice ne de oblatiõ. Quoy

184 2123 1395 101 donc? sommes nous maintenant en ce temps

186 2205 1401 106 delaissez sans sacrifice? Ia naduienne. Mais

190 2286 1391 107 tu mas parfaict ung corps. Pourtant nas

186 2369 1390 105 tu pas uoulu ces choses la: affin que tu par¬

190 2452 1387 111 feisse ceste icy. La perfection des promesses oste

196 2539 1380 103 les parolles qui promettent. Ceste chose icy

184 2621 1414 104 estoit promise par aucuns signes. * Les signes

184 2701 1405 113 qui promettoient sont ostez: pource que la ueri

184 2773 1393 115 te promise est dõnee. Nous sõmes en ce corps/

184 2871 1381 124 nous sommes faictz participans de ce corps.

1607 154 176 113 282

1601 329 261 149 Heb.8.c

1586 1104 247 128 La pro¬

1583 1217 250 95 messe a

1583 1282 253 110 este fai¬

1586 1374 265 98 cte au¬

1601 1466 273 92 tresfois:

1622 1546 246 98 mainte¬

1622 1621 246 101 nant est

1619 1704 258 113 faict la¬

1601 1790 270 122 cõplisse¬

1583 1888 190 104 ment.

1592 2030 264 176 Ps̈.39.b

1622 2586 234 121 La ueri¬

1607 2693 249 95 te ꝓmise

1589 2770 267 110 nous est

1583 2856 253 113 donnee.

1013 2951 555 117 Kk .ii. Nous
