2267 3563
410 543 276 131 1.cor.11.f.

692 300 1396 113 Nous congnoissons ce que nous prenons. Et

692 389 1392 107 uous qui ne le ꝯgnoissez point: faictes q̃ uous

692 475 1400 104 le cõgnoissez: quãt uous laurez congneu/ que

701 552 1387 110 ne le receuez point a iugement. Car celuy qui

694 643 1378 101 le menge ⁊ boit indignement: il boit ⁊ men¬

689 726 1383 107 ge son iugement. Car le corps nous est par¬

681 809 988 103 faict: soyons parfaictz au corps.

762 890 1251 107 ¶ Augustin des parolles du seigñr selon

906 973 941 103 sainct Iehan/ au .lxiiii. sermon.

713 1048 1360 118 ¶ Mes bien aymez. Nous sommes les filz de

704 1146 1357 86 dieu maintenãt/ par grace/ par foy/ par sacre¬

689 1223 1370 105 ment/ par le sang de Christ̃ par la redẽption

686 1306 1378 95 du sauueur. Nous sõmes enfãs de dieu: ⁊ nest

698 1395 1366 89 pas encore axpoieu d̃ de chose noꝰ serõs. Nous

712 1474 1357 101 scauõs/ q̃ quant il sera apparu/ noꝰuerõs sem¬

706 1553 1366 101 blables a luy: car nous le uerrons cõme idest.

706 1637 1382 102 Uoicy ce q̃ debuõs prẽdre pour estre nourris:

708 1722 1384 103 uoicy ce q̃ nous debuõs receuoir ⁊ mẽger: pour

700 1807 1398 103 estre nourris: ⁊ toutesfoys ce quon menge ne

704 1892 1386 101 diminue point/ ⁊ celuy qui en mẽge en est nour

689 1973 1393 103 ry ⁊ augmente. La uiande ne faict pos seule¬

679 2054 1399 95 ment croistre en la mẽgeant/ mais aussi la uiã

689 2131 1384 98 de qui se menge le deminue.4 Mais quant

710 2223 1360 87 nous aurons cõmence a menger iuftice/ a men

716 2307 1372 92 ger sapience/ a menger ceste uiande immortel¬

721 2381 1376 107 le: nous en sommes nourris ⁊ augmentez/ ⁊ si

713 2470 1381 92 ne diminue point la uiande. Si donc on te

710 2549 1378 107 louoit quelque grãde uiãde que tu debueroys

710 2638 1364 105 menger au disner tu disposeroys ton, uentre.

718 2715 1099 109 On te loue Dieu/ dispose ta pensee.

881 2800 1041 111 ¶ Augustin/ des parolles de lapo¬

984 2888 813 122 stre au deuxiesme sermon.

839 158 946 136 Du sacrement du corps

401 1012 267 134 2.Io.3.a

410 1122 252 125 Ro.8.c

410 1238 255 169 Gał.4.a

398 1371 279 125 Eph.1.a.

401 2042 270 178 La uiac

421 2197 271 92 de spiri¬

410 2286 291 92 tuelle ne

415 2360 289 107 se dimi¬

407 2446 291 113 nue poĩt.

1738 2967 329 122 ¶ Quant
