2267 3563
415 157 1085 166 de Christ. Chap̃.xix.

207 302 1418 119 ¶ Quant donc en magnifiãt tel mẽger et tel

217 395 1384 113 boire il disoit. * Si uous ne mengez ma chair

217 481 1376 116 ⁊ si uoꝰ ne beuuez mon sang: uoꝰ naurez point

211 560 1382 109 de uie en uous: ⁊ quil disoit ce de la uie: quel

201 643 1400 117 estoit cestuy/ sinon icelle mesme uie. Mais il

199 728 1396 111 sera la mort/ ⁊ nõ pas la uie a lhõme qͥ estime¬

196 813 1399 104 ra que la uie soit mẽsongiere. Ses disciples en

211 898 1382 103 furent scãdalisez/ non point tous urayement/

197 977 1400 115 mais plusieurs/ disans en eulx mesmes. Ceste

197 1062 1396 115 parolle est dure: qui est cestuy qͥ la puisse ouyr?

197 1144 1402 118 Que signifie ce? ceste parolle uous scandali¬

197 1227 1394 113 ze elle. Auez uoꝰ estime q̃ de ce corps icy q̃ uous

199 1314 1392 113 uoyez/ que ien doibue faire des parties: ⁊ que

194 1395 1391 111 ie diuise en pieces mes mẽbres poͬ les uous dõ

197 1476 1410 103 ner? Que sera ce donc/ si uous uoyez le filz de

193 1564 1432 107 lhõme montãt la ou il estoit par auãt? * Cer¬

193 1641 1438 104 tainemẽt celuy qͥ es mõte tout entier/ ne peult

205 1725 1423 115 estre cõsume. Parquoy donc il nous a donne

213 1802 1388 113 une salutaire refection de son corps ⁊ de son

205 1892 1408 121 sang: ⁊ si a en brief rendu la solution dune si

201 1979 1400 115 grande question de son integrite. Ceulx dõc qͥ

199 2064 1398 107 le ueullent menger/ quilz le mengent: ⁊ ceulx

203 2145 1410 107 qͥ le ueullent boire quilz le boiuẽt: quilz ayent

209 2224 1408 119 fain ⁊ soif: quilz mengent la uie/ ⁊ quilz boi¬

211 2310 1398 114 uẽt la uie. Mẽger ceste chose/ cest estre refectiõ

202 2390 1387 113 ne: mais tu es tellemẽt refectiõne q̃ la chose ne

213 2473 1394 113 fault pas de laq̃lle tu es refectionne. * Quest

213 2550 1406 119 ce/ boire ceste chose/ sinon uiure? Menge la

213 2633 1412 119 uie/ boy la uie: tu auras la uie ⁊ si sera la uie

205 2727 1412 109 entiere. Et adõc sera ce/ cestadire que le corps ⁊

209 2808 1402 123 le sang de Christ sera la uie dung chascun: si

207 2893 1402 133 ce quon prent uisiblement au sacrement/ est en

1639 188 162 120 283

1643 302 246 128 Ioã.6.c

1604 801 241 128 Ioã.6.f

1678 1552 208 110 Christ

1651 1656 235 95 na peu

1643 1728 246 106 estre cõ¬

1625 1814 211 112 sume.

1610 2363 279 125 Que cest

1619 2467 249 107 boire ce

1637 2544 234 137 beuurai

1643 2648 83 143 ge.

1039 2972 589 145 Kk .iii. uerite
