2267 3563
918 188 931 130 Du sacrement du corps

718 322 1384 113 uerite spirituellement beu ⁊ menge. Car nous

733 409 1382 107 auons ouy le mesme seigñr/ disant. * Cest le¬

728 496 1378 99 sprit qͥ uiuifie: mais la chair ne ꝓffite de riẽs.

720 583 1382 103 Les parolles q̃ ie uous ay dit sont esprit ⁊ uie.

776 665 1255 106 ¶ Augustin sur sainct Iehã des parolles

974 750 875 103 du seigneur/ au .liii. sermon.

698 831 1399 95 ¶ La foy tres ueritable tiẽt que le sauuteur du

696 916 1410 105 mõde nous est enuoye: car le mesme Christ an

708 1001 1396 95 nonce Christ/ cestadire le corps de Christ est

704 1082 1392 101 espars en tout le monde. Car cestuy estoit au

690 1159 1402 111 ciel: ⁊ si disoit au persecuteur qui estoit tyran¬

679 1249 1421 102 nisant en la terre. Pourquoy me persecute tu?

695 1324 1417 104 La ou le seigneur tellement ⁊ si expressemẽt le

696 1417 1406 99 dist/ quil demonstra aussi quil estoit icy en

724 1498 1372 99 nous. Et ainsi tout Christ croist: car comme

733 1576 1352 98 cestuy est icy en nous: ainsi pareillement som¬

733 1656 1358 110 mes noꝰ la en luy. * Cela faict la coniunction

736 1736 1367 101 de charite: que luy qͥ est nostre chief/ est le sau¬

736 1837 1373 95 ueur de son corps. Christ donc annõce Christ.

736 1906 1367 104 Le corps annonce son chief ⁊ le chief deffend

713 1992 1381 113 son corps: ⁊ pourtãt nous hait le mõde. Qui¬

696 2082 1402 97 conque uouldra estre en son corps ⁊ en ses mẽ¬

708 2161 1382 101 bres: qui ne soit pas esbahy si le mõde le hait.

724 2246 1368 99 Mais plusieurs recoiuent le sacremẽt de son

722 2329 1388 97 corps: mais tous ceulx qui receoiuent le sacre

722 2412 1392 95 ment ne aurõt pas aussi auec luy le lieu pro¬

718 2500 707 89 mis a ses membres/ ⁊c.

894 2571 1056 111 ¶ Hierosme au .uiii. Tome/ sur le

1065 2656 703 107 pseaulme centneuf .B.

739 2749 1358 157 ¶ Tu es le prestre eternellemẽt/ selõ

706 2878 986 148 lordre de Melchisedech.

436 388 277 143 Ioã.6.f.

424 798 253 158 Ioã.3.b.

407 1321 255 122 Act̃.9.a

424 1561 289 119 mat.28.d

421 1653 280 116 Charite

421 1742 292 107 noꝰ faict

433 1829 247 95 ung a¬

424 1912 283 104 uec dieu.

418 1992 277 127 Ioã.15.c

415 2776 295 136 heb.25.b

1690 2990 418 131 ¶ Disons ce
