2267 3563
454 157 927 175 de dieu. Chap̃.xii.

160 302 1387 125 prier au seigneur/ ⁊ faire obsecration nuyct et

160 406 1367 104 iour: que laigneau de la lignee de Iuda uien¬

172 495 1361 116 ne: ⁊ quil prenne le liure qui est ferme/ ⁊ quil

180 574 703 91 le nous uueille ouurir.

334 659 1049 112 ¶ Augustin en la troisiesme epistre

562 748 554 99 ad Uolusianum.

166 819 1367 104 ¶ La maniere de parler/ par laquelle la saĩcte

163 905 1367 107 escripture est ordõnee/ cõbien quelle puist sap¬

172 988 1358 104 procher de tous/ neãtmoins est enfonsee ⁊ ui¬

163 1080 1373 98 uemẽt entendue de tres peu de gens. Ce quelle

160 1163 1379 95 cõtiẽt de manifeste/ parle au cueur des saiges

160 1244 1379 104 ⁊ des nõ saiges cõme ung amy familier sans

163 1327 1376 95 deceptiõ. Mais ce quelle couure es misteres/

160 1401 1387 104 aussi ne se eslieue point par ung langaige su¬

163 1487 1393 104 perbe/ parquoy la pensee ung petit tardiue et

160 1573 1417 113 moins enseignee ne puist auoir la hardiesse de

181 1662 1411 98 y approcher/ cõme le poure ou riche: mais les

178 1736 1399 98 inuite tous par hũble parolle/ affin õ nõ seul¬

182 1823 1372 108 lement elle les nourrisse de manifeste uerite/

174 1910 1378 105 mais aussi q̃lle les rẽde exercitez de la secrete

172 1993 1384 105 uerite/ ayãt promptemẽt ce qͥ estoit biẽ secret et

166 2074 1390 105 couuert. Mais affin q̃ les choses manifestes

166 2161 1390 103 ne uenissent en fastidiation/ les mesmes dere¬

172 2246 1386 105 chief couuertes ⁊ obscures sont desirees: ⁊ les

184 2331 1388 99 desirees sõt aucunemẽt renouuellees/ ⁊ les re¬

182 2420 1409 87 nouuellees sõt doulcemẽt scrutinees. Par icel

172 2502 1423 81 les escriptures les mauuais entendemẽs sont

174 2573 1415 107 salutairemẽt corrigez/ les petis sont nourris/

172 2648 1405 113 ⁊ les grans sont delectez. Certainemẽt lesprit

169 2743 1396 104 est ennemy a ceste doctrine/ leq̃l par erreur ne

172 2823 1381 116 cõgnoit pas que celle est tres salutaire/ ou que

172 2911 1138 119 en estant malade hayt la medecine.

1607 219 170 89 216

1568 314 315 119 necessai¬

1553 433 324 98 re/ mais

1553 492 303 116 aussi o¬

1538 589 243 105 raison.

1559 810 265 125 Lescrip¬

1556 914 274 101 pture est

1559 997 256 104 accessi¬

1556 1077 274 107 ble a toꝰ

1562 1169 268 92 mais ne

1562 1244 268 109 est pas ð

1562 1333 277 98 tous biẽ

1565 1410 289 116 entẽdue.

1574 1499 294 101 mat.23.a

1598 1573 270 98 luc.14.d

1613 1662 249 110 apo.19.b

1595 1757 256 146 ꝓuer.8.a

1589 2642 226 134 ꝓuer.1.c

1577 2746 155 107 ⁊.8.a

1571 2826 250 110 esa.65.c

1556 2911 263 141 hier̃.7.c

1195 2994 361 117 ¶ Ambroise
