2267 3563
374 154 1075 166 de Christ. Chap̃.xix.

188 308 1393 113 ¶ Disons ce seulemẽt/ poͬquoy il a dit/ selon

180 405 1390 105 lordre. Tu ne seras nullemẽt prestre/ selon les

197 486 1363 107 oblations des Iuifz: mais seras prestre selon

184 573 1384 103 lordre de Melchisedech. * Car cõme Melchi¬

182 653 1392 109 sedech roy de Salem offrit pain ⁊ uin/ ainsi

176 738 1374 105 pareillemẽt offreras tu ton corps ⁊ ton sang/

176 821 1390 109 cõme uray pain ⁊ uray uin. Cestuy Melchise

188 906 1378 101 dech nous a donne ces misteres q̃ nous auons.

184 983 1384 111 Cest cestuy qui a dit. Qui mẽgera ma chair/ ⁊

180 1072 1388 103 beuura mon sang. Il nous a baille son sacre¬

182 1154 1116 108 ment selon lordre de Melchisedech.

356 1254 1057 109 ¶ Augustin/ au liure de la cite de

443 1344 857 108 dieu .xxi. au .xxu. chapitre.

201 1448 1384 139 Ioan.6.E. ¶ Cest icy le pain qui

192 1563 1409 133 est descendu du ciel: si quelcun men¬

194 1676 1417 133 ge diceluy/ il ne mourra poĩt. Ie suis

201 1787 1398 137 le pain uif/ qui suis descendu du ciel:

196 1906 1393 142 sil quelcun mẽge de ce pain/ il uiura

196 2036 611 119 eternellement.

207 2131 1396 109 ¶ Il est expedient de demander comment il le

201 2222 1412 101 fault entendre. Car aussi les autres ostent cest

205 2311 1408 101 entendement de ceulx ausquelz maintenant

207 2387 1392 111 nous respõdõs ⁊ a iceulx cy apres fauldra re¬

215 2474 1392 109 spõdre. Mais ceulx icy sont qͥ ne promettent

219 2557 1402 109 point aussi ceste liberation a tous ceulx qͥ ont

213 2640 1406 109 le sacremẽt de baptesme/ ⁊ du corps de christ:

209 2721 1400 115 mais seulemẽt aux catholicques cõbien quilz

213 2808 1390 105 uiuent mauuaisement: pource (dient ilz) quilz

211 2888 1394 126 nont pas menge le corps de Christ seulement

1583 188 189 112 284

1583 549 276 127 geñ.14.c

1025 2973 582 112 Kk .iiii. par le
