2267 3563
451 486 291 107 1.cor.10d

457 573 282 115 Qui sõt

457 656 241 110 ceulx qͥ

457 742 253 95 uraie/̃¬

445 816 238 119 mẽgent

433 908 259 98 le corps

439 988 294 131 de christ.

732 318 1396 117 par le sacrement/ mais par la ꝓpre chose: asca

740 409 1394 95 uoir iceulx estans cõstituez au corps diceluy:

757 498 1370 98 duquel corps dit lapostre.? Nous plusieurs

754 570 1379 115 sommes ung pain/ ⁊ ung corps.? Celuy donc

739 656 1385 113 qͥ est en lunite de son corps: cestadire/ en la cõ¬

727 742 1391 107 iunction des mẽbres des Chrestiens/ duquel

716 822 1405 116 corps les fideles cõmunicãs ont acorrstume de

727 902 1400 113 prendre le sacremẽt/ de lautel: cestuy urayemẽt

751 991 1379 101 doibt estre dit mẽger le corps de Christ/ ⁊ boire

744 1072 1370 107 le sang de Christ. Et par ce les hereticq̃s/ ⁊ les

730 1155 1384 111 scismatiq̃s separez de lrmite de ce corps/ peu¬

718 1245 1398 103 uẽt receuoir le mesme sacremẽt: mais non pas

722 1324 1404 117 utile pour eulx: mesme aussi nuysible: par le¬

734 1413 1388 101 quel ilz serõt plus griefuemẽt iugez/ ou plus

742 1492 1370 91 tard deliurez. Car ilz ne sont pas en ce lien de

744 1571 1130 119 paix/ qui est exprime en ce sacrement.

1088 1674 689 113 ¶ Au mesme chapitre.

754 1785 1372 137 Ioannis.0.F. ¶ Qui menge ma

730 1902 1388 136 chair/ ⁊ boit mon sãg/ il demeure en

708 2026 725 125 moy/ ⁊ moy en luy.

732 2145 1374 101 ¶ Il mongre que ces de menger le corps de

738 2232 1362 103 Christ/ non seulement par sacremẽt/ mais en

757 2312 1358 107 uerite: ⁊ pareillement de boire son sang car

748 2390 1373 107 ce est demourer en Christ/ affin aussi que

748 2473 1367 116 Christ demeure en luy. Car il a ainsi dit/ com

745 2571 1364 92 me se il disoit. Celuy qui ne demeure pas en

748 2654 1355 98 moy: et auquel ie ne demeure point/ quil ne

742 2735 1364 103 die ou quil nestime point mẽger mon corps ne

736 2816 1364 99 boire mon sang. Parquoy ceulx ne demeurẽt

730 2905 1366 113 pas en Christ/ qui ne sont point ses membres.

896 186 939 130 Du sacrement du corps

445 2280 291 145 La seul¬

436 2402 303 109 le unite

433 2479 303 104 et chari¬

433 2571 303 110 te/ mẽge

427 2651 226 154 christ.

1694 2986 406 115 Mais ceulx
