2267 3563
178 271 1396 130 Mais ceulx ne sõt poĩt les mẽbres de Christ:

182 364 1188 120 qui se sont les membres de la paillarde.

372 445 986 121 ¶ Augustin au .xxx. traicte sur

181 614 1372 116 ¶ Le corps de Christ est ressuscite des mortz ⁊

603 536 523 103 sainct Iehan dit.

176 704 839 115 fault quil soit en ung lieu.

356 783 1057 113 ¶ Icelluy mesme contre Adaman¬

172 932 1381 130 ¶ Ces troys choses le sãg est ame. Uoicy mõ

502 870 531 103 tinum. chap̃.xii.

163 1015 1390 140 corps/ ⁊ la pierre estoit Christ. Il enseigne ces

166 1119 1390 113 choses estre dictes/ ainsi commẽt il parle par

176 1203 1108 113 figure en signe ⁊ significatiuement.

279 1270 1182 134 ¶ Et le mesme entre plusieurs autres

425 1363 883 113 choses uient a ceste par olle.

166 1422 1384 139 ¶ Ie puis aussi interpreter ce commandement

166 1520 1387 133 estre en signe: car le seigneur na pas doubte de

166 1603 1411 130 dire/ uoicy mon corps/ quant il donnoit le si¬

178 1712 548 103 gne de son corps.

312 1773 1165 121 ¶ A mbroise sur lepistre premiere oux

487 1868 738 109 Cortniens. Chad.xi.

172 1941 1380 127 ¶ Pourtãt que nous sommes deliurez par la

168 2032 1376 109 mort du seigneur ayant recordation de ce en

164 2116 1388 116 mẽgeant ⁊ beuuãt/ nous signifiõs la chair ⁊le

174 2203 1255 116 sang/ lesquelz ont estez offers pour nous.

380 2286 954 111 ¶ Cyprian au second liure des

526 2371 570 99 epistres. Chap̃.iii.

175 2437 1375 125 ¶ Uourtãt q̃ en tous sacrifices nous faisons

166 2526 1390 125 mention de la passron de Christ. CCar la pas¬

172 2618 1393 122 sion du seigñr est le sacrifice q̃ nous offrons.)

172 2704 1390 116 Nous ne debuõs faire autre chose q̃ iceluy na

169 2788 1381 115 faict/ car lescripture dit. Toutes les foys que

166 2865 1367 142 uoꝰ mengerez ce pain ⁊ deuurez ce calice uous

382 144 1035 143 de Chrest. Chap̃.xix.

1583 139 187 149 287

1562 573 286 130 Le corps

1556 682 289 105 de christ

1540 775 299 95 apres la

1544 857 267 89 resurre¬

1562 929 268 107 ctiõ est en

1574 1021 256 95 ung lieu

1571 1089 256 113 Ces pa¬

1550 1179 283 101 rolles de

1556 1255 232 107 Christ/

1536 1348 267 106 Hoc est

1565 1419 289 116 corpꝰ me

1565 1505 297 101 um/ sont

1586 1600 235 89 enten¬

1587 1676 270 97 dues si-

1554 1761 301 115 gnificati

1554 1852 289 107 uement.

1577 2407 253 146 Note q̃

1577 2529 259 101 il ne dit

1580 2606 250 113 point le

1571 2690 253 109 corps et

1559 2773 259 118 le sang/

1553 2871 268 95 mais la

1550 2954 262 130 passion/

1230 2966 303 118 annõcerez
