2267 3563
930 146 931 152 Du sacrement du corps

786 279 1366 144 annõcerez la mort de Christ tãt quil uiengne.

784 368 1372 140 Doncques toutesfoys que nous offrons le ca

786 453 1368 144 lice en la memoire du seigneur ⁊ de sa passion

776 536 1364 144 faisons ce qͥl appert auoir este faict du seigñr.

962 649 948 117 ¶ Augustin sur sainct Iehan/

1001 738 905 117 au .xxui. traicte. chap̃.ui.F.

770 837 1390 154 ¶ Qui menge ma chair/ et boyt

778 962 1386 148 mon sang il demeure en moy/ et

778 1070 465 123 moy en luy.

775 1160 1364 149 ¶ Mẽger ceste uiãde/ ⁊ boire ce beuuraige/ cest

757 1258 1382 137 demourer en Christ: ⁊ auoir iceluy demourãt

760 1348 1382 136 en luy. Et par ainsi/ celuy qui ne demeure pas

769 1443 1364 121 en Christ: ⁊ auquel Christ ne demeure point:

787 1511 1352 136 sans doubte cestuy ne menge point spirituel¬

787 1594 1352 125 lement sa chair/ ⁊ si ne boit pas son sang: com

778 1671 1373 143 bien que charnellement et uisiblement il pres¬

784 1760 1373 143 se en ses dentz le sacrement du corps et du

781 1849 502 122 sang de Christ.

926 1953 970 133 ¶ Le mesme/ au .xxuii. traicte/

1077 2052 530 103 au .ui. Chapitre.

742 2125 1396 129 ¶ Il a expose la maniere de ceste attributiõ/ ⁊

736 2206 1394 124 de son don: cõment il donneroit sa chair a mẽ¬

766 2288 1372 134 ger/ disant. Qui menge ma chair/ ⁊c. Le si¬

760 2379 1382 117 gne quil a menge ⁊ beu/ cest quant il demeure

766 2452 1373 128 ⁊ quil est demoure. Sil habite ⁊ est habite: sil

752 2537 1380 135 est adherãt/ ⁊ quil ne soit pas delaisse. Ce dõc

750 2626 1376 131 nous a il enseigne ⁊ admonneste par parolles

750 2709 1370 133 misticques: q̃ nous soions en son corps/ soubz

750 2802 1374 133 ce chief/ en ses membres/ mengeans sa chair/

748 2882 756 132 sans delaisser son unite.

531 1184 232 110 Mẽger

472 1282 273 104 la chair

469 1356 276 113 de christ

478 1440 258 103 et boire

492 1522 282 111 son sang

484 1606 288 107 est ðmeu

481 1683 217 119 rer en

481 1781 285 105 luy par

484 1852 249 119 foy/ et

465 1945 227 93 luy en

457 2030 200 93 nous.

478 2449 276 143 2.cor.13.b

1746 2979 382 128 ¶ Si uous
