2267 3563
317 139 1073 169 de Christ. Cha.xix.

130 270 1394 154 ¶ Si uous uoyez le filz de lhomme montãt

128 393 764 113 la ou il estoit par auant.

136 453 1366 140 ¶ Quelle chose est ce? De ce deslie il ceulx qͥl

136 544 1368 121 auoit cõgneu: de ce manifesta il la chose dont

136 625 1366 127 ilz auoiẽt este scandalizez: ⁊ ce manifestement

130 703 1373 143 silz lentendoiẽt. * Car iceulx pensoient quil

121 786 1382 125 bailleroit son corps: mais il dit/ quil mõteroit

130 884 1370 110 au ciel totallemẽt entier/ disant. Quãt uous

142 950 1364 136 uerrez le filz de lhõme montant la ou il estoit

136 1033 1376 145 par auant. Au moins adonc uerrez uous quil

133 1119 1373 133 ne baille pas son corps en la maniere q̃ uous

130 1205 1376 128 estimez: au moins adõc entendrez uous: que sa

140 1300 1283 123 grace nest pas cõsumee par morseaulx/ ⁊c.

295 1385 1090 121 ¶ Augustin en la seconde quinqua¬

469 1470 722 111 gene. Pseaulme .xcuiii.

150 1534 1404 138 ¶ Quãt le seigneur a cõmande cecy: il auoit

152 1625 1408 130 parle de sa chair/ ⁊ auoit dit. Celuy q̃ ne mẽ¬

170 1708 1400 128 gera ma chair naura poĩt en soy uie eternelle.

162 1789 1396 127 Et dit. Les parolles lesq̃lles ie uous ay dictes

160 1864 1376 146 sont esperit ⁊ uie. Entendez spirituellemẽt ce

151 1962 1385 122 que ie uous ay dit. Uous ne mẽgerez point ce

154 2036 1373 143 corps q̃ uous uoyez ⁊ ne beuurez point le sãg

157 2122 1361 146 leq̃l sera respãdu par iceulx qͥ me crucifierõt.

401 2216 943 119 ¶ Du liure des Sentences de

706 2306 313 108 Prosper.

190 2371 1350 134 ¶ Ceduy qui demeure en Christ ⁊ auq̃l Christ

178 2455 1369 131 habite a prins la uiande de uie ⁊ a beu le beu¬

166 2535 1402 128 urage deternite. Car celuy qͥ discorde de Christ

163 2633 1417 122 ne mẽge poĩt la chair de Christ ne boit le sãg:

166 2707 1402 119 encores quil prẽne tous les iours indifferem¬

170 2794 1390 131 ment le sacrement de si grand chose au iuge¬

172 2895 774 133 ment de sa presumption.

1542 164 182 117 286

1542 276 225 133 Io.6.f

1509 662 273 121 Le corps

1512 754 276 112 de Christ

1509 840 279 110 est mõte

1512 926 279 119 entier au

1521 1024 270 89 ciel ⁊ ne

1521 1098 273 107 se consu

1521 1175 261 113 me poĩt

1514 1276 287 97 par mor

1516 1355 265 97 ceaulx.

1577 1637 198 100 Io.6.e

1547 1885 265 101 Le corps

1547 1962 271 110 uisible ð

1547 2045 271 113 christ ne

1553 2134 253 107 se mẽge

1546 2228 291 85 point ne

1550 2308 269 116 le sang.

1568 2464 256 119 Ioã.6.f

1589 2565 259 104 Ioã.14.c

1595 2633 247 113 Note di

1589 2725 238 125 ligẽmẽt.

1209 2961 341 134 ¶ Augustin
