2267 3563
294 136 1040 166 de Christ. Cha.xix.

114 277 1394 134 ¶ Cõgnoissez que ce sont figures qͥ sont escri¬

106 376 1378 108 ptes aux liures diuins: ⁊ pource doibuẽt estre

103 451 1373 107 examinees cõme spirituelles ⁊ nõ cõme char¬

112 540 1368 113 nelles/ ⁊ entendez les choses qͥ sont dictes. Car

116 621 1366 115 si uous receuez ces choses icy cõe charnelles/

110 706 1370 113 elles uoꝰ blessent ⁊ ne nourrissent point. Car

103 780 1379 119 la lettre qͥ occist non seulement est trouuee au

112 870 1368 117 uieil testament/ mais aussi en leuangile. Au

112 953 1367 109 nouueau testamẽt est la lettre qui occist celuy

118 1036 1364 113 qui ne considere spirituellemẽt les choses qui

115 1128 1367 110 sont dictes/ Car si tu ensuys selon la lettre ce

106 1202 1379 122 mesme qui est dit. Sinõ que uous mẽgez ma

106 1288 1379 116 chair et beuuez mon sang/ Ceste lettre occist.

106 1374 1379 98 Ueulx tu que ie te ameine une autre lettre de

112 1451 1382 113 leuãgile qui occist. Qui ne na (dit il) glaiue

112 1540 1406 104 quil uẽde sa robbe ⁊ achete ung glaiue. Uoys

112 1618 1427 107 tu ceste lettre est de leuangile/ mais elle occist.

124 1698 1403 125 Ueritablemẽt si tu la receoys spirituellemẽt

118 1781 1397 107 elle ne occist point/ mais en icelle est lesperit ui

124 1872 1384 109 uifiãt. Et pour autãt receoys spirituellement

116 1955 1378 111 les choses qui sont dictes/ soit en la loy ou en

112 2036 1376 104 leuãgile: car lhõme spirituel iuge toutes cho

124 2127 1020 111 ses/ mais luy nest iuge de ꝑsonne.

370 2205 914 120 ¶ Iceluy mesme audict liure

631 2294 398 105 homelie .ix.

140 2369 1366 109 ¶ Et toy qui est uenu O uray euesque que de

142 2454 1368 113 son sang ta rendu dieu propice ⁊ ta recõseille

124 2541 1402 109 au pere: ne soys point adherant au sang de la

122 2618 1418 117 chair/ mais aprẽs plus tost le sãg de la parol

124 2703 1414 103 le ⁊ escoute iceluy qͥ te dit. Car icy est mõ sang

126 2789 1410 112 qui pour lamour de uous sera respandu en la

126 2870 1398 136 remissiõ des pechez. Celuy qui est imbeu des

1542 166 164 117 287

1488 454 285 104 1.cor.11.f

1494 771 273 134 2.corĩ.3.a

1530 947 234 124 Plusi¬

1491 1051 273 92 eurs cho

1491 1110 279 110 ses sont

1494 1205 279 113 en lescri

1497 1300 250 98 pture q̃

1500 1374 288 95 ne se peu

1515 1460 285 98 uent en¬

1539 1535 264 101 tẽdre si¬

1553 1633 256 100 non spi¬

1539 1704 258 107 rituelle¬

1527 1787 184 113 ment.

1509 2036 246 125 1.cor.2.d

1233 2959 283 117 mysteres/
