2267 3563
499 629 249 154 Le sage

490 757 240 101 ment de

484 831 172 133 paix.

784 328 1364 119 mysteres: a congneu ⁊ la chair et le sang de la

782 423 489 99 parolle de dieu.

863 498 1162 113 ¶ Chrysostome au premier Tome en

1015 587 863 101 la . li. Homelie/ du .xu. chap̃.

763 653 1388 118 ¶ Uerit ablemẽt ce sacremẽt est le sacremẽt de

754 748 1394 116 paix: ⁊ ne conuient point a la queste dargent

766 831 1382 116 ne a la Simonie. Car si cestuy pour nr̃e cause

770 922 1386 103 na pas espargne soymesme de q̃l torment se¬

781 997 1376 104 rõs nous dignes/ si nous ne auõs pitie de nr̃e

766 1082 1374 105 ame pour laq̃lle Christ sest soyme me baille/

752 1169 1390 105 la ou nous esbargnõs largẽt? Dõc q̃ nul Iu

751 1252 1391 104 das: ⁊ q̃ nul Simon ne sapproche de ceste ta¬

752 1336 1400 105 ble: lesq̃lz tous deux sont ꝑdus par cõuoitise

766 1421 1382 101 dargẽt Uarquoy ie uoꝰ prie/ que nous fuyõs

766 1500 1372 105 ceste fosse: ⁊ ne estimõs point estre assez pour le

776 1583 1362 105 salut: si quãt nous auõs pille les uefues ⁊ les

787 1659 1346 110 orphelins/ que nous offrons a ceste table ung

778 1757 1370 89 calice dor ⁊ biẽ aorne de pierreries.? Ueulx tu

781 1829 1370 109 hõnorer ce sacrifice? offre ton ame/ pour laq̃lle

778 1909 1367 115 Christ a este occis: fais la toute dor. Que si tõ

754 1992 1397 116 ame est u/ q uais/ eau de ꝯerain plomnbe: que te

742 2074 1402 119 ꝓffiteront les uaisseaux dor? Aussi urayemẽt

752 2167 1388 99 ceste toble nestoit pos dargent/ ne ce calice ne¬

766 2248 1368 105 stoit pas dor/ par leq̃l Christ donna son sang

760 2331 1378 105 aux disciples: neãtmoins q̃ toutes les choses

760 2410 1376 111 estoyẽt pcieuses/ et plaines de ueneration: car

775 2491 1367 101 elles abõdoyent desperit.7 Ueulx tu hõnorer

766 2583 1379 104 le corps de Christ? Ne le desprise point la ou

769 2660 1370 104 il est nud: ⁊ ne le uest pas aussi icy en leglise

766 2743 1370 104 de drapz de soye ⁊ que tu le laisse es rues trem

766 2823 1367 113 bler de froid et tout nud. Car celuy qͥ a dit. Ce

760 2906 1370 140 est mon corps/ ⁊ qui a faict la chose aussi auee

974 199 936 127 Du sacrement du corps

466 964 282 140 rom̃.8.f

463 1226 267 124 Act.8.cd

490 1650 255 110 esa.58.b

484 1739 282 107 Le uray

481 1823 249 109 hõnenr

481 1915 276 107 de ce sa¬

466 2004 214 101 crifice.

481 2467 261 131 les trop

490 2565 264 116 suꝑflux

472 2663 282 92 ornemẽs

466 2749 288 98 faitz au

457 2832 297 95 tẽple sõt

451 2915 288 110 reprouez

1768 2996 354 101 la parolle?
