2267 3563
126 312 1380 119 la parolle/ le mesme a dit. Uous mauez ueu

124 412 1364 110 auoir sain/ ⁊ ne mauez point refectionne: et en

130 492 1372 107 tant q̃ ne lauez point faict a lung de ces trespe

136 576 1370 106 tis: uous ne me lauez point aussi faict. Certai

138 659 1362 105 nement ce corps de Christ icy/ na que faire de

134 740 1364 99 uestement: mais a affaire de lame nette: mais

132 825 1370 107 le corps de Christ qui est es rues a affaire de

145 911 1358 110 grãd soing/ ⁊ de grãde diligence.? Apprenons

142 994 1361 104 donc a totallement philozopher/ cest adire a

136 1059 1370 119 cõgnoistre par amour Iesuchrist: et aussi a le

133 1146 1373 115 honnorer a sa uolunte. Et q̃ celuy qui est hon

130 1244 1373 98 nore: quil soit principalement ioyeulx de tel

133 1318 1370 116 honneur quil ueult auoir/ ⁊ non pas de celle q̃

133 1410 1376 104 nous desirõs. Aussi Pierre estimoit ainsi hon

130 1493 1403 101 norer Christ/ sil le eut peu empescher de lux la

133 1570 1412 104 uer les piedz: ce urayemẽt qui estoit ou cõtrai¬

140 1656 1414 107 re. Pareillement ou(Ietoo/ uõnore le tellemẽt

154 1732 1390 118 quil ueult estre uonnore: eslargis tes richesses

156 1823 1368 106 aux poures. On na q̃ faire des uaisseaux dor/

144 1904 1374 109 mais des ames dor. Respõdz ie te prie: quelle

138 1987 1378 107 est lutilite si la ou sa table est aornee de telz

142 2068 1372 117 uaisseaulx dor/ ⁊ q̃ cestuy meure de fain? Par

140 2163 1390 107 quoy premier rassasie celuy qui a fain: puis

138 2250 1396 101 apres de quelque abondance tu aorneras sa

139 2315 1382 110 table. Tu fais ung calice dor: et ne luy don¬

152 2405 1368 110 ne pas ung trait deaue froide a boire: et quel

148 2476 1367 119 proffit a il de ceste chose? Les couuertures des

146 2569 1400 111 tables resplandissent en or: et tu luy denie ses

140 2654 1408 111 couuertures necessaires: quelle chose dõc luy

142 2731 1408 113 donne tu? Dis ie te prie. Si tu ueois quelque

140 2822 1394 109 passant mortrir de fain: et que tu ne eusse pas

150 2905 1380 125 soing de luy subuenir a sa necessite/ mais que

323 145 1046 181 de Christ. Cha.xa.

1540 197 190 117 289

1509 403 312 116 mat.25.d

1524 884 258 134 Le plus

1524 991 258 116 grãd hõ

1521 1089 246 86 neur de

1518 1157 270 98 dieu/ est

1521 1247 255 103 si noꝰ a¬

1521 1321 252 119 complis

1533 1419 255 95 sons sa

1553 1484 241 116 uolũte.

1568 1582 250 110 Ioã.13.a

1536 2289 273 145 mat.10.d

1542 2500 246 109 Iac.5.a

1559 2737 241 172 1Ioã.3.c

1328 3004 194 113 tu luy
