2267 3563
968 180 889 126 Du sacremẽt du corps

746 318 1372 113 tu luy acoustras une table dor ⁊ dargẽt: q̃lles

748 409 1380 113 graces estime tu auoir de luy? Que feroys tu

738 494 1386 111 aussi quãt tu uerroys ung hõme tout engele

722 574 1400 116 de froid/ ⁊ q̃ tu ne luy baillerois point de ueste

708 659 1408 111 ment: mais que tu esleuerois des ymages dor

712 744 1396 107 a sa louẽge? ne seroys tu pas estime estre ung

724 819 1379 110 mocqueur? * Ainsi te fault il aussi penser en

748 905 1367 119 Christ/ quãt lhõme errãt ⁊ uagãt est estrãgier

745 991 1376 113 ayant affaire de couuerture/ ⁊ q̃ alors tu ne le

751 1080 1355 110 receoys point. Tu aorne les pauemẽs de uer¬

727 1152 1376 118 meil ouuraige/ tu edifie des murailles magni

718 1247 1396 106 fiques/ tu eslieue les testes des colomnes/ tu

718 1332 1398 101 fais pendre des lampes aux sommiers dorez/

726 1409 1390 115 ⁊ tu nas point soing de le uisiter la ou il est lie

740 1494 1364 105 en prison. Ie ne deffens uoint de edifier des tẽ¬

744 1573 1354 109 ples magnificques: mais ie admõneste de pre¬

742 1656 1360 113 mier faire les autres choses: ⁊ mesme admon¬

740 1737 1372 109 neste quelles soiẽt faictes. Car iamais nul ne

746 1823 1366 112 fut accuse/ pource qͥl na pas edifie des tẽples

732 1906 1382 113 magnificques: mais certainemẽt la gehẽne: le

724 1989 1384 103 feu qui ne peult estaindre/ les tormẽs des dia¬

721 2066 1376 128 bles sont ꝓchains a celuy qͥ ne uouldra point

714 2165 919 103 auoir le soing des pouures ⁊c.

867 2232 1144 117 ¶ Chrysosto. au .iii. Tome/ sur lepistre

853 2325 1164 109 aux Hebrieux/ en la .xuii. Homelie du

833 2410 430 105 ix. chapitre.

739 2476 1367 127 ¶ Ne offrõs nous point tous les iours? Il est

745 2577 1358 104 uray q̃ nous offrõs: mais cest en faisant la re¬

745 2663 1349 104 cordation de sa mort. Et ce sacrifice est ung/ ⁊

742 2740 1343 116 non point plusieurs. Cõment est il ung ⁊ non

739 2814 1346 122 plusieurs? Pourtãt q̃ celle oblatiõ a une fois

727 2903 1358 137 este offerte: elle a este offerte au sancta sctõruz:

445 807 262 107 Il fault

430 896 297 101 auoir de

424 973 312 104 uãt tou¬

427 1071 312 95 tes cho¬

439 1140 285 118 ses le so¬

427 1237 256 99 ing des

433 1332 240 107 poures.

433 2075 271 134 mat.25.d

459 2313 297 105 Nr̃e sa¬

451 2405 313 98 crifice est

451 2494 262 83 la me¬

439 2562 288 101 moire du

445 2651 271 101 sacrifice

433 2725 300 119 de christ.

427 2888 283 140 Hebr.9g

1827 2994 273 93 mais ce
