2267 3563
952 186 883 140 Lutilite de la parolle

849 324 1160 125 ¶ Ambroise ad Constantium/ au .uii.

1041 419 782 103 liure/ en la .xliiii. epistre.

733 495 1388 113 ¶La diuine escripture est une mer/ ayant en

719 584 1408 119 soy des sẽs ꝓffons/ ascauoir la haultesse des

710 665 1417 115 parolles ꝓpheticques: en laq̃lle mer plusieurs

730 760 1394 104 fleuues sont entrez. Il ya donc des fleuues

745 828 1379 119 doulx ⁊ clers. Il y a aussi des cleres ⁊ blãches

742 918 1388 115 fontaines/ qͥ saillent en la uie eternelle. Il ya

736 1005 1400 107 aussi des bõnes parolles/ comme les rayes de

730 1082 1404 111 miel/ ⁊ des sentẽces aggreables qui arrousent

716 1169 1406 107 les entẽdemẽs des auditeurs par aucune bois¬

712 1249 1414 120 son spirituelle/ ⁊ les attirẽt par la suauite des

708 1336 1430 107 cõmandemẽs de bõnes meurs. Il ya donc di¬

734 1419 1402 105 uers ruysseaux des saĩctes escriptures. * Re¬

754 1511 1367 98 cueille leaue de Christ/ celle qui loue le seigñr.

754 1585 1367 107 Recueille leaue de plusieͬs lieux/ q̃ les nuees

754 1662 1379 116 propheticques respandẽt. Quicõque recueille

751 1760 1388 104 leaue des mõtaignes/ ⁊ les tire a soy/ ou qͥ la

748 1829 1391 77 puise des fontaines: cestuy aussi arrouse cõme

736 1920 1402 106 les nuees. Remplis donc le geron de ta pẽsee/

722 1997 1408 117 affin q̃ ta terre soit moiste/ ⁊ q̃lle soit arrousee

710 2082 1420 111 des fontaines domesticques. Celluy dõc qͥ lit

714 2165 1410 111 beaucoux ⁊ qui entẽd/ il est emply: ⁊ celuy qui

730 2250 1396 109 est remply arrouse les aultres. Pourtant dit

751 2324 1382 125 lescripture. Se les nuees sont plaines/ elles

739 2413 1400 107 respandrõt la pluye sur la terre. Que tes pa¬

740 2500 1392 110 rolles donc soiẽt coullantes: q̃lles soiẽt pures

748 2583 1382 115 ⁊ cleres/ affin que par morale disputation/ tu

748 2663 1370 110 respãde leaue doulce es aureilles des auditeͬs:

742 2749 1378 113 et que par la grace de tes parolles tu attire le

742 2834 1374 107 peuple a uoluntairement suyuir la ou tu les

732 2915 1384 133 ueulx mener. Que sil y a quelque contumace

442 448 277 151 ps̈.118. m

448 578 259 110 La diui¬

439 662 259 107 ne escri¬

436 757 265 98 pture est

427 837 286 136 une mer

478 1490 252 104 La do¬

448 1576 276 95 ctrine de

448 1653 285 110 christ est

445 1757 285 92 ꝯparee a

448 1823 214 109 leaue.

445 2318 211 116 Eccłs

442 2434 140 80 11.a

427 2562 300 119 1.tim̃.5.a

427 2672 300 127 2.tim̃.2.d

1734 3000 380 125 ou quelque
