2267 3563
170 287 1404 124 mais ce sacrifice est lexẽple de cestuy/ ⁊ tor¬¬

172 380 1392 114 iours offrons le mesme. Et ne offrons point

180 465 1376 114 maintenant ung aigneau/ ⁊ demain ung au¬

182 548 1380 115 tre: mais tousiours le mesme. Et pourtant ce

172 629 1386 119 sacrifice est ung: autrement pour la raison/ qͥl

162 714 1390 111 est offert en plusieurs lieux: ya il plusieurs

162 795 1392 117 Christz: nõ/ mais Christ est ung partout ⁊ est

168 884 1382 109 icy entier/ ⁊ tout plain en lautre lieu/ cest ung

172 963 1380 117 corps. Et ainsi que celuy qui estoffert partout

164 1053 1388 108 est ung corps/ ⁊ non point plusieurs corps: pa

160 1132 1390 107 reillement aussi est ung sacrifice. Et nostre pre

158 1213 1392 113 lat est cestuy/ qui a offert loblation nettoyãte:

158 1302 1390 107 nous luy offrons maintenant icelle: laquelle

158 1383 1380 111 adonc offerte urayement ne se peult cõsumer.

172 1454 1375 128 7 Mais ce que nous faisons/ est faict en la cõ

154 1538 1414 118 memoration de ce qui a este faict. Faictes cela

160 1612 1420 130 (dit il) en ma cõmemorodion. Nous ne faisõs

172 1701 1408 130 poiat ung autre sacrifice/ cõme le grand pre¬

172 1791 1392 119 stre: mais faisons tousioͬs le mesme: ⁊ saisons

166 1880 1093 113 plus cost la tecordatron du sacrifice.

328 1965 1051 113 ¶ Auguftin au .x. liure de la cite de

483 2054 627 97 dieu/ au .u. chapitre.

157 2105 1388 145 ¶ Le sacremẽt uisible/ cest le testamẽt/ cestadi

150 2211 1186 110 re/ le sacre signe du sacrifice inuisible.

277 2290 1196 122 ¶ Chrysostome au premier Tome sur

362 2379 1029 107 le .uiii. chapitre de sainct Mat¬

469 2466 798 97 thieu/ en la .xui. homelie.

164 2529 1392 129 ¶ Cest une chose totallement absurde: q̃ nous

156 2630 1408 113 aussi auons tous les iours la fruition de ses

156 2715 1408 113 benefices/ par cest oeuure: ⁊ que ne luy en ren¬

162 2791 1394 112 dons point graces par sermon: ⁊ ce aussi la on

158 2874 1378 130 de rechief noꝰ proffite ceste ꝯfession de louẽge.

418 133 1031 166 de Christ. Cha.xa.

1577 136 220 152 2d9

1568 1333 294 216 Noofai¬

1586 1517 279 110 sõs tout

1598 1618 261 92 en cõme

1595 1689 259 110 moratiõ.

1568 2099 256 118 Le sacre

1550 2199 281 97 mẽt uisi-

1524 2282 315 97 ble est si¬

1524 2369 317 105 gne ð lin

1526 2446 281 107 uisible.

1067 2957 471 117 Ll Caraussi
