2267 3563
1176 182 415 134 De lordre

724 299 1400 140 Car aussi cestuy na riens affaire de noꝰ: mais

733 406 1376 110 auõs affaire de tout ce quil a. Combien aussi

736 486 1367 110 que laction des graces ne luy puisse riens ad¬

727 573 1376 106 iouster: toutesfoys elle noꝰ faict plꝰ familiers

700 667 1402 103 enuers luy. Car quãt nous auõs memoire des

692 750 1400 103 benefices des hõmes/ nous en sõmes plus fort

689 833 1413 103 embrasez en lamour diceulx: par plꝰ forte rai¬

720 914 1392 105 son/ si nous sommes recordans des benefices

718 1003 1396 95 de dieu en nous/ nous serons plus diligens a

718 1080 1382 101 garder ses commandemens. Pourtant dit la¬

716 1152 1381 121 postre. * Soyez aussi gracieux. La bõne garde

696 1249 1410 100 resse des benefices/ cest urayement la memoire

712 1328 1398 105 diceulx benefices/ ⁊ la perpetuelle confession

733 1407 1376 110 de graces. * Pourtant aussi ces reuerendz et

748 1496 1355 101 salutaires mysteres/ que nous celebrõs en tou

739 1567 1355 116 te la cõgregation de leglise/ sont appellez Eu¬

739 1650 1364 116 charistia: cestadire/ action de graces. Car ce

742 1743 1374 103 sont la memoire de plusieurs benefices: ⁊ mõ¬

738 1821 1384 110 strent le mesme chief de la diuine charite en¬

734 1910 1386 107 uers nous: ⁊ nous font tousioͬs rendre les gra

724 1999 551 99 ces deues a dieu.

760 2153 1346 170 ¶ De lordre de la consti

746 2306 1315 136 tution Ecclesiasticq̃. Cha.xx.

1029 2426 798 125 ¶ Deutero.18.C.

1057 2529 1052 146 E leur susciteray ung ꝓphe¬

1057 2645 1061 146 te/ du milieu de leurs freres/

1063 2767 1052 136 sẽblable a toy: ⁊ mettray mes

754 2888 1360 144 parolles en sa bouche: et parlera a

757 2567 297 330 I

424 305 286 131 Dieu na

427 418 280 110 poĩt af¬

427 498 247 119 faire de

421 593 217 110 nous.

407 1160 297 122 Colo.3.c

436 1386 280 134 Que si¬

439 1490 208 116 gnifie

439 1573 285 116 Eucha¬

436 1659 214 172 ristia.

1782 2986 363 134 eulx tout
