2267 3563
368 166 1112 132 ecclesiasticque. Cha.xx.

160 292 1390 143 eulx tout ce que ie luy cõmanderay.

168 417 1374 141 Mais celuy qͥ ne uouldra pas ouyr

170 534 1372 129 les parolles quil parlera en mõ nom:

162 651 917 128 ien seray le uindicateur.

162 777 1380 143 Deute.21.A. ¶ Et les prestres filz

168 888 1374 147 de Leui sapprocherõt lesquelz le sei¬

164 1011 1386 133 gneur dieu aura esleu poͬ le seruir/ et

158 1136 1382 132 pour beneir en son nom: ⁊ tout nego

154 1237 1384 142 ce despẽdra de leur parolle. Affin aus¬

164 1355 1378 141 si que tout ce qui est net ou souille

166 1482 408 123 soit iuge.

158 1579 1418 147 Deutero.28.B. ¶ Le seigñr ton

164 1706 1413 128 dieu te cõstituera comme chief: ⁊ non

162 1821 1394 130 pas cõme la queue:⁊ seras tousiours

156 1931 1380 141 par dessus/ ⁊ non point par dessoubz

162 2048 1376 129 si toutesfoys tu escoute les commã¬

156 2169 1396 129 demẽs du seigneur ton dieu/ que au¬

158 2274 1390 138 iourdhuy ie te cõmande: ⁊ que tu les

170 2393 1370 134 garde ⁊ les faictz/ ⁊ que tu ne decli¬

158 2511 1380 131 ne pas diceulx/ ny a la dextre ny

156 2622 1406 135 a la senestre: et que tu ne ensuyue

158 2733 1398 143 point les dieux estrãges/ ⁊ que tu ne

158 2848 1382 154 les adore point. Que si tu ne ueulx

1583 163 205 125 290

985 2959 555 136 Ll .ii. escouter
