2267 3563
720 306 1394 143 escouter la uoix du seigñr ton dieu/

724 433 1398 135 pour garder ⁊ faire tous ses cõman¬

712 554 1406 128 demens/ ⁊ les ceremonies q̃ au iour¬

700 673 1412 122 dhuy ie te cõmande: toutes ces ma¬

700 785 1400 135 ledictions uiendront sur toy: ⁊ te ap

718 900 681 133 prehenderont ⁊c.

726 1031 1396 126 2. Parali.19. C. ¶ Poreillemẽt

708 1142 1402 138 aussi Io/ aphat cõstitua des Leuĩtes

704 1262 1418 127 en Hierusalem/ ⁊ des prestres et des

728 1373 1390 129 princes de familes/ de ceulx deI¬

740 1490 1382 127 rael: affin quilz iugeqssẽt a leurs ha

742 1603 1372 125 bitans le iugement ⁊ la cause du sei¬

746 1714 1388 130 gneur: ⁊ leur cõmanda/ disant. Ainsi

750 1832 1386 125 ferez uous en la crainte du seigñr

742 1945 1390 131 fidelement ⁊ de cueur parfaict. Asca

739 2051 1379 137 uoir sur toute cause de uoz freres qui

764 2175 1352 127 demeurent en uoz citez: laquelle se¬

769 2280 1358 145 ra uenue a uoꝰ entre une cognation

775 2399 1358 136 ⁊ lautre: ⁊ par tout la ou il y aura

774 2523 1354 125 question de la loy/ du cõmandemẽt/

775 2624 1346 140 des ceremonies/ des iustifications:

769 2734 1358 154 monstrez leur/ affin quilz ne pechent

758 2864 1374 138 cõtre le seigneur: ⁊ que lire de dieu ne

1152 174 425 138 De lordre

451 2054 270 137 Les pre¬

469 2161 276 107 stres do¬

461 2250 289 101 ibuẽt sca

463 2336 267 89 uoir re¬

481 2416 276 110 spõdre a

469 2505 297 98 toute q̃¬

457 2577 309 107 stion se¬

454 2654 309 116 lõ lescri

457 2757 230 111 pture.

1779 2973 361 120 uienne sur
