2267 3563
172 314 1407 137 uiennesur uous ⁊ sur uoz freres. E

197 427 1367 137 faisant dõc ainsi/ uous ne pecherez

188 552 1386 121 point. Et Amarias uostre prestre et

172 663 1398 130 prelat presidera es choses qui sont

166 779 623 125 enueis dieu ⁊c.

354 886 1043 119 ¶ Origene sur le Leuitique/ en la

631 975 414 99 ui. Homelie.

172 1042 1381 121 ¶ Le seigneur (dit il) appella ensemble la sy¬

160 1143 1393 95 nagogue: ⁊ leur dit. Ceste est la parolle que le

163 1226 1382 104 seigneur a cõmande. Combien donc que le sei¬

160 1309 1385 110 gneur eut cõmãde pour cõstituer le souuerain

160 1383 1387 107 prestre: ⁊ que le seigneur leut esleu: toutesfoys

160 1481 1393 86 aussi est appellee ensemble la synagogue. Car

166 1555 1405 104 quant on ordonne ung prestre/ il est reqͥs auoir

157 1633 1429 115 la presence du peuple: aftfin q̃ tous Icaiuent/ et

199 1716 1384 107 soyent certoins: que ceduy qͥ est le plus excel¬

169 1802 1396 113 lent de tout le peuple/ qui est le plus saige/ et

166 1890 1392 103 le plus sainci/ ⁊ qut est̃ le plus eminent en tou

164 1973 1396 103 te uertu/ cestuy est esleu a la prestrise: ⁊ ce en la

164 2060 1396 99 presence du peuple: affin que apres nulle retra

164 2141 1400 105 ctation/ ne quelque scrupule ne fut trouue en

164 2220 1404 109 personne. Et est ce aussi que lapostre cõmãde/

166 2301 1390 98 en lordonnance du prestre/ disant.4 Il fault

172 2391 1384 111 ausst que cestuy ait bon tesmoignage de ceulx

176 2474 750 105 qui sont par dehors ⁊c.

407 2557 909 111 ¶ Origene sur le Leuiticque/

574 2642 548 99 en la .u. Homelie.

172 2725 1396 95 ¶ Le prestre (dit iu) qui offre ceste chose/ ⁊ qui

174 2818 1384 97 faict la propitiation pour le delict: ceste chose

168 2888 1386 124 sera pour luy. Que les peestres du seigneur

378 182 1120 132 ecclesla/sticque. Cha.xx.

1623 223 152 103 29y

1562 1027 280 139 Leui.7a

1562 1137 280 113 Il fault

1559 1247 280 83 q̃ le pre¬

1556 1324 262 89 stre ait

1568 1395 286 107 bõne re¬

1568 1484 297 104 nommee

1589 1555 279 98 des cho¬

1601 1630 267 142 ses qͥ sõt

1592 1739 244 110 par de¬

1571 1802 179 113 hors.

1571 2295 277 118 1.tim̃.3.a

993 2975 571 120 Ll iii. aprẽnent/

1580 2722 259 125 Leui.7 a
