2267 3563
1197 195 414 127 De lordre

754 324 1384 129 aprẽnent/ lesquelz president aux eglises: que

752 421 1388 107 leur part leur est dõnee auec ceulx/ desq̃lz ont

757 495 1382 110 este ꝓpitiateurs de leurs pechez. * Mais quest

748 584 1373 119 ce faire la ꝓpitiation poͬ le delict? Si tu prẽs

745 659 1385 118 ung pecheur: ⁊ q̃ en ladmõnestant/ en lexhor¬

742 742 1385 124 tant/ en lenseignãt/ en linstruisant tu lamai¬

745 825 1385 119 ne a penitẽce: q̃ tu le corrige de son erreur/ q̃ tu

766 923 1364 101 le amẽde de ses uices: ⁊ q̃ tu le faice tel/ que luy

766 997 1367 107 estant conuerty dieu luy soit propice: alors es

766 1074 1370 113 tu dit faire propitiation. Si dõc tu es ung tel

734 1165 1388 119 prestre: ⁊ q̃ ta doctrine soit telle/ ⁊ ta parolle: la

728 1256 1394 101 part te sera dõnee de ceulx q̃ tu auras corrige:

734 1334 1388 109 tellemẽt q̃ leur merite sera ton salaire/ ⁊ le sa¬

752 1421 1378 103 lut diceulx sera ta goire. Lesquelles choses

778 1493 1346 110 aussi lapostre demonstre la ou il dit. * Que ce

778 1585 1355 98 que aucun aura edifie par dessus: il en receura

781 1665 1358 107 loyer. * Que les prestres donc du seigneur en¬

772 1739 1373 122 tendent: que cõme leur portion leur est dõnee/

766 1832 1382 99 que aussi ilz mettẽt leur temps en telle chose/ ⁊

756 1914 1380 110 quilz y labeurẽt. Quilz ne se dõnẽt point aux

746 2003 1388 95 oeuures uaines ⁊ superflues: mais quilz con¬

740 2080 1392 113 gnoissent quilz ne auront en riens autre cho¬

758 2165 1364 111 se part enuers dieu: sinon en ce qͥ est offert poͬ

760 2250 1368 93 les pechez: cestadire de ce que ilz auront con¬

770 2333 1249 103 uerty les pecheurs de la uoye de peche ⁊c.

1049 2412 843 111 ¶ Origene sur Esaie en la

1225 2511 414 80 uii. Homelie.

781 2583 1352 104 ¶ Esaie se dit auoir ouy la uoix du seigneur

772 2672 1358 93 non pas cõmandant: mais excitant/ ⁊ disant.

774 2751 1354 103 Qui enuoyeray ie? et lequel ira a ce peuple?

770 2834 1352 103 Puis apres dit quil respondit au seigneur.

762 2915 1370 123 Me uoicy/ enuoye moy. Mais quant ie suis

484 481 252 136 Quelle

475 602 267 89 est la re¬

481 685 243 107 propitia

472 774 249 95 tion des

457 849 235 110 pechez:

445 935 303 95 1.tim̃.4.

451 1015 152 104 c.d.

448 1080 300 140 2.tim̃.2d

472 1493 294 119 4.corĩ.3.c

484 1597 282 107 La uraie

481 1671 291 110 office du

484 1766 237 152 prestre.

484 2556 282 151 Esa.6.a

1940 3006 198 103 en ce
