2267 3563
378 168 1102 130 ecclesiasticque. Cha.xx.

172 306 1402 111 en ce passaige icy: ⁊ q̃ ie scrutine les choses qͥ

192 391 1364 111 sõt escriptes: ie trouue que Moyse a faict au¬

190 471 1368 114 tre chose/ q̃ Esaie. Car quãt Moyse fut esleu

188 562 1372 103 pour mener le peuple hors degipte/ il dist.

193 647 1360 107 * Pouruoye dung autre poͬ y enuoyer: ⁊ sem¬

166 721 1387 110 ble quil contredie a dieu. Mais Esaias qͥ ne¬

178 805 1368 109 stoit pas esleu seullemẽt oyãt/ lequel enuoye¬

180 894 1360 103 ray ie/ ⁊ qͥ ira? Me uoicy (dit il) enuoye moy.

176 971 1370 105 Cest dõc chose cõuenable de acõparer les cho

178 1057 1370 100 ses spirituelles auec les spirituelles: ⁊ de enque

163 1137 1384 107 rir leq̃l des deux feist myeulx. * Cest bõne cho

169 1214 1378 122 se de soy non haster de paruenir aux dignitez

166 1303 1381 98 qui sont de dieu/ ⁊ aux principalitez ⁊ admini

169 1377 1381 131 stratiõs de leglise: mais de ensuyure Moyse:

172 1469 1370 119 ⁊ dire auec luy: pouruoye dung autre pour y

172 1543 1387 113 enuoyer. Car aussi celuy qui ueult estre sauue

172 1627 1405 115 ne uiẽt pas a la principalite de leglise/ cõbien

178 1720 1405 105 aussi quil y preside: mais uient a la seruitude

184 1793 1384 110 de leglise/ sil fault dire auec leuãgile. * Les

180 1886 1382 109 princes des gẽtz ont domination sur eulx: et

178 1975 1384 101 ceulx qui ont puissance/ en iceulx est appellee

178 2056 1384 105 la maistrise. Mais il ne sera pas ainsi entre

186 2139 1378 103 uous: car aussi les princes ne dominẽt point

178 2217 1399 110 entre uous: mais celuy de uous qͥ ueult estre le

181 2301 1393 106 plus grãd il sera le plus petit de tous. Celuy

192 2389 1366 99 qͥ ueult estre le premier/ il sera tout le dernier.

202 2464 1366 119 * Celuy donc qui est appelle poͬ estre euesque

184 2550 1387 110 nest pas appelle a principalite/ mais a la ser¬

184 2630 1399 113 uitude de toute leglise. Si tu ueulx croire des

178 2710 1402 122 escriptures/ q̃ celuy qui preside en leglise soit

181 2796 1387 113 le seruiteur de tous: que le mesme seigneur et

190 2883 1378 136 sauueur le te admonneste: leq̃l a este faict tel ⁊

1572 184 188 108 292

1574 620 232 128 Exo.4.

1574 733 119 107 b.c.

1565 1107 271 128 On do¬

1565 1205 271 101 ibt uenir

1565 1291 277 95 tardiue¬

1571 1374 268 104 mẽt aux

1565 1457 297 107 admini¬

1583 1546 262 101 stratiõs

1595 1633 264 139 ð leglise.

1586 1781 262 128 mat.20.d

1589 2295 267 124 Luc.22.c

1622 2455 240 110 Loffice

1595 2544 256 113 de leuesq̃

1598 2627 250 101 est serui¬

1589 2719 267 104 tude ⁊ nõ

1583 2796 273 113 pas sei¬

1583 2886 271 121 gneurie.

1003 2965 565 124 Ll .iiii. si grand
