2267 3563
442 421 282 107 mat.20.d

728 312 1378 133 si grãd au milieu de ses disciples/ quil na pas

736 397 1388 125 este cõme seant a table/ mais cõe seruant. Car.

710 482 1402 119 en prenant le linceul apres quil fut deuestu de

704 566 1408 132 ses uestemens/ ⁊c Et en enseignãt quelz doib¬

696 661 1410 107 uẽt estre les princes/ ascauoir cõme seruiteurs/

704 727 1399 122 il dist.7Uous mappellez maistre ⁊ seigñr/ ⁊c.

716 810 1387 137 Et Paul dit.7 Nous sõmes faictz cõme petis

716 900 1396 121 enfãs au milieu de uoꝰ/ ⁊c. Il nous est dõc ex¬

726 987 1390 117 pedient que soyons les imitateurs des hũbles

720 1068 1382 115 parolles ⁊ faictz du seigneur/ ⁊ de son apostre.

716 1146 1381 127 Et faire ce qͥ a este saict par Moyse: tedement

696 1235 1406 126 aussi que si aucun est appelle a q̃ lque seigneu

704 1328 1404 109 rie/ il die: pouruoye dung autre poͬ y enuoyer.

746 1407 1354 113 Satiffaisons donc pour Moyse/ ⁊ aussi poue

740 1484 1354 115 Esaie: en leur baidant aussi chascun leur sort

742 1569 1356 109 des escriptures. Moyse urayement na pas re¬

738 1650 1366 115 ceu la remission des pechez/ tellement qͥl peult

742 1737 1376 109 dire/ cõme sentãt en soy estre nettoye/ enuoye

742 1813 1374 118 moy/ pour laq̃lle chose il dist/ pouruoye dũg

736 1902 1380 113 autre pour y enuoyer: car il auoit en sa cõsciẽ¬

739 1974 1370 128 ce Homiade de leg/ ptten aussi par auẽture se

712 2066 1390 115 cõgnoissoit cõme hõme/ auoir aucuns autres

720 2149 1380 113 pechez: pourtant le refuse il. Mais lautre de¬

732 2232 1380 107 mande ladministrotion/ non pas comme iuste

746 2311 1370 115 de nature: mais comme celuy qui a obtenu la

752 2397 1370 118 grace. Si pareillemẽt Moyses eut receu la pa

746 2480 1374 113 reille grace/ ⁊ quil eut ouy: uoicy iay oste tes

750 2569 1360 113 pechez/ ⁊c. Iay nettoye tout a lenuiron tes pe¬

750 2652 1360 113 chez: iamais parauenture neust dit: pouruoye

752 2741 930 109 dung autre pour y enuoyer ⁊c.

926 2818 1044 113 ¶ Cyprian ad Cornelium en la .iii.

1051 2905 736 121 epistre au premier liure.

439 742 250 130 Ioã.13.b

427 831 265 136 1.tess.2.b

1134 192 432 128 De lordre

418 1140 274 199 exo.4.d.

430 1956 294 202 Exo.2.b

1576 2983 564 118 ¶ Ueritablemẽt/
