2267 3563
182 292 1388 121 ¶ Uerimablement/ les euesques ne sont poine

190 376 1362 116 faictz de la uolunte de dieu/ qͥ sont faictz hors

188 461 1358 116 de leglise: mais sont faictz contre la dispositiõ

186 542 1366 119 ⁊ la tradition de leuangile: cõme mesme le sei¬

178 626 1369 119 gneur le met ⁊ dit es douze ꝓphetes.F Ilz ont

172 716 1368 107 de eulx mesmes cõstitue ung roy: ⁊ non de par

174 795 1370 111 moy. Et de rechief leurs sacrifices sõt comme

184 882 1364 111 le pain de pleurs: tous ceulx qui en mengerõt

184 962 1362 110 seront souillez. Aussi le sainct esprit crie ⁊ dit

175 1045 1367 107 par Esaie.? Malheur sur uous filz desobeis¬

178 1130 1370 113 sans: ces choses icy dit le seigneur. Uous auez

172 1209 1378 113 eu le cõseil/ mais non de par moy: ⁊ auez faict

172 1304 1376 101 conuention/ mais non point par mon esprit:

178 1385 1007 109 pour adiouster pechez sur pechez.

261 1462 1206 109 ¶ Cyprian au premier liure/ en la .iiii.

370 1545 946 107 epistre de Marcial ⁊ Basilide.

175 1618 1417 110 ¶ Dieu ne escoute pas le xecdeue: maĩs si au¬

184 1706 1403 115 cun honnore dieu/ ⁊ q̃d foice sa uolunte cestuy

187 1787 1396 119 est exauce de luy.) Poͬ laquelle chose/ lfault

184 1879 1372 104 que par grãde orkgence ⁊ par grande ꝓbation

175 1950 1370 116 ceulx soyent esleuz a la prestrise de dieu: les¬

178 2042 1369 104 quelz est manifeste quil serõt exaucez. Et que

172 2117 1381 118 le peuple ne soit pas deceu/ cõme estimãt quib

178 2207 1388 116 puist estre priue de la souillure de peche/ en cõ¬

176 2290 1392 117 municquãt auec le prestre pecheur: ⁊ donnant

196 2373 1362 113 son consentement a loffice de leuesque de son

192 2458 1360 107 prelat iniuste ⁊ illicite: comme il soit que la

178 2532 1378 122 censure diuine le menasse par Osee le prophe

178 2624 1394 111 te ⁊ dit.? Leurs sacrifices sõt cõme le pain de

180 2707 1397 115 pleurs? tous ceulx qui en mengent serõt souil

178 2787 1380 122 lez. En monstrant ascauoir ⁊ en enseignant/

176 2874 1370 130 que tous sont totallement obligez au peche/

386 156 1081 136 ecclestesticque. Cha.xx.

1603 176 147 120 29z

1565 617 271 140 osee.8.a.

1559 1033 241 154 esa.30.a

1607 1615 232 124 Ioã.9.f

1619 1769 226 122 Quelz

1571 1867 247 107 doibuẽt

1565 1950 241 107 estre es¬

1565 2036 259 113 leuz poͬ

1574 2131 256 116 prestres.

1580 2541 238 152 osee.9.a

1247 2967 303 118 qui aurõt
