2267 3563
1281 126 413 137 De lordre

756 273 1374 107 qui auront este souillez du sacrifice du prestre

752 366 1382 101 ꝓphane ⁊ iniuste. Ce que nous trouuõs aussi

766 436 1373 104 estre manifeste aux nombres * quant Chore et

748 524 1390 111 Dathan ⁊ Abiron usurperẽt a eulx la licen¬

736 613 1398 103 ce cõtre Aaron le prestre/ de sacrifier. Et en ce

732 694 1396 103 lieu cõmanda le seigñr par Moyses/ q̃ le peu

740 777 1384 105 ple se separast deulx: affin q̃ iceulx cõioinctz

746 863 1388 102 auec les pecheͬs/ ilz ne fussẽt obligez au mes¬

778 938 1364 107 me peche. * Separez uous (dit il) des taberna

778 1033 1355 83 cles de ces hõmes tresdurs: ⁊ ne touchez riens

775 1098 1346 107 de leurs choses/ q̃ ensemble uous ne perissez en

754 1187 1379 104 leur peche. Pour laq̃lle chose le peuple obeis¬

748 1270 1397 101 sant aux cõmandemẽs du seigñr ⁊ craingnãt

763 1356 1388 101 dieu: se doibt separer du preuost ou prelat qui

774 1443 1370 95 est pecheur: ⁊ ne se doibt point ioindre auec les

784 1520 1354 105 sacrifices dung prestre sacrilege: comme il soit

778 1607 1362 103 que principalement le peuple ait la puissance

780 1688 1364 103 deslire les prestres dignes ⁊ de refuser les in¬

780 1773 1378 103 dignes. Ce aussi que nous uoyõs descendre de

778 1858 1378 99 la diuine auctorite: que le prestre soit esleu en

776 1943 1384 99 la p̃sence du peuple deuant les yeulx de tous:

762 2024 1392 103 et quil soit tesmoigne par iugemẽt publicque

754 2112 1398 99 et par publicque tesmongnaige estre digne et

788 2199 1360 91 yuoine: cõme es Nombres le seigneur cõman

802 2265 1355 113 da a Moyse/ disant. * Prens Aaron ton frere

788 2357 1376 97 et Eleazar son filz: ⁊ les mettras sur la mon

789 2436 1382 103 taigne deuant toute lassemblee: et si deuest a

795 2533 1369 93 Aaron sa robbe: ⁊ en uest Eleazar son filz: ⁊ q̃

802 2603 1361 104 Aaron mis illec/ meure. * Dieu cõmande que

808 2693 1349 103 le prestre soit constitue en la presence de toute

805 2776 1343 98 lassemblee: cest adire quil instruict ⁊ demon¬

796 2850 1358 157 stre que les ordres sacerdotalles ne se doibuẽt

487 397 273 161 Nu.16.d

466 929 282 107 Le peu¬

463 1015 297 104 ple se do

466 1107 297 107 ibt sepa¬

460 1178 279 101 rer du p̃¬

460 1264 253 107 lat cri¬

469 1362 226 95 minel.

502 2289 285 116 Nu.20.d

505 2556 270 154 Que le

505 2687 282 121 p̃stre soit

499 2779 285 104 esleu par

499 2859 270 151 le cõsen

1898 2933 256 123 faire si¬
