2267 3563
475 139 992 163 de dieu. Chap̃.xii.

186 298 1411 119 ou quelque faulte au peuple ou en aucuns: q̃

188 380 1393 124 tes parolles soiẽt telles quelles puissent insti¬

201 469 1359 116 guer ⁊ inciter lauditeur/ ⁊ q̃lles poingnent ce¬

199 555 1372 116 luy qui se sent coulpable de mal. * Car les pa

197 635 1230 119 rolles des saiges sont comme aguillons.

362 718 1047 115 ¶ Hierosme en lapologie/ ou en la

451 803 873 109 satisfaction contre Iouinia¬

552 892 647 101 num/ au .iii.Tome.

194 965 1387 117 ¶ Ie mettray au deuãt Paul lapostre: lequel

186 1051 1395 114 toutes ⁊ quãtes foys que ie le lis: il me semble

180 1130 1399 121 q̃ ie oys nõ poĩt des parolles/ mais des tõnoir

172 1205 1393 122 res. * Lisez ses epistres/ ⁊ especialemẽt aux Ro

175 1294 1381 116 mains/ aux Galatiẽs/ ⁊ aux Ephesiẽs: esq̃l¬

175 1380 1387 113 les est totallement mis en la bataille: et uous

172 1460 1399 131 le uerrez es tesmoignages quil prent de lãcien

172 1552 1423 104 testament/ cõbien artificiellement/ cõbien pru

184 1633 1431 112 dentement/ ⁊ par quelle dissimulation il faict

196 1714 1417 113 ce quil faict. Ce semblent simples parolles/ ⁊

192 1795 1399 111 cõme les parolles dung hõme rusticq̃ et inno¬

184 1880 1388 117 cent/ ⁊ de celuy qͥ ne scait ne faire ne euiter les

172 1968 1387 101 embusches. Mais ou q̃ tu regarde/ ce sõt tem

175 2039 1387 131 pestes. Il se tiẽt en la cause/ il prent tout ce qͥl

176 2137 1390 99 touche: il tourne le dos pour uaincre: il simu

178 2218 962 115 le la fuyte affin quil occise/ ⁊c.

310 2298 1097 114 ¶ De lepistre de Hierosme ad Pau¬

500 2391 674 91 linum/ au .iiii. Tome.

184 2446 1417 122 ¶ Paul lapostre se glorifie dauoir apris aux

178 2539 1435 119 piedz de Gamaliel la loy du seigneͬ ⁊ les pro¬

180 2628 1429 107 phetes: affin que quant il seroit arme darmu¬

180 2709 1409 109 res spirituelles/ il peult dire en confidence.

193 2788 1375 121 * Les armures de nostre cheualerie ne sõt pas

175 2874 1384 124 charnelles: mais sont puissantes a dieu/ pour

1653 178 136 107 217

1586 540 303 110 Eccł.12.c

1589 1190 267 122 La louẽ

1583 1285 271 119 ge des e¬

1583 1383 223 95 pistres

1592 1448 220 104 sainct

1616 1526 220 124 Paul.

1583 1932 268 134 Ps̈.67.c

1577 2039 190 116 ⁊.147.

1622 2428 252 140 Act̃.22.a

1580 2785 271 106 2.cor.10.b

1577 2865 271 116 Noz ar¬

1589 2960 205 124 mures

1042 2951 532 151 Bb destruire
