2267 3563
166 282 1346 157 faire sinon soubz la cõscience du peuple ass¬¬

184 380 1316 139 stãt: afin que la ou le peuple est p̃sent les cri¬

182 473 1326 120 mes des mauuais soient manifestes/ ou q̃ les

184 554 1328 126 Iertus des bons soiẽt annoncez ⁊ que lordina

166 639 1338 129 aõ soit iuste ⁊ legitime: laquelle est examinee

162 716 1342 129 par la uoix ⁊ iugemẽt de tous. Ce que ap̃s se¬

164 801 1340 127 lon les diuines maistrises est obserue es Actes

172 872 1334 128 des Apostres.?quant pour ordõner ung euesq̃

170 969 1332 121 au lieu de Iudas Pierre ꝑla au peuple: Pier¬

160 1059 1346 118 ce (dist il) se leua au milieu de ceulx qui appre

158 1130 1350 128 noyent: ⁊ estoit toute la multitude en ung. Et

158 1215 1348 131 non pas ce seulemẽt es ordinatiõs des euesq̃s

158 1306 1354 119 et des prestres: mais aussi nous trouuons que

158 1383 1358 123 les apostres lont obseruees es ordinatiõs des

166 1464 1346 129 diacres: duq̃l mesme aussi est escript es Actes

163 1538 1355 130 des Apostres.? Et ces douze / dist il) appellerẽt

162 1629 1362 132 ensẽble toute la multitude des disciples: et leͬ

169 1710 1384 121 dirẽt/ ⁊c? Et ꝯour ces̃ie cole estoit ce faict tãt

181 1790 1352 136 diligẽment ⁊ si prudẽtemẽt par la cõgregasto

175 1885 1343 119 de lou le peuple: afiy q̃ mil ne se ingerast de

166 1956 1355 128 indignement soy p̃ferer en ladministration de

160 2039 1370 134 lautel/ ou au lieu sacerdotal. Dieu aussi mes

166 2137 1364 113 me declaire par le ꝓphete Osee/ que ordonner

166 2206 1373 130 des hõmes indignes nest pas selon la uolun

169 2292 1376 130 te de dieu/ mais selon la presumption humai¬

182 2385 1358 122 ne: ⁊ que tedes choses desplaisent a dieu/ de ce

190 2470 1342 115 quelles ne uiennent point par ordination iu¬

184 2544 1366 131 ste ⁊ legitime: ⁊ dit.) Ilz ont eulx mesmes cõ¬

172 2627 1390 131 stitue ung roy: et non de par moy.4Parquoy

166 2713 1396 134 faule diligẽment garder ⁊ tenir/ ce qui est tenu

166 2791 1390 136 aussi enHers noꝰ/ ⁊ quasi par toutes les ꝓumn

163 2877 1387 160 ces/ de la traditiõ diuine ⁊ obseruatiõ Aposo¬

356 168 1025 144 ecclestascque Cha.xx.

1506 178 182 95 294

1536 285 267 118 temẽt du

1512 383 276 133 peerple.

1518 852 261 124 Act̃.1.c.d

1527 1499 279 148 act̃.6.a b

1562 1698 238 104 Le peu¬

1545 1769 261 113 ple doit

1539 1858 264 119 estre ap¬

1536 1935 270 119 pelle a le

1542 2024 264 113 lection a

1539 2108 270 118 cause du

1545 2200 261 110 murmu¬

1553 2289 84 110 re.

1562 2514 262 110 osee.8.a

1568 2615 256 104 Lordon¬

1568 2684 256 124 nance sa

1571 2776 244 115 cerdota¬

1556 2862 274 119 le soitfai

1553 2942 277 148 te selõ la

1319 2981 223 109 licque:
