<?xml version="1.0" encoding="UTF-8"?>
<alto xmlns:xsi="http://www.w3.org/2001/XMLSchema-instance"
      xmlns="http://www.loc.gov/standards/alto/ns-v4#"
      xsi:schemaLocation="http://www.loc.gov/standards/alto/ns-v4# http://www.loc.gov/standards/alto/v4/alto-4-2.xsd">
  <Description>
    <MeasurementUnit>pixel</MeasurementUnit>
    <sourceImageInformation>
      <fileName>171_cdff4_default.jpg</fileName>
      <fileIdentifier>https://www.e-rara.ch/i3f/v20/4106329/full/full/0/default.jpg</fileIdentifier>
    </sourceImageInformation>
  </Description>
  <Tags>
    <OtherTag ID="BT8" LABEL="DamageZone" DESCRIPTION="block type DamageZone"/><OtherTag ID="BT10" LABEL="DropCapitalZone" DESCRIPTION="block type DropCapitalZone"/><OtherTag ID="BT11" LABEL="GraphicZone" DESCRIPTION="block type GraphicZone"/><OtherTag ID="BT12" LABEL="MainZone" DESCRIPTION="block type MainZone"/><OtherTag ID="BT13" LABEL="MarginTextZone" DESCRIPTION="block type MarginTextZone"/><OtherTag ID="BT15" LABEL="NumberingZone" DESCRIPTION="block type NumberingZone"/><OtherTag ID="BT17" LABEL="QuireMarksZone" DESCRIPTION="block type QuireMarksZone"/><OtherTag ID="BT18" LABEL="RunningTitleZone" DESCRIPTION="block type RunningTitleZone"/><OtherTag ID="BT20" LABEL="StampZone" DESCRIPTION="block type StampZone"/><OtherTag ID="BT21" LABEL="TableZone" DESCRIPTION="block type TableZone"/><OtherTag ID="BT22" LABEL="TitlePageZone" DESCRIPTION="block type TitlePageZone"/>
    <OtherTag ID="LT8" LABEL="DefaultLine" DESCRIPTION="line type DefaultLine"/><OtherTag ID="LT9" LABEL="DropCapitalLine" DESCRIPTION="line type DropCapitalLine"/><OtherTag ID="LT10" LABEL="HeadingLine" DESCRIPTION="line type HeadingLine"/><OtherTag ID="LT11" LABEL="InterlinearLine" DESCRIPTION="line type InterlinearLine"/><OtherTag ID="LT311" LABEL="default" DESCRIPTION="line type default"/>
  </Tags>
  <Layout>
    <Page WIDTH="2267"
          HEIGHT="3563"
          PHYSICAL_IMG_NR="171"
          ID="eSc_dummypage_">
      <PrintSpace HPOS="0"
                  VPOS="0"
                  WIDTH="2267"
                  HEIGHT="3563">
        <TextBlock HPOS="1223"
                   VPOS="175"
                   WIDTH="464"
                   HEIGHT="136"
                   ID="eSc_textblock_a74ca59d"
                   TAGREFS="BT18">
          <Shape><Polygon POINTS="1223 175 1223 311 1682 311 1687 175"/></Shape>
          <TextLine ID="eSc_line_6cd4b897"
                    TAGREFS="LT10"
                    BASELINE="1243 285 1667 277" 
                    HPOS="1241"
                    VPOS="184"
                    WIDTH="426"
                    HEIGHT="130">
            <Shape><Polygon POINTS="1657 205 1641 199 1587 199 1574 188 1558 188 1538 188 1528 186 1486 195 1465 186 1457 186 1443 184 1391 201 1265 186 1259 188 1241 203 1243 285 1243 314 1352 298 1443 298 1477 310 1484 312 1486 312 1488 312 1528 308 1619 298 1665 304 1667 277 1663 205 1657 205"/></Shape>
	    <String CONTENT="De lordre"
                    HPOS="1241"
                    VPOS="184"
                    WIDTH="426"
                    HEIGHT="130"
                    WC="0.9998402661747403"></String>
          </TextLine>
        </TextBlock>
        <TextBlock HPOS="710"
                   VPOS="316"
                   WIDTH="1455"
                   HEIGHT="2726"
                   ID="eSc_textblock_bc24577a"
                   TAGREFS="BT12">
          <Shape><Polygon POINTS="742 316 743 491 710 627 715 903 760 951 759 1081 714 1237 717 1405 756 1437 756 1500 744 1594 745 1741 769 1766 765 1902 771 2030 761 2044 761 2081 747 2107 747 2172 740 2208 740 2236 762 2260 760 2410 772 2461 772 2497 740 2583 743 2723 770 2752 771 2839 763 2935 746 2967 750 3034 1522 3042 1820 3005 2165 2997 2165 316"/></Shape>
          <TextLine ID="eSc_line_192e978e"
                    TAGREFS="LT8"
                    BASELINE="758 396 2128 391" 
                    HPOS="754"
                    VPOS="288"
                    WIDTH="1373"
                    HEIGHT="136">
            <Shape><Polygon POINTS="757 394 757 424 2124 415 2127 388 2118 288 2020 308 1957 293 1955 293 1952 293 1949 293 1946 293 1925 311 1542 311 1464 290 1455 288 1452 288 1449 288 1446 288 1441 290 1411 302 1357 290 1354 290 1351 290 1348 290 1310 311 1271 293 1268 293 1265 293 995 311 944 290 941 290 938 290 935 290 932 290 927 290 858 311 837 293 837 290 834 290 831 290 828 290 754 290 757 394"/></Shape>
	    <String CONTENT="licq̃: tellemẽt que pour cõuenablemẽt celebrer"
                    HPOS="754"
                    VPOS="288"
                    WIDTH="1373"
                    HEIGHT="136"></String>
          </TextLine>
          <TextLine ID="eSc_line_4718b516"
                    TAGREFS="LT8"
                    BASELINE="760 479 2128 471" 
                    HPOS="754"
                    VPOS="394"
                    WIDTH="1373"
                    HEIGHT="119">
            <Shape><Polygon POINTS="757 478 757 507 1313 498 1399 501 1643 513 1646 513 1648 513 1651 513 1651 510 1666 498 1675 498 1809 510 1812 510 1952 495 1960 495 1966 495 2076 510 2079 510 2082 510 2127 492 2127 469 2121 409 1666 394 1663 394 1660 394 1613 409 1238 397 1236 397 1233 397 1167 412 772 400 769 400 766 400 763 400 763 403 754 409 757 478"/></Shape>
	    <String CONTENT="les ordres: tous les euesq̃s ꝓchains de la mes¬"
                    HPOS="754"
                    VPOS="394"
                    WIDTH="1373"
                    HEIGHT="119"
                    WC="0.9969165413937671"></String>
          </TextLine>
          <TextLine ID="eSc_line_4b70e458"
                    TAGREFS="LT8"
                    BASELINE="746 564 2128 556" 
                    HPOS="744"
                    VPOS="490"
                    WIDTH="1384"
                    HEIGHT="101">
            <Shape><Polygon POINTS="746 564 748 591 774 579 841 589 843 589 845 589 928 579 1055 587 1073 587 1075 587 1077 587 1079 587 1100 577 1300 583 1433 587 1435 587 1437 587 1439 587 1447 581 1457 577 1564 579 1775 585 1777 585 2100 583 2102 583 2128 572 2128 556 2124 490 2051 490 2049 490 2047 490 2045 490 2031 502 1880 492 1823 490 1821 490 1819 490 1807 494 1775 504 1700 496 1663 492 1661 492 1659 492 1647 496 1625 504 1516 498 1453 496 1451 496 1449 496 1447 496 1441 500 1431 506 1409 500 1383 494 1381 494 1164 494 1162 494 1160 494 1158 494 1146 504 1144 506 1136 504 1098 498 1096 498 1094 498 1092 498 1084 506 1081 508 1049 506 910 496 908 496 744 510 746 564"/></Shape>
	    <String CONTENT="me prouince conuiẽnent auec le peuple/ auq̃l"
                    HPOS="744"
                    VPOS="490"
                    WIDTH="1384"
                    HEIGHT="101"
                    WC="0.9854422423574659"></String>
          </TextLine>
          <TextLine ID="eSc_line_4b864325"
                    TAGREFS="LT8"
                    BASELINE="734 647 2126 639" 
                    HPOS="732"
                    VPOS="566"
                    WIDTH="1394"
                    HEIGHT="110">
            <Shape><Polygon POINTS="734 647 734 663 768 676 770 676 772 676 774 676 801 667 902 676 904 676 906 676 950 663 950 661 1083 661 1176 661 1178 661 1195 673 1197 673 1199 673 1201 673 1203 673 1227 661 1229 661 1259 661 1294 661 1328 674 1330 674 1332 674 1702 671 1704 671 1726 661 1774 673 1775 673 1777 673 1853 657 1894 671 1896 671 1898 671 1960 661 1999 671 2001 671 2003 671 2005 671 2039 659 2102 671 2104 671 2106 671 2108 671 2126 655 2126 639 2120 570 2013 579 1952 572 1924 568 1922 568 1900 572 1863 579 1829 574 1789 566 1787 566 1785 566 1766 574 1746 581 1724 574 1714 572 1712 572 1710 572 1686 576 1647 581 1627 576 1607 570 1605 570 1603 570 1601 570 1587 576 1576 583 1494 583 1486 577 1473 568 1471 568 1469 568 1467 568 1465 568 1463 568 1447 577 1443 581 1318 583 1308 579 1279 570 1277 570 1275 570 1273 570 1271 570 1253 581 1251 581 1227 570 1225 570 1136 570 1134 570 1132 570 1130 570 1116 579 1069 572 1067 572 1065 572 1063 572 1049 583 1045 585 1033 583 932 572 930 572 928 572 875 585 803 574 801 574 732 587 734 647"/></Shape>
	    <String CONTENT="est le prelat cõstitue: ⁊ q̃ leuesque soit esleu en"
                    HPOS="732"
                    VPOS="566"
                    WIDTH="1394"
                    HEIGHT="110"
                    WC="0.996334467942898"></String>
          </TextLine>
          <TextLine ID="eSc_line_0fb3bd20"
                    TAGREFS="LT8"
                    BASELINE="728 732 2126 722" 
                    HPOS="726"
                    VPOS="651"
                    WIDTH="1400"
                    HEIGHT="105">
            <Shape><Polygon POINTS="728 732 728 756 2124 746 2126 722 2120 655 1884 665 1871 657 1863 651 1861 651 1859 651 1857 651 1855 651 1853 651 1843 657 1825 669 1766 669 1756 659 1750 655 1750 653 1748 653 1746 653 1710 653 1708 653 1706 653 1682 659 1655 669 1419 669 1409 663 1399 655 1397 655 1395 655 1344 655 1342 655 1340 655 1306 665 1282 671 1215 667 1098 657 1096 657 1094 657 1069 669 1061 671 1051 669 1009 657 1007 657 1005 657 835 671 827 671 805 661 803 661 801 661 799 661 797 661 786 671 760 659 758 659 756 659 754 659 726 669 728 732"/></Shape>
	    <String CONTENT="la presence du peuple: leq̃l peuple cõgnoit la"
                    HPOS="726"
                    VPOS="651"
                    WIDTH="1400"
                    HEIGHT="105"
                    WC="0.9965981156268018"></String>
          </TextLine>
          <TextLine ID="eSc_line_f9aa9977"
                    TAGREFS="LT8"
                    BASELINE="726 815 1023 807 2114 807" 
                    HPOS="724"
                    VPOS="734"
                    WIDTH="1390"
                    HEIGHT="103">
            <Shape><Polygon POINTS="726 815 726 831 1799 837 1801 837 1803 837 1811 835 1847 825 1985 825 2110 835 2114 807 2112 752 1995 752 1977 736 1975 736 1973 736 1971 736 1880 750 1861 734 1859 734 1857 734 1855 734 1724 752 1720 754 1651 754 1651 752 1633 740 1631 740 1629 740 1627 740 1564 752 1564 754 1552 754 1407 754 1381 742 1379 742 1378 742 1376 742 1340 752 1318 736 1316 736 1314 736 1312 736 1223 748 1193 736 1191 736 948 736 946 736 944 736 924 746 877 736 875 736 873 736 823 752 746 744 744 744 742 744 724 752 726 815"/></Shape>
	    <String CONTENT="uie de lung ⁊ de lautre/ ⁊ a bien cõsidere loeu¬"
                    HPOS="724"
                    VPOS="734"
                    WIDTH="1390"
                    HEIGHT="103"></String>
          </TextLine>
          <TextLine ID="eSc_line_9666f07f"
                    TAGREFS="LT8"
                    BASELINE="728 894 1958 894" 
                    HPOS="728"
                    VPOS="823"
                    WIDTH="1230"
                    HEIGHT="99">
            <Shape><Polygon POINTS="728 894 728 910 776 922 778 922 780 922 809 912 835 922 837 922 839 922 841 922 843 922 861 912 991 912 1009 922 1011 922 1013 922 1015 922 1138 912 1160 922 1162 922 1164 922 1225 912 1279 922 1281 922 1395 912 1459 922 1461 922 1532 912 1811 922 1813 922 1815 922 1859 912 1912 922 1914 922 1916 922 1958 910 1958 894 1956 835 1898 837 1892 835 1884 827 1882 827 1880 827 1878 827 1876 827 1861 835 1855 837 1849 835 1825 825 1823 825 1821 825 1819 825 1781 835 1770 837 1764 835 1742 825 1740 825 1738 825 1736 825 1710 835 1702 839 1552 839 1544 835 1504 823 1502 823 1500 823 1443 835 1435 837 1431 835 1407 823 1405 823 1344 823 1342 823 1340 823 1338 823 1320 837 1316 839 1279 839 1275 837 1251 823 1249 823 1247 823 1245 823 1221 835 1180 823 1178 823 1176 823 1174 823 1150 837 1148 837 1146 837 1108 823 1106 823 1104 823 1102 823 1100 823 1100 825 1086 837 1086 839 1059 839 1057 837 1041 823 1039 823 1037 823 1035 823 1033 823 1005 835 978 823 976 823 841 823 839 823 837 823 835 823 835 825 823 837 728 837 728 894"/></Shape>
	    <String CONTENT="ure dung chascun selon sa cõuersation."
                    HPOS="728"
                    VPOS="823"
                    WIDTH="1230"
                    HEIGHT="99"></String>
          </TextLine>
          <TextLine ID="eSc_line_8fc2934e"
                    TAGREFS="LT10"
                    BASELINE="902 973 1950 977" 
                    HPOS="900"
                    VPOS="902"
                    WIDTH="1050"
                    HEIGHT="105">
            <Shape><Polygon POINTS="900 987 960 1005 962 1005 964 1005 1041 991 1059 1005 1061 1005 1063 1005 1065 1005 1067 1005 1102 991 1104 991 1144 1005 1146 1005 1148 1005 1150 1005 1182 993 1185 991 1247 991 1247 993 1259 1003 1259 1005 1261 1005 1263 1005 1265 1005 1267 1005 1302 993 1312 991 1324 995 1342 1001 1344 1001 1346 1001 1348 1001 1370 995 1385 991 1397 995 1427 1007 1429 1007 1431 1007 1433 1007 1473 997 1475 997 1478 997 1542 1005 1544 1005 1546 1005 1548 1005 1556 997 1560 993 1576 999 1601 1007 1603 1007 1605 1007 1653 999 1671 997 1692 1001 1732 1007 1734 1007 1766 1001 1807 993 1847 1003 1865 1007 1867 1007 1869 1007 1948 1003 1950 977 1948 916 1835 904 1526 904 1524 904 1522 904 1520 904 1520 906 1512 912 1510 916 1435 916 1431 912 1423 904 1423 902 1421 902 1419 902 1417 902 1415 902 1397 910 1393 914 1328 914 1326 910 1318 904 1318 902 1316 902 1314 902 1312 902 1271 910 1257 912 1231 910 1164 902 1162 902 1160 902 1158 902 1150 908 1144 912 902 908 902 973"/></Shape>
	    <String CONTENT="¶ Hierosme sur lepistre ad Titum."
                    HPOS="900"
                    VPOS="902"
                    WIDTH="1050"
                    HEIGHT="105"
                    WC="0.9999085375756929"></String>
          </TextLine>
          <TextLine ID="eSc_line_ca96a0c4"
                    TAGREFS="LT8"
                    BASELINE="765 1064 1108 1055 2134 1053" 
                    HPOS="760"
                    VPOS="967"
                    WIDTH="1373"
                    HEIGHT="125">
            <Shape><Polygon POINTS="1949 976 1937 976 1898 988 760 985 763 1062 763 1092 1904 1092 1904 1089 1907 1089 1910 1089 1928 1074 1931 1074 2130 1074 2133 1051 2124 973 2032 985 1996 973 1978 967 1975 967 1972 967 1969 967 1949 970 1949 976"/></Shape>
	    <String CONTENT="¶ Que les euesques qui ont puissãce de cõsti¬"
                    HPOS="760"
                    VPOS="967"
                    WIDTH="1373"
                    HEIGHT="125"></String>
          </TextLine>
          <TextLine ID="eSc_line_3bf11880"
                    TAGREFS="LT8"
                    BASELINE="750 1140 2128 1140" 
                    HPOS="750"
                    VPOS="1070"
                    WIDTH="1378"
                    HEIGHT="101">
            <Shape><Polygon POINTS="750 1140 750 1155 875 1167 877 1167 976 1157 978 1157 995 1169 997 1169 999 1169 1001 1169 1176 1157 1182 1157 1207 1169 1209 1169 1211 1169 1296 1157 1300 1157 1318 1169 1320 1169 1322 1169 1324 1169 1425 1157 1431 1157 1435 1157 1486 1169 1488 1171 1637 1171 1637 1169 1639 1169 1641 1169 1657 1157 1659 1157 1728 1157 1756 1157 1770 1169 1772 1169 1774 1169 1775 1169 2128 1157 2128 1140 2126 1072 1615 1082 1595 1076 1579 1070 1577 1070 1576 1070 1574 1070 1554 1076 1534 1082 1516 1076 1494 1070 1492 1070 1490 1070 1431 1078 1387 1082 1370 1078 1344 1070 1342 1070 1340 1070 1221 1078 1176 1082 1172 1080 1160 1070 1158 1070 1156 1070 902 1070 900 1070 898 1070 875 1082 873 1084 750 1084 750 1140"/></Shape>
	    <String CONTENT="tuer des p̃stres par une chascune cite qͥlz escou"
                    HPOS="750"
                    VPOS="1070"
                    WIDTH="1378"
                    HEIGHT="101"></String>
          </TextLine>
          <TextLine ID="eSc_line_e3b8d37b"
                    TAGREFS="LT8"
                    BASELINE="734 1227 2118 1221" 
                    HPOS="732"
                    VPOS="1150"
                    WIDTH="1386"
                    HEIGHT="104">
            <Shape><Polygon POINTS="734 1227 734 1245 833 1245 849 1254 851 1254 853 1254 855 1254 857 1254 883 1243 885 1243 960 1243 962 1243 974 1254 976 1254 978 1254 980 1254 1027 1245 1065 1254 1067 1254 1069 1254 1180 1243 1193 1241 1197 1241 1225 1252 1227 1252 1229 1254 1383 1254 1383 1252 1385 1252 1409 1241 1419 1251 1421 1251 1423 1251 1425 1251 1427 1251 1445 1243 1540 1252 1542 1252 1599 1241 1645 1252 1647 1252 1649 1252 1744 1239 1754 1239 1764 1239 1823 1249 1825 1249 1940 1239 1946 1239 1970 1251 1971 1251 1973 1251 2116 1237 2118 1221 2114 1165 2001 1150 1999 1150 1997 1150 1962 1165 1902 1165 1884 1152 1882 1152 1880 1152 1878 1152 1876 1152 1835 1163 1807 1152 1805 1152 1803 1152 1750 1163 1716 1150 1714 1150 1712 1150 1710 1150 1708 1150 1692 1163 1649 1152 1647 1152 1645 1152 1643 1152 1641 1152 1617 1167 1566 1167 1360 1152 1358 1152 1356 1152 1324 1167 1229 1167 1197 1152 1195 1152 1193 1152 1077 1154 1075 1154 1039 1167 995 1155 993 1155 991 1155 989 1155 962 1167 908 1154 906 1154 772 1154 770 1154 768 1154 732 1167 734 1227"/></Shape>
	    <String CONTENT="tẽt/ soubz q̃lle loy est obligee lordre de la cõsti¬"
                    HPOS="732"
                    VPOS="1150"
                    WIDTH="1386"
                    HEIGHT="104"
                    WC="0.9806261482062163"></String>
          </TextLine>
          <TextLine ID="eSc_line_2457662c"
                    TAGREFS="LT8"
                    BASELINE="726 1312 2114 1304" 
                    HPOS="724"
                    VPOS="1233"
                    WIDTH="1390"
                    HEIGHT="109">
            <Shape><Polygon POINTS="726 1312 726 1330 754 1340 756 1340 758 1340 867 1332 892 1330 894 1332 908 1340 910 1340 912 1340 914 1340 916 1340 918 1340 928 1332 932 1330 1061 1330 1069 1332 1092 1340 1094 1340 1096 1340 1098 1340 1100 1340 1110 1332 1114 1330 1116 1332 1126 1340 1128 1340 1130 1340 1132 1340 1134 1340 1148 1332 1156 1328 1164 1332 1174 1340 1176 1340 1178 1340 1180 1340 1182 1340 1207 1332 1223 1328 1239 1332 1261 1340 1263 1340 1265 1342 1409 1342 1409 1340 1455 1334 1512 1326 1544 1334 1558 1338 1560 1338 1562 1338 1564 1338 1566 1338 1570 1334 1585 1326 1611 1334 1621 1338 1623 1338 1625 1338 1627 1338 1637 1334 1661 1328 1732 1336 1764 1338 1766 1338 1768 1338 1777 1336 1809 1326 1920 1336 1928 1336 1930 1336 1934 1336 1987 1324 2110 1336 2114 1304 2110 1249 1956 1233 1954 1233 1952 1233 1902 1247 1653 1235 1651 1235 1475 1249 1463 1249 1461 1249 1431 1235 1429 1235 1427 1235 1370 1249 1360 1251 1358 1249 1340 1237 1338 1237 1336 1237 1334 1237 1332 1237 1330 1237 1318 1249 1282 1237 1281 1237 1279 1237 1277 1237 1275 1237 1275 1239 1263 1249 1261 1251 1255 1249 1215 1237 1213 1237 1211 1237 1209 1237 1182 1249 1178 1251 1172 1249 1132 1237 1130 1237 1128 1237 1013 1249 976 1254 890 1254 881 1249 855 1239 853 1239 851 1239 724 1249 726 1312"/></Shape>
	    <String CONTENT="tution eeclesiasticq̃: ⁊ qͥlz nestimẽt pas estre les"
                    HPOS="724"
                    VPOS="1233"
                    WIDTH="1390"
                    HEIGHT="109"
                    WC="0.9860116726947281"></String>
          </TextLine>
          <TextLine ID="eSc_line_a031972d"
                    TAGREFS="LT8"
                    BASELINE="726 1395 2120 1385" 
                    HPOS="724"
                    VPOS="1318"
                    WIDTH="1396"
                    HEIGHT="99">
            <Shape><Polygon POINTS="726 1395 726 1417 2118 1409 2120 1385 2118 1330 2086 1318 2084 1318 2082 1318 1886 1328 1845 1318 1843 1318 1841 1318 1839 1318 1837 1318 1819 1328 1817 1330 1785 1328 1629 1320 1627 1320 1576 1328 1554 1332 1548 1328 1538 1322 1536 1322 1534 1322 1532 1322 1471 1328 1431 1332 1338 1328 1241 1324 1239 1324 1237 1324 1235 1324 1231 1328 1223 1336 1124 1336 1116 1328 1112 1324 1110 1324 1108 1324 1106 1324 1051 1328 960 1334 904 1328 888 1326 887 1326 885 1326 881 1328 859 1336 724 1328 726 1395"/></Shape>
	    <String CONTENT="parolles de lapostre/ mais de Christ qͥ dit a ses"
                    HPOS="724"
                    VPOS="1318"
                    WIDTH="1396"
                    HEIGHT="99"></String>
          </TextLine>
          <TextLine ID="eSc_line_a1659579"
                    TAGREFS="LT8"
                    BASELINE="761 1476 936 1472 2116 1474" 
                    HPOS="757"
                    VPOS="1395"
                    WIDTH="1358"
                    HEIGHT="110">
            <Shape><Polygon POINTS="760 1475 757 1505 2112 1493 2115 1472 2109 1395 760 1404 760 1475"/></Shape>
	    <String CONTENT="Apostres. * Qui uous desprise/ il me desprise:"
                    HPOS="757"
                    VPOS="1395"
                    WIDTH="1358"
                    HEIGHT="110"></String>
          </TextLine>
          <TextLine ID="eSc_line_6ad8b7f8"
                    TAGREFS="LT8"
                    BASELINE="762 1555 2106 1551" 
                    HPOS="760"
                    VPOS="1484"
                    WIDTH="1346"
                    HEIGHT="101">
            <Shape><Polygon POINTS="762 1555 762 1571 1025 1571 1031 1575 1039 1581 1041 1581 1043 1581 1187 1585 1189 1585 1191 1585 1193 1585 1205 1575 1215 1571 1431 1577 1597 1583 1599 1583 1601 1583 1603 1583 1607 1579 1617 1569 1700 1569 1726 1581 1732 1583 1734 1583 1736 1585 1892 1585 1892 1583 1894 1583 1898 1583 1930 1569 1958 1583 1960 1583 1962 1583 1964 1583 1970 1583 2031 1571 2102 1583 2106 1551 2098 1486 2067 1500 2029 1500 2013 1486 2011 1484 2009 1484 2007 1484 2005 1484 2003 1484 1997 1486 1975 1500 1898 1500 1880 1488 1876 1486 1874 1486 1872 1486 1686 1484 1684 1484 1682 1484 1680 1484 1680 1486 1673 1492 1669 1496 1663 1492 1655 1486 1655 1484 1653 1484 1651 1484 1649 1484 1647 1484 1623 1492 1613 1494 1597 1492 1544 1484 1542 1484 1540 1484 1502 1494 1484 1498 1473 1494 1451 1484 1449 1484 1447 1484 1445 1484 1443 1484 1431 1494 1421 1500 1387 1494 1326 1486 1324 1486 1322 1486 1284 1496 1267 1500 1249 1496 1215 1490 1213 1490 1128 1498 1104 1500 1090 1498 1011 1486 1009 1486 934 1500 849 1486 847 1486 760 1502 762 1555"/></Shape>
	    <String CONTENT="mais celuy qui me desprise il desprise celuy"
                    HPOS="760"
                    VPOS="1484"
                    WIDTH="1346"
                    HEIGHT="101"></String>
          </TextLine>
          <TextLine ID="eSc_line_23874c28"
                    TAGREFS="LT8"
                    BASELINE="758 1637 2118 1633" 
                    HPOS="756"
                    VPOS="1567"
                    WIDTH="1362"
                    HEIGHT="99">
            <Shape><Polygon POINTS="758 1637 758 1652 788 1666 789 1666 791 1666 793 1666 833 1654 873 1666 875 1666 877 1666 879 1666 881 1666 898 1652 902 1652 1114 1652 1120 1654 1156 1666 1158 1666 1160 1666 1368 1654 1459 1650 1684 1650 1700 1656 1720 1664 1722 1664 1724 1666 1928 1666 1928 1664 1968 1656 2001 1650 2114 1656 2118 1633 2114 1581 1922 1567 1920 1567 1918 1567 1876 1579 1807 1567 1805 1567 1708 1579 1633 1567 1631 1567 1532 1579 1445 1567 1443 1567 1441 1567 1413 1583 1326 1583 1308 1569 1306 1569 1304 1569 1302 1569 1086 1581 1035 1569 1033 1569 1031 1569 1029 1569 978 1581 861 1569 859 1569 756 1583 758 1637"/></Shape>
	    <String CONTENT="qui ma enuoye. Pareillement aussi qui uous"
                    HPOS="756"
                    VPOS="1567"
                    WIDTH="1362"
                    HEIGHT="99"
                    WC="0.9938237681275323"></String>
          </TextLine>
          <TextLine ID="eSc_line_f600a7c5"
                    TAGREFS="LT8"
                    BASELINE="758 1722 2130 1714" 
                    HPOS="756"
                    VPOS="1646"
                    WIDTH="1374"
                    HEIGHT="95">
            <Shape><Polygon POINTS="758 1722 758 1741 2128 1741 2130 1714 2128 1662 2078 1646 2076 1646 2074 1646 2072 1646 2035 1662 2033 1662 1999 1662 1971 1662 1948 1646 1946 1646 1944 1646 1942 1646 1940 1646 1900 1662 1900 1664 1783 1664 1746 1664 1443 1648 1441 1648 1439 1648 1411 1662 1370 1652 1368 1652 1366 1652 1364 1652 1362 1652 1362 1654 1348 1664 1346 1666 1334 1664 1227 1650 1225 1650 1223 1650 1221 1650 1221 1652 1205 1666 1180 1652 1178 1652 1041 1652 1039 1652 1037 1652 991 1666 985 1668 984 1666 966 1652 964 1652 962 1652 960 1652 863 1662 819 1652 817 1652 815 1652 756 1666 758 1722"/></Shape>
	    <String CONTENT="escoute/ il me escoute: et celuy qui me escoute/"
                    HPOS="756"
                    VPOS="1646"
                    WIDTH="1374"
                    HEIGHT="95"
                    WC="0.9992255866527557"></String>
          </TextLine>
          <TextLine ID="eSc_line_ab92aa42"
                    TAGREFS="LT8"
                    BASELINE="773 1809 2142 1799" 
                    HPOS="769"
                    VPOS="1722"
                    WIDTH="1370"
                    HEIGHT="107">
            <Shape><Polygon POINTS="772 1808 772 1829 2136 1829 2139 1796 2130 1722 769 1728 772 1808"/></Shape>
	    <String CONTENT="il oit celuy qͥ ma enuoye. * Dequoy est mani¬"
                    HPOS="769"
                    VPOS="1722"
                    WIDTH="1370"
                    HEIGHT="107"></String>
          </TextLine>
          <TextLine ID="eSc_line_abe862e7"
                    TAGREFS="LT8"
                    BASELINE="773 1889 2140 1882" 
                    HPOS="769"
                    VPOS="1814"
                    WIDTH="1370"
                    HEIGHT="112">
            <Shape><Polygon POINTS="772 1888 772 1926 876 1912 1129 1924 1179 1924 1182 1924 1185 1924 1191 1921 1230 1909 2136 1909 2139 1879 2133 1820 769 1814 772 1888"/></Shape>
	    <String CONTENT="feste q̃ ceulx qui en contennãt la loy de lapo¬"
                    HPOS="769"
                    VPOS="1814"
                    WIDTH="1370"
                    HEIGHT="112"
                    WC="0.984396348396937"></String>
          </TextLine>
          <TextLine ID="eSc_line_250af9f3"
                    TAGREFS="LT8"
                    BASELINE="775 1975 2140 1967" 
                    HPOS="769"
                    VPOS="1900"
                    WIDTH="1370"
                    HEIGHT="107">
            <Shape><Polygon POINTS="772 1974 772 2007 1227 1992 2133 2004 2139 1965 2130 1900 769 1903 772 1974"/></Shape>
	    <String CONTENT="stre/ ueult bailler le degre ecclesiastiq̃ a aucun"
                    HPOS="769"
                    VPOS="1900"
                    WIDTH="1370"
                    HEIGHT="107"
                    WC="0.985012662410736"></String>
          </TextLine>
          <TextLine ID="eSc_line_eaac53c0"
                    TAGREFS="LT8"
                    BASELINE="767 2058 2128 2048" 
                    HPOS="763"
                    VPOS="1980"
                    WIDTH="1364"
                    HEIGHT="113">
            <Shape><Polygon POINTS="766 2057 766 2078 1051 2093 1054 2093 1161 2078 1170 2078 1179 2078 1316 2090 1319 2090 1423 2078 1446 2075 2127 2075 2127 2045 2121 1986 763 1980 766 2057"/></Shape>
	    <String CONTENT="qui nen est pas digne/ mais par sa grace luy"
                    HPOS="763"
                    VPOS="1980"
                    WIDTH="1364"
                    HEIGHT="113"
                    WC="0.9972748065536673"></String>
          </TextLine>
          <TextLine ID="eSc_line_1dbe43d8"
                    TAGREFS="LT8"
                    BASELINE="753 2138 2124 2131" 
                    HPOS="748"
                    VPOS="2066"
                    WIDTH="1373"
                    HEIGHT="98">
            <Shape><Polygon POINTS="751 2137 751 2164 2121 2161 2121 2128 2112 2066 748 2072 751 2137"/></Shape>
	    <String CONTENT="baille: quil faict cõtre Christ: lequel a monstre"
                    HPOS="748"
                    VPOS="2066"
                    WIDTH="1373"
                    HEIGHT="98"
                    WC="0.9959820091724396"></String>
          </TextLine>
          <TextLine ID="eSc_line_04c720fd"
                    TAGREFS="LT8"
                    BASELINE="753 2224 2120 2216" 
                    HPOS="748"
                    VPOS="2143"
                    WIDTH="1370"
                    HEIGHT="104">
            <Shape><Polygon POINTS="751 2223 751 2244 2112 2247 2118 2214 2109 2143 748 2152 751 2223"/></Shape>
	    <String CONTENT="par son Apostre en ce quil sensuit quel doibt"
                    HPOS="748"
                    VPOS="2143"
                    WIDTH="1370"
                    HEIGHT="104"
                    WC="0.9785215735435486"></String>
          </TextLine>
          <TextLine ID="eSc_line_f48eb2d8"
                    TAGREFS="LT8"
                    BASELINE="771 2307 2118 2302" 
                    HPOS="766"
                    VPOS="2223"
                    WIDTH="1349"
                    HEIGHT="110">
            <Shape><Polygon POINTS="1152 2223 1123 2223 1093 2223 1063 2223 1033 2223 1004 2223 974 2223 944 2223 915 2223 885 2223 855 2223 825 2223 808 2223 805 2223 802 2223 766 2238 769 2304 769 2327 2109 2333 2115 2301 2109 2223 1182 2223 1152 2223"/></Shape>
	    <String CONTENT="estre le prestre qui doit estre cõstitue en leglise."
                    HPOS="766"
                    VPOS="2223"
                    WIDTH="1349"
                    HEIGHT="110"></String>
          </TextLine>
          <TextLine ID="eSc_line_0d9f888b"
                    TAGREFS="LT8"
                    BASELINE="778 2389 2136 2381" 
                    HPOS="772"
                    VPOS="2304"
                    WIDTH="1361"
                    HEIGHT="106">
            <Shape><Polygon POINTS="1812 2304 1782 2304 1752 2304 1741 2304 1684 2315 1654 2318 772 2310 775 2387 775 2410 2130 2402 2133 2378 2127 2318 1818 2304 1812 2304"/></Shape>
	    <String CONTENT="Moyse qui estoit amy de dieu: auq̃l dieu par¬"
                    HPOS="772"
                    VPOS="2304"
                    WIDTH="1361"
                    HEIGHT="106"
                    WC="0.9872022112210591"></String>
          </TextLine>
          <TextLine ID="eSc_line_84bd5486"
                    TAGREFS="LT8"
                    BASELINE="781 2476 2136 2466" 
                    HPOS="775"
                    VPOS="2387"
                    WIDTH="1358"
                    HEIGHT="110">
            <Shape><Polygon POINTS="778 2473 778 2494 2127 2497 2133 2464 2127 2402 1678 2387 1675 2387 1583 2402 1580 2402 1568 2402 1227 2390 1224 2390 1221 2390 1194 2405 1188 2407 775 2407 778 2473"/></Shape>
	    <String CONTENT="la face a face/ il pouoit urayemẽt faire ses filz"
                    HPOS="775"
                    VPOS="2387"
                    WIDTH="1358"
                    HEIGHT="110"
                    WC="0.996601437330246"></String>
          </TextLine>
          <TextLine ID="eSc_line_27bcc615"
                    TAGREFS="LT8"
                    BASELINE="764 2555 2136 2549" 
                    HPOS="762"
                    VPOS="2478"
                    WIDTH="1374"
                    HEIGHT="105">
            <Shape><Polygon POINTS="764 2555 764 2569 809 2583 811 2583 813 2583 892 2571 910 2583 912 2583 914 2583 916 2583 918 2583 968 2571 1120 2583 1122 2583 1124 2583 1126 2583 1138 2571 1249 2569 1251 2569 1265 2569 1294 2569 1308 2581 1310 2581 1312 2581 1314 2581 1316 2581 1344 2571 1643 2581 1645 2581 1647 2581 1649 2581 1661 2569 1762 2569 1869 2579 1871 2579 1872 2579 1898 2567 1918 2577 1920 2577 2106 2579 2108 2579 2110 2579 2136 2565 2136 2549 2130 2486 1944 2494 1910 2488 1861 2478 1859 2478 1857 2478 1837 2488 1825 2494 1801 2488 1760 2480 1758 2480 1756 2480 1754 2480 1754 2482 1744 2490 1738 2494 1720 2490 1698 2486 1696 2486 1671 2490 1641 2496 1633 2490 1627 2484 1625 2484 1623 2484 1621 2484 1619 2484 1603 2492 1593 2496 1562 2492 1522 2486 1520 2486 1518 2486 1516 2486 1508 2492 1502 2498 1405 2498 1401 2494 1383 2480 1381 2480 1379 2480 1378 2480 1376 2480 1326 2494 1320 2496 1314 2494 1279 2480 1277 2480 1275 2480 1273 2480 1233 2496 1231 2496 1229 2496 1203 2482 1201 2482 1199 2482 1015 2492 833 2482 831 2482 829 2482 827 2482 807 2500 762 2500 764 2555"/></Shape>
	    <String CONTENT="estre successeurs de la principaulte/ et delais¬"
                    HPOS="762"
                    VPOS="2478"
                    WIDTH="1374"
                    HEIGHT="105"
                    WC="0.9971505378683408"></String>
          </TextLine>
          <TextLine ID="eSc_line_d4ff3736"
                    TAGREFS="LT8"
                    BASELINE="774 2642 2132 2634" 
                    HPOS="772"
                    VPOS="2561"
                    WIDTH="1360"
                    HEIGHT="111">
            <Shape><Polygon POINTS="774 2642 774 2666 865 2658 881 2666 885 2670 887 2670 888 2670 890 2670 892 2670 902 2666 928 2658 985 2666 1021 2672 1023 2672 1025 2672 1027 2672 1031 2666 1041 2658 1140 2656 1154 2666 1156 2668 1156 2670 1158 2670 1160 2670 1162 2672 1197 2672 1197 2670 1199 2670 1205 2666 1227 2656 1312 2656 1381 2666 1403 2670 1405 2670 1407 2670 1417 2666 1455 2654 1475 2666 1475 2668 1477 2668 1478 2668 1480 2668 1482 2668 1486 2666 1506 2658 1522 2666 1522 2668 1524 2668 1526 2668 1528 2668 1530 2668 1534 2666 1554 2658 1649 2666 1669 2668 1671 2668 1673 2668 1675 2668 1675 2666 1688 2656 1789 2666 1791 2666 1793 2666 1823 2654 1880 2666 1882 2666 1884 2666 1932 2652 2128 2666 2132 2634 2128 2575 2033 2561 2031 2561 1906 2573 1892 2561 1890 2561 1888 2561 1886 2561 1787 2575 1775 2575 1762 2575 1684 2563 1682 2563 1617 2575 1605 2575 1595 2575 1520 2563 1518 2563 1465 2575 1449 2577 1433 2575 1397 2565 1395 2565 1393 2565 1391 2565 1389 2565 1376 2575 1370 2579 1223 2579 1215 2575 1195 2565 1193 2565 1191 2565 1189 2565 1187 2565 1176 2575 1170 2577 1130 2575 1045 2567 1043 2567 772 2573 774 2642"/></Shape>
	    <String CONTENT="ser sa ꝓpre dignite a ses successeurs: mais ung"
                    HPOS="772"
                    VPOS="2561"
                    WIDTH="1360"
                    HEIGHT="111"
                    WC="0.9890280847853803"></String>
          </TextLine>
          <TextLine ID="eSc_line_1bc1adb4"
                    TAGREFS="LT8"
                    BASELINE="762 2721 2132 2715" 
                    HPOS="760"
                    VPOS="2650"
                    WIDTH="1372"
                    HEIGHT="101">
            <Shape><Polygon POINTS="762 2721 762 2741 1019 2751 1021 2751 1023 2751 1025 2751 1037 2741 1120 2741 1122 2741 1199 2751 1201 2751 1203 2751 1205 2751 1219 2739 1221 2739 1421 2739 1423 2739 1433 2749 1435 2749 1437 2749 1439 2749 1441 2749 1443 2749 1455 2739 1469 2749 1471 2749 1473 2749 1475 2751 1675 2751 1675 2749 1845 2747 1847 2747 1869 2737 1871 2737 1872 2737 1908 2747 1910 2747 1912 2747 2067 2737 2080 2747 2082 2747 2084 2747 2086 2747 2088 2747 2132 2735 2132 2715 2128 2666 2069 2666 2041 2650 2039 2650 2037 2650 2035 2650 2033 2650 2011 2666 1867 2666 1845 2650 1843 2650 1841 2650 1795 2650 1793 2650 1720 2664 1676 2650 1675 2650 1673 2650 1671 2650 1627 2666 1334 2652 1332 2652 1330 2652 1328 2652 1304 2668 1249 2668 1229 2654 1227 2654 1225 2654 1223 2654 1152 2668 1081 2654 1079 2654 1077 2654 1047 2668 1017 2654 1015 2654 942 2654 940 2654 877 2668 861 2654 859 2654 857 2654 803 2654 801 2654 799 2654 760 2668 762 2721"/></Shape>
	    <String CONTENT="estrangier dune autre lignee fut esleu/ asca¬"
                    HPOS="760"
                    VPOS="2650"
                    WIDTH="1372"
                    HEIGHT="101"
                    WC="0.9882035507096185"></String>
          </TextLine>
          <TextLine ID="eSc_line_9814fb7e"
                    TAGREFS="LT8"
                    BASELINE="780 2808 1017 2804 2132 2800" 
                    HPOS="775"
                    VPOS="2722"
                    WIDTH="1355"
                    HEIGHT="119">
            <Shape><Polygon POINTS="778 2805 778 2826 1732 2841 1735 2841 2130 2823 2130 2799 2121 2722 775 2725 778 2805"/></Shape>
	    <String CONTENT="uoir Iosue * affin q̃ nous cõgneussions que la"
                    HPOS="775"
                    VPOS="2722"
                    WIDTH="1355"
                    HEIGHT="119"></String>
          </TextLine>
          <TextLine ID="eSc_line_2a0d788d"
                    TAGREFS="LT8"
                    BASELINE="774 2893 2124 2884" 
                    HPOS="769"
                    VPOS="2805"
                    WIDTH="1352"
                    HEIGHT="122">
            <Shape><Polygon POINTS="772 2891 772 2927 2118 2906 2121 2883 2115 2823 1859 2805 1856 2805 1854 2805 1815 2820 1672 2808 1669 2808 1666 2808 1663 2808 1646 2826 1470 2826 1426 2808 1423 2808 1420 2808 1417 2808 1366 2823 1307 2808 1304 2808 1301 2808 1298 2808 1247 2823 968 2811 965 2811 885 2826 843 2811 840 2811 837 2811 834 2811 769 2829 772 2891"/></Shape>
	    <String CONTENT="principaulte qͥ est sur les peuples ne doibt pas"
                    HPOS="769"
                    VPOS="2805"
                    WIDTH="1352"
                    HEIGHT="122"
                    WC="0.9987839534878731"></String>
          </TextLine>
          <TextLine ID="eSc_line_e6c84ddd"
                    TAGREFS="LT8"
                    BASELINE="761 2977 2116 2969" 
                    HPOS="757"
                    VPOS="2891"
                    WIDTH="1358"
                    HEIGHT="179">
            <Shape><Polygon POINTS="760 2975 760 3016 962 3010 971 3016 1001 3031 1004 3031 1007 3031 1010 3031 1045 3013 1054 3010 1060 3013 1146 3070 1149 3070 1152 3070 1155 3070 1539 3067 1542 3067 1586 3046 1637 3067 1640 3067 1643 3067 1741 3046 1803 3058 1806 3058 1809 3058 1913 3004 1916 3004 2112 3004 2115 2966 2106 2897 1506 2906 1479 2903 1357 2891 1354 2891 1146 2909 1129 2909 1120 2909 1033 2894 1030 2894 894 2909 817 2894 814 2894 811 2894 757 2912 760 2975"/></Shape>
	    <String CONTENT="estre baillee a la cõsanguinite/ mais a la uie."
                    HPOS="757"
                    VPOS="2891"
                    WIDTH="1358"
                    HEIGHT="179"
                    WC="0.9927240858475367"></String>
          </TextLine>
        </TextBlock>
        <TextBlock HPOS="455"
                   VPOS="319"
                   WIDTH="274"
                   HEIGHT="197"
                   ID="eSc_textblock_c239eee4"
                   TAGREFS="BT13">
          <Shape><Polygon POINTS="455 319 455 516 729 516 729 319"/></Shape>
          <TextLine ID="eSc_line_073b3a5b"
                    TAGREFS="LT8"
                    BASELINE="471 397 723 396" 
                    HPOS="469"
                    VPOS="288"
                    WIDTH="252"
                    HEIGHT="130">
            <Shape><Polygon POINTS="469 394 469 418 721 418 721 394 719 288 469 299 469 394"/></Shape>
	    <String CONTENT="traditiõ"
                    HPOS="469"
                    VPOS="288"
                    WIDTH="252"
                    HEIGHT="130"
                    WC="0.9994693001111349"></String>
          </TextLine>
          <TextLine ID="eSc_line_b4378f51"
                    TAGREFS="LT8"
                    BASELINE="475 481 708 480" 
                    HPOS="472"
                    VPOS="400"
                    WIDTH="235"
                    HEIGHT="146">
            <Shape><Polygon POINTS="472 478 472 525 567 546 570 546 707 537 707 478 704 400 472 406 472 478"/></Shape>
	    <String CONTENT="diuine."
                    HPOS="472"
                    VPOS="400"
                    WIDTH="235"
                    HEIGHT="146"
                    WC="0.9999759537833077"></String>
          </TextLine>
        </TextBlock>
        <TextBlock HPOS="436"
                   VPOS="994"
                   WIDTH="315"
                   HEIGHT="105"
                   ID="eSc_textblock_aeb98dfe"
                   TAGREFS="BT13">
          <Shape><Polygon POINTS="436 994 436 1099 751 1099 751 994"/></Shape>
          <TextLine ID="eSc_line_56e5a5bf"
                    TAGREFS="LT8"
                    BASELINE="455 1072 746 1064" 
                    HPOS="448"
                    VPOS="964"
                    WIDTH="297"
                    HEIGHT="140">
            <Shape><Polygon POINTS="454 1071 454 1104 742 1101 745 1062 736 976 612 991 549 967 540 964 537 964 448 964 454 1071"/></Shape>
	    <String CONTENT="Tite.1.b"
                    HPOS="448"
                    VPOS="964"
                    WIDTH="297"
                    HEIGHT="140"
                    WC="0.9775717854499817"></String>
          </TextLine>
        </TextBlock>
        <TextBlock HPOS="462"
                   VPOS="1404"
                   WIDTH="291"
                   HEIGHT="111"
                   ID="eSc_textblock_0ec9cf7a"
                   TAGREFS="BT13">
          <Shape><Polygon POINTS="462 1404 462 1515 753 1515 750 1424"/></Shape>
          <TextLine ID="eSc_line_6e395e61"
                    TAGREFS="LT8"
                    BASELINE="475 1482 749 1476" 
                    HPOS="466"
                    VPOS="1365"
                    WIDTH="282"
                    HEIGHT="152">
            <Shape><Polygon POINTS="736 1392 733 1389 466 1365 472 1481 472 1514 742 1517 748 1475 742 1392 736 1392"/></Shape>
	    <String CONTENT="Luc.10.c"
                    HPOS="466"
                    VPOS="1365"
                    WIDTH="282"
                    HEIGHT="152"
                    WC="0.9999722987413406"></String>
          </TextLine>
        </TextBlock>
        <TextBlock HPOS="457"
                   VPOS="1740"
                   WIDTH="317"
                   HEIGHT="772"
                   ID="eSc_textblock_1e5d86d4"
                   TAGREFS="BT13">
          <Shape><Polygon POINTS="466 1740 457 2139 457 2140 473 2512 761 2508 774 2472 761 2413 756 2375 754 2274 703 2255 708 2179 747 2169 748 2108 762 2087 762 2084 761 2045 771 2015 768 1913 770 1765 745 1766 745 1740"/></Shape>
          <TextLine ID="eSc_line_be69f4cc"
                    TAGREFS="LT8"
                    BASELINE="483 1811 763 1809" 
                    HPOS="481"
                    VPOS="1710"
                    WIDTH="279"
                    HEIGHT="124">
            <Shape><Polygon POINTS="481 1808 481 1834 760 1831 760 1808 760 1725 721 1710 719 1710 716 1710 481 1722 481 1808"/></Shape>
	    <String CONTENT="Le degre"
                    HPOS="481"
                    VPOS="1710"
                    WIDTH="279"
                    HEIGHT="124"
                    WC="0.9865641817450523"></String>
          </TextLine>
          <TextLine ID="eSc_line_61339c49"
                    TAGREFS="LT8"
                    BASELINE="487 1890 760 1889" 
                    HPOS="484"
                    VPOS="1823"
                    WIDTH="273"
                    HEIGHT="106">
            <Shape><Polygon POINTS="484 1888 484 1915 514 1929 516 1929 519 1929 757 1912 757 1888 754 1823 484 1823 484 1888"/></Shape>
	    <String CONTENT="ð leglise"
                    HPOS="484"
                    VPOS="1823"
                    WIDTH="273"
                    HEIGHT="106"></String>
          </TextLine>
          <TextLine ID="eSc_line_cfbd81fc"
                    TAGREFS="LT8"
                    BASELINE="477 1977 766 1975" 
                    HPOS="475"
                    VPOS="1897"
                    WIDTH="288"
                    HEIGHT="95">
            <Shape><Polygon POINTS="475 1974 475 1992 763 1992 763 1974 760 1897 475 1912 475 1974"/></Shape>
	    <String CONTENT="ne doibt"
                    HPOS="475"
                    VPOS="1897"
                    WIDTH="288"
                    HEIGHT="95"
                    WC="0.9972140267491341"></String>
          </TextLine>
          <TextLine ID="eSc_line_c704185c"
                    TAGREFS="LT8"
                    BASELINE="475 2060 758 2058" 
                    HPOS="472"
                    VPOS="1983"
                    WIDTH="285"
                    HEIGHT="107">
            <Shape><Polygon POINTS="472 2057 472 2090 757 2075 757 2057 757 2001 641 1983 638 1983 472 1998 472 2057"/></Shape>
	    <String CONTENT="pas estre"
                    HPOS="472"
                    VPOS="1983"
                    WIDTH="285"
                    HEIGHT="107"
                    WC="0.9999547799428304"></String>
          </TextLine>
          <TextLine ID="eSc_line_6fb73216"
                    TAGREFS="LT8"
                    BASELINE="471 2139 741 2138" 
                    HPOS="469"
                    VPOS="2066"
                    WIDTH="270"
                    HEIGHT="113">
            <Shape><Polygon POINTS="469 2137 469 2161 546 2179 549 2179 739 2161 739 2137 739 2075 469 2066 469 2137"/></Shape>
	    <String CONTENT="dõne par"
                    HPOS="469"
                    VPOS="2066"
                    WIDTH="270"
                    HEIGHT="113"
                    WC="0.9881463315751817"></String>
          </TextLine>
          <TextLine ID="eSc_line_9e40c093"
                    TAGREFS="LT8"
                    BASELINE="477 2226 693 2225" 
                    HPOS="475"
                    VPOS="2161"
                    WIDTH="217"
                    HEIGHT="101">
            <Shape><Polygon POINTS="475 2223 475 2262 692 2241 692 2223 689 2161 475 2164 475 2223"/></Shape>
	    <String CONTENT="grace/"
                    HPOS="475"
                    VPOS="2161"
                    WIDTH="217"
                    HEIGHT="101"
                    WC="0.9989847640196482"></String>
          </TextLine>
          <TextLine ID="eSc_line_07ac48e1"
                    TAGREFS="LT8"
                    BASELINE="479 2308 733 2307" 
                    HPOS="475"
                    VPOS="2232"
                    WIDTH="255"
                    HEIGHT="110">
            <Shape><Polygon POINTS="478 2307 478 2330 603 2339 606 2339 609 2339 618 2336 662 2321 680 2339 683 2339 683 2342 686 2342 689 2342 692 2342 730 2339 730 2304 721 2232 475 2244 478 2307"/></Shape>
	    <String CONTENT="mais ꝑ"
                    HPOS="475"
                    VPOS="2232"
                    WIDTH="255"
                    HEIGHT="110"
                    WC="0.9999991059303284"></String>
          </TextLine>
          <TextLine ID="eSc_line_df2368cc"
                    TAGREFS="LT8"
                    BASELINE="485 2391 743 2389" 
                    HPOS="481"
                    VPOS="2312"
                    WIDTH="261"
                    HEIGHT="98">
            <Shape><Polygon POINTS="484 2390 484 2410 739 2407 742 2387 736 2327 481 2312 484 2390"/></Shape>
	    <String CONTENT="uertus."
                    HPOS="481"
                    VPOS="2312"
                    WIDTH="261"
                    HEIGHT="98"
                    WC="0.9999997104917254"></String>
          </TextLine>
          <TextLine ID="eSc_line_1ec71a84"
                    TAGREFS="LT8"
                    BASELINE="487 2478 765 2476" 
                    HPOS="481"
                    VPOS="2402"
                    WIDTH="282"
                    HEIGHT="112">
            <Shape><Polygon POINTS="484 2476 484 2514 760 2503 763 2473 754 2402 481 2405 484 2476"/></Shape>
	    <String CONTENT="exo.33.b"
                    HPOS="481"
                    VPOS="2402"
                    WIDTH="282"
                    HEIGHT="112"
                    WC="0.9974146634340286"></String>
          </TextLine>
        </TextBlock>
        <TextBlock HPOS="468"
                   VPOS="2740"
                   WIDTH="301"
                   HEIGHT="285"
                   ID="eSc_textblock_d168f76f"
                   TAGREFS="BT13">
          <Shape><Polygon POINTS="468 2740 470 3025 725 3025 725 2939 767 2908 769 2740"/></Shape>
          <TextLine ID="eSc_line_1920230a"
                    TAGREFS="LT8"
                    BASELINE="481 2814 763 2809" 
                    HPOS="475"
                    VPOS="2704"
                    WIDTH="285"
                    HEIGHT="149">
            <Shape><Polygon POINTS="478 2811 478 2832 757 2853 760 2808 751 2704 475 2713 478 2811"/></Shape>
	    <String CONTENT="La p̃stri"
                    HPOS="475"
                    VPOS="2704"
                    WIDTH="285"
                    HEIGHT="149"
                    WC="0.9998551540904574"></String>
          </TextLine>
          <TextLine ID="eSc_line_1fa4a539"
                    TAGREFS="LT8"
                    BASELINE="491 2895 759 2893" 
                    HPOS="487"
                    VPOS="2820"
                    WIDTH="270"
                    HEIGHT="110">
            <Shape><Polygon POINTS="490 2894 490 2930 754 2912 757 2891 751 2835 487 2820 490 2894"/></Shape>
	    <String CONTENT="se ne do¬"
                    HPOS="487"
                    VPOS="2820"
                    WIDTH="270"
                    HEIGHT="110"
                    WC="0.9568606548839145"></String>
          </TextLine>
          <TextLine ID="eSc_line_3185ec02"
                    TAGREFS="LT8"
                    BASELINE="489 2979 712 2978" 
                    HPOS="484"
                    VPOS="2894"
                    WIDTH="226"
                    HEIGHT="199">
            <Shape><Polygon POINTS="537 2894 534 2894 484 2912 487 2978 490 3090 540 3073 597 3087 623 3093 626 3093 629 3093 710 3081 710 2975 704 2912 540 2894 537 2894"/></Shape>
	    <String CONTENT="ibt pas"
                    HPOS="484"
                    VPOS="2894"
                    WIDTH="226"
                    HEIGHT="199"
                    WC="0.8983117001397269"></String>
          </TextLine>
        </TextBlock>
        <TextBlock HPOS="1871"
                   VPOS="2998"
                   WIDTH="261"
                   HEIGHT="95"
                   ID="eSc_textblock_27943e53"
                   TAGREFS="BT17">
          <Shape><Polygon POINTS="1871 2998 1871 3093 2132 3093 2132 2998"/></Shape>
          <TextLine ID="eSc_line_f6018b90"
                    TAGREFS="LT8"
                    BASELINE="1884 3060 2118 3054" 
                    HPOS="1880"
                    VPOS="2979"
                    WIDTH="238"
                    HEIGHT="136">
            <Shape><Polygon POINTS="1884 3060 1884 3085 1932 3085 1952 3091 2017 3115 2019 3115 2021 3115 2118 3103 2118 3054 2112 2979 1997 2990 1973 2986 1924 2979 1922 2979 1920 2979 1880 2992 1884 3060"/></Shape>
	    <String CONTENT="Mais"
                    HPOS="1880"
                    VPOS="2979"
                    WIDTH="238"
                    HEIGHT="136"
                    WC="0.999754399061203"></String>
          </TextLine>
        </TextBlock>
      </PrintSpace>
    </Page>
  </Layout>
</alto>
