2267 3563
276 195 1167 155 ecclesias/ t nue. Chap̃.xx.

151 338 1388 119 Mais nous en ueons maintenant plusieurs

160 424 1370 122 qui font de ceste chose benefice: tellemẽt qͥlz ne

169 510 1361 110 demãdent point ceulx qui peuẽt le plus prof¬

166 593 1373 125 fiser a leglise/ ⁊ dresser des colomnes en legli¬

157 685 1382 110 se: mais demãdent ceulx qͥlz aymẽt/ ou ceulx

151 757 1373 118 desq̃lz ilz sont seruis/ ou ceulx pour lesq̃lz au

152 859 1382 103 cun grand personnage aura faict req̃ste (affin

160 936 1372 111 q̃ me taise des choses plus excecrables) lesq̃lz

160 1023 1218 103 par dons ont impetre destre faictz clercz.

154 1100 1378 103 ¶ Cest tout ung donc estre prestre/ ⁊ euesque: ⁊

150 1185 1388 107 deuãt que par linstigatiõ du diable/ les estu¬

152 1268 1390 109 des fussẽt faictz en la religiõ: ⁊ quon dist entre

148 1348 1397 115 les peuples.? Ie suis d Paul/ Ie suis de Apol

150 1435 1396 108 lo/ et moy de Cephas: les eglises estoiẽt gou¬

152 1522 1388 107 uernees par le cõmun cõseil des prestres ⁊ an¬

156 1603 1410 107 ciẽs: mais apres que ung chascun estima estre

154 1686 1422 107 des siẽs ceulx qͥlz auoient baptisez/ ⁊ non pas

160 1769 1410 103 de Christ: en tout de monde fut decrete: q̃ lung

164 1848 1398 107 des p̃stres fust esleu ⁊ mis par dessus tous les

160 1933 1394 107 autres: auq̃l appartiẽdroit tout le soing de le¬

160 2019 1392 108 glise: et que les semences des scismes fussent

154 2102 1399 98 ostees.?Aucũ estime q̃ ce ne soit pas lescriptu¬

157 2185 1396 107 re: mais que soit nr̃e sentẽce/ que leuesque ⁊ le

154 2259 1414 113 prestre soit tout ung: et que lung est le nom de

160 2342 1408 107 leage ⁊ lautre le nom de loffice: quil relise les

168 2436 1384 99 parolles de lapostre/ disant aux Philipiens.

184 2517 1369 104 AParl et Thimotee seruiteurs de Iesuchrist

174 2600 1402 103 a tousssainctz qui sont en Iesuchrist/ lesquelz

174 2684 1411 107 sont en Dhilippes auec les euesques ⁊ les dia

166 2767 1413 103 cres: grace uous soit dõnee/ ⁊ la paix/ ⁊c. Phi

168 2848 1402 105 lippes est une cite de Macedoine: et certaine¬

170 2931 1400 117 mẽt en une cite ny poudit auoir (cõme ilz sont

1530 195 211 140 295

1565 323 291 119 estre rese

1542 433 317 92 ree a la

1542 504 309 98 consan¬

1556 587 271 113 guinite.

1553 662 265 115 Note di

1550 748 268 113 ligẽmẽt.

1559 1330 259 124 1.corĩ.1.b

1574 2093 262 116 Euesq̃ ⁊

1574 2185 250 110 prebstre

1583 2262 259 125 cest tout

1580 2348 143 125 ung.

1577 2500 253 142 Phi.1.a

1279 3024 285 121 appellez)
