2267 3563
1205 213 424 119 De lordre

736 344 1384 119 appellez) plusieurs euesq̃s: mais pourtãt que

730 437 1394 113 en ce tẽps la ilz appelloiẽt les mesmes euesq̃s

718 516 1400 117 qͥlz appelloiẽt prestres: pourtant indifferente

706 593 1408 125 mẽt a parle des euesq̃s cõme des p̃stres. Mais

698 678 1412 117 encore semblera il estre doubteux a aucun/ sil

700 762 1404 120 nest prouue par autre tesmõgnaige. Il escript

708 843 1400 117 es Actes des Apostres. Que quant lapostre

726 924 1386 119 fut uenu en Miletum/ il enuoya en Ephese:

722 1011 1388 117 ⁊ appella les p̃stres de la mesme esglise auq̃sz

727 1086 1373 122 entre les autres choses ap̃s dit ainsi. * Enten¬

700 1175 1388 121 dez a uoꝰ/ et a tout le troppeau auq̃l le sainct

694 1260 1400 117 esprit uous a mis les euesques poͬ nourrir le¬

714 1344 1378 116 glise du seigneur/ laquelle il a acquis par son

732 1429 1360 111 sang. Et cõsiderez icy plus diligẽment: cõmẽt

730 1510 1358 105 en appellant les prestres dune cite ascauoir de

730 1589 1364 115 Ephese/ apres les appelle euesques. Et aussi

730 1670 1374 119 Pierre qui print son nom de la firmite de foy:

728 1753 1392 121 il parle en son epistre/ disant. * Ie prie dõc les

736 1840 1379 119 prestres qui sont entre uous (moy qui suis pre

724 1920 1388 114 stre aussi ⁊ tesmoing des passions de Christ/ qͥ

710 2001 1400 124 suis aussi cõpaignon de sa gloire qͥ doibt estre

698 2086 1406 119 reuelee au temps a uenir) nourrissez le trop¬

716 2171 1384 115 peau du seigñr qui est auec uous: non pas cõ¬

724 2252 1364 111 me par necessite/ mais uolũtairemẽt. Ces cho

730 2333 1364 117 ses sont pourtãt dites: affin q̃ nous mõstrions

726 2416 1380 115 q̃ enuers les anciẽs estoient tout ung les eues¬

724 2503 1376 113 ques et les prestres/ mais ung peu apres affin

724 2589 1376 108 que les plantes de dissentions fussent arra¬

718 2668 1372 117 chees: toute la solicitude a este referee a ung

736 2761 1352 107 seul. * Cõme donc les p̃stres cõgnoissent que

724 2835 1358 119 par la coustume de leglise ilz sont subiectz a

710 2909 1366 164 celuy qͥ est leur prelat: que ainsi les euesq̃s cõ¬

421 1089 292 137 act.20.df

436 1831 265 125 1.pet̃.5.a

427 2704 265 155 Ce nest

433 2838 271 116 poĩt par

436 2939 253 137 le cõmã¬

1734 3002 342 115 gnoissent/
