2267 3563
732 332 1382 150 1.Tim̃.3.A.B. ¶ Parolle fidele.

720 449 1394 152 Si aucũ desire loffice de euesq̃/ il de¬

708 572 1404 142 sire bonne oeuure. Car il fault que

702 686 1396 143 leuesque soit irreprehenstble: mary

712 799 1390 135 dune seulle fẽme/ sobre/ prudẽt/ aor¬

728 914 1386 143 ne/ chaste/ faisãt hospitalite/ docteur

732 1035 1382 130 non point adonne au uin/ ne bateur

714 1150 1374 138 de gẽs/ mais/odeste/ non noyseux/

708 1266 1388 135 non auaricieux/ mais biẽ pouruoiãt

724 1377 1366 135 a sa fomille: ayant des enfans sub¬

740 1500 964 133 iectz en toute chastete/ ⁊c.

976 1644 938 109 ¶ Hierosme ad Occeanum/ au

1144 1728 590 102 troyziesme Tome.

760 1796 1367 139 ¶ Si aucun desire loffice deuesque/ ⁊c. Quil

751 1909 1370 127 desire loeuure/ non point la dignite/ la labeur

724 1986 1397 128 non point les dehices: loenure ascauoir par la

721 2066 1394 128 quelle il decroisse par humilite/ ⁊ quil ne se en

730 2152 1376 125 sle point par uoultesse. Car il fault que leuef

745 2241 1358 104 que soit irreprehẽsible. Et certes li tout peche

751 2330 1355 104 est digne de reprehẽsion/ aussi en la parode oy

748 2407 1374 118 siue: qͥ est cestuy qui cõuersera en ce mõde sans

757 2485 1361 127 peche/ cest adire/ sans rep̃hension? Sobre.◊ Ih

751 2568 1367 128 est deffendu aux prestres qui seruẽt aux tẽple

766 2654 1343 116 de Dieu/ de boire le uin ⁊ tout boire qui peult

757 2734 1349 128 enyurer: affin q̃ leurs cueurs ne soient apesan

751 2820 1364 110 tis par gourmãdise ⁊ yurongnerie: ⁊ affin q̃ le

742 2912 1355 155 sens faisant son office/ soit tousiours uif ⁊ le¬

1237 192 457 124 De Lordre

463 1814 250 121 Loffice

451 1909 285 130 Deuesq̃

439 2007 265 98 est oeu¬

442 2090 268 110 ure et ser

445 2170 256 113 uitude/

451 2259 282 107 non pas

457 2333 282 143 dignite.

463 2503 279 103 Il estoit

454 2580 267 118 deffẽdu

448 2666 306 113 aux sa¬

442 2749 279 104 crificate

451 2850 282 95 urs de ne

457 2918 247 122 boire ne

1736 3000 372 115 gier enuers
