2267 3563
162 287 1392 140 gͬer enuers dieu. Mais ce quil dit apres/ pri¬¬

164 374 1378 136 dent: il /orclos ceulx qui soubz le nom de sim

172 457 1380 140 plicie excusent la folie des prestres. Car si le

168 546 1380 121 chief ne st sain.: tous les mẽbres seront uitieux,

158 625 1386 131 Ce aussi quil dit/ aorne: cest laccroissement de

148 704 1394 135 la premiere parolle/ quil dit/ quil soit irrepre¬

156 791 1384 135 uensible. Car celuy est appelle irreprehẽsible/

162 878 1384 131 qͥ na nulz uices: ⁊ celuy qui est remply de uer¬

156 962 1384 126 tus/ cestuy est aorne. Nous pouuõs aussi par

150 1041 1396 126 ce mot icy entendre autre chose: selon ce q̃ dit

156 1124 1388 136 Tulle. Cest le chief de lart: quãt ce q̃ tu faictz

148 1205 1394 134 est decent.? Car il en ya aucuns qui tellement

148 1291 1394 137 ignorent leur mesure/ ⁊ sont de tant grãde sto

148 1371 1394 143 lidite ⁊ negligens: que aussi en mouuemẽt/ en

151 1457 1405 134 cheminãt/ ⁊ en habis/ ⁊ en parodle cõmune fõt

157 1532 1393 136 rire les gens qui les regardent: ⁊ cõme entẽdãt

156 1629 1398 130 que cest̃ destre aorne: ilz se aornent de uestemẽs

168 1714 1398 116 ⁊ de nettete de coios: ⁊ oouare: Uent des frian¬

166 1791 1411 121 des uiandes pour leur table: la ou toute telle

162 1876 1404 125 maniere de aornemens ⁊ de acoiestremens sont

158 1957 1402 135 plus infames/ que toutes ordures. Quil soit

162 2046 1396 121 docteur. Car cõuersation innocẽte ⁊ sãs parol

160 2127 1396 135 le/ dautant quelle proffite par son exemple/

162 2214 1402 125 autant nuit elle par sa silẽce. Car aussi la ra¬

172 2304 1394 124 ge des loups doibt estre espouãtee pour labay

170 2381 1392 124 des chiẽs/ ⁊ par le baston du pasteur. Quil ne

169 2455 1387 143 soit pas adonne au uin: ne bateur de gẽs. 4 Il

172 2535 1396 152 a mis les uices a lopposite des uertus. Nous

166 2630 1411 125 auõs apus q̃lz nous debuõs estre: aprenõs q̃lz

166 2710 1396 137 ne doibuent pas estre les prestres. Estre adõne

166 2785 1390 136 au uin appartiẽt aux gourmans ⁊ happelo¬

169 2877 1387 160 pins: ⁊ le uẽtre qͥ est eschauffe du uin/ icõtinẽt

364 154 1089 150 eccleste/ticque. Cha.xx.

1565 133 176 157 29

1568 1178 262 134 Que le

1565 1285 277 107 uestemẽt

1565 1365 277 113 sacerdo¬

1571 1448 259 116 tal soit

1562 1532 268 124 humble.

1568 2440 253 113 Paul a

1583 2526 229 101 mis les

1589 2618 217 89 uices a

1580 2701 256 110 lopposi¬

1574 2785 184 98 te des

1574 2871 226 115 uertus.

1023 2963 543 117 Mm se donne
