2267 3563
1217 148 420 142 De lordre

756 281 1382 136 se dõne a paillardise. Au uin est luxure/ en lu¬

754 376 1386 126 xure est uolupte/ en uolupte est ĩpudicite. Ce¬

744 453 1400 132 luy qͥ paillarde en sa uie il est mort: celuy donc

732 540 1410 136 qui senyure est mort ⁊ ensepuely. Quil ne soit

716 631 1418 123 pas nouice. Et ce quil dit/ affin q̃ cestuy esleue

708 712 1412 123 en orgueil/ ne tõbe au iugement du diable: qui

712 787 1412 131 est cestuy qͥ ne le puisse prouuer par uraye exẽ

732 872 1404 125 ple? Le prestre hastiuemẽt faict/ ignore que cest

734 950 1402 144 dhumilite/ ⁊ de la mãsuetude de gẽs rusticq̃s:

736 1037 1390 128 il ignore les doulce parolles chrestiẽnes: il ne

728 1122 1382 136 se scet contẽner soymesme: dune dignite il est

712 1201 1392 141 transfere a une autre dignite: il na pas ieune:

710 1290 1398 135 il na pas pleure/ ⁊ na pas souuẽt reprime ses

718 1381 1390 125 meurs ne les corrige par cõtinuelle meditatiõ/

738 1452 1366 133 ⁊ si na pas donne Ia substance aux poures. Il

736 1532 1376 130 est aucunemẽt mene dune chaiere a lautre: cest

730 1613 1388 142 adire dung orgueil a lautre. Nul ne doubte q̃

730 1704 1398 134 arrogance ne ait este le iugemẽt ⁊ la ruine du

728 1783 1400 129 diable. Ceulx tombent en ceste arrogance/ qui

728 1868 1396 143 en ung moment dheure sont faictz ministres

720 1947 1101 137 deuant quilz soient faictz disciples.

784 2052 1174 135 ¶ Hierosme au liure de son exposition

960 2139 851 125 sur lepistre aux Ephesiens/

1108 2230 598 109 au .ui. Chapitre .A.

734 2325 1376 165 ¶ Uous aussi peres/ ne prouocquez

718 2450 1394 150 point uoz enfans a courroux: mais

714 2561 1390 158 nourrissez les en linstruction ⁊ en la

712 2676 1012 148 correction du seigneur/ ⁊c.

722 2787 1360 140 ¶ Que les euesques ⁊ les prestres lisent/ les¬

710 2872 1368 150 quelz enseignent leurs enfans es sciences secu

1817 2994 261 121 lieres: ⁊
