2267 3563
395 146 1109 146 ecclesiasticque. Cha.xx.

182 269 1421 144 lieres: ⁊ leur font lire les comedies: ⁊ chãter les

184 368 1390 118 infames escriptures des fabulateͬs * lesquelz

193 445 1363 139 aussi par auẽture sont aprins des biẽs de legli

190 522 1369 149 se: ⁊ ce q̃ la uierge/ ou la uefue auoit baille poͬ

184 614 1381 137 son peche/ ou q̃lque pouure hõme dõnãt tou¬

172 688 1387 137 te sa substãce au tronc de leglise: ce est cõuerty

178 780 1381 137 en lestraine du cõmencemẽt des moys/ ⁊ en la

192 866 1376 121 mande des dons cõsacrez a Saturne/ ⁊ es dõs

190 958 1374 116 de Minerue/ par les grãmariens ⁊ orateurs:

182 1039 1384 120 ou es despẽs domesticques/ ou poͬ la sustenta

182 1120 1322 127 tion du temple/ ou en infames paillardises.

394 1211 972 113 ¶ Ambroise ad Ireneum au pre¬

453 1290 837 103 mier liure/ en la .ui. epistre.

190 1361 1378 135 ¶ Nous trouuõs es escriptures daucuns q̃ le

184 1456 1390 115 cõmandemẽt de Pitagoras est loue: de ce q̃ ce¬

190 1536 1405 122 stuy deffendoit a ses disciples de cheminer la

188 1617 1427 124 uoye cõmune ⁊ usitee du peuple. Mais cela

197 1700 1416 123 est assez cõgneu/ dont il a prins. Car cõme il

215 1783 1382 127 soit q̃ (selon lestimation de plusieurs) il soit

201 1864 1378 123 descẽdu du genre des Iuifz il auoit leut le cõ¬

190 1935 1378 134 mandemẽt de Moyse * qͥl montast en la mon

192 2036 1387 123 taigne auec les prestres: ⁊ q̃ le peuple se tenist

192 2121 1395 119 debout en bas. Il separa donc les prestres du

192 2203 1399 130 peuple: ⁊ puis cõmãda q̃ le mesme Moyse en¬

199 2294 1382 101 trast dedens les nuees. Uoys tu les diuisiõs?

213 2363 1367 116 * Ascauoir q̃ nulle secularite nest requise aux

193 2449 1390 122 prestres/ ne quelque popularite/ ⁊ que en riẽs

199 2523 1408 128 ne doibuẽt cõmunicquer auec lestude ne lusai¬

205 2621 1402 128 ge ne les meurs de la multitude mal ordõnee.

199 2687 1402 142 La dignite sacerdotale doit auoir uers la mul

196 2776 1399 127 titude une sobre grauite/ une uie ꝯstãte/ ⁊ une

199 2856 1390 175 singuliere estimation. Car cõment peult estre

1593 144 171 123 298

1604 341 288 131 Lusaige

1580 451 297 89 des au¬

1580 522 288 101 mosnes

1586 608 297 119 de legli¬

1580 676 86 122 se.

1583 780 276 107 Luc.21.a

1589 1915 265 136 exo.19.d

1634 2345 249 116 La uie

1604 2437 279 98 des pre¬

1625 2517 252 110 stres soit

1625 2612 252 98 plꝰ saĩcte

1616 2693 240 100 q̃ la uie

1610 2770 261 113 des gens

1610 2862 178 122 laidz.

1067 2953 514 121 Mm .ii. celuy
