2267 3563
1158 126 406 141 De lordre

706 269 1402 118 celuy estime du peuple/ qͥ na riẽs separe du peu

710 360 1400 109 ple/ ne differãt a la multitude? Car dequoy te

718 441 1394 107 pͥseroit il/ sil recõgnoit sa uie en toy/ sil ne uoit

712 530 1398 109 riẽs en toy/ qͥl ne soit trouue en luy? silz trou¬

706 611 1398 113 uent en toy qͥlz estimẽt estre uergõgneux/ ce de

700 696 1400 111 quoy ilz sõt hõteux en eulx mesmes? quil uoi¬

702 779 1402 109 se dõc ꝑ dessus les opiniõs du peuple: ⁊ aucu

700 861 1406 112 nemẽt par dessus les pauemẽs de cõuersation

714 944 1394 109 reale: delaissant les chemins battus des cha¬

710 1025 1392 113 riotz/ ⁊ la terre de la uoye cõmune/ par laquel¬

702 1108 1398 113 le cestuy court duquel la uoye est plus legie¬

687 1193 1423 109 re q̃ du courãt: duquel aussi est dit. Il est passe

710 1282 1396 101 oultre ⁊ ne la point ueu. * Mais demandons

727 1350 1370 107 pour nous la uoye qui nest pas hãtee des pa¬

727 1440 1364 118 rolles des hõmes insolentz/ celle qͥ est delaissee

727 1517 1373 107 des oeuures des mal enseignez: laq̃lle ne soit

733 1594 1376 122 marchee de nul hõme souille: cestadire souille

739 1680 1376 113 des ordures de sa folie/ ⁊ oingt de la fumee di¬

727 1781 1388 95 niquite/ ⁊ des tenebres/ ⁊ ruyneux par aucu¬

727 1867 1388 98 nes ruynes de lame/ lequel naura gouste

720 1941 1398 111 nulle suauite de uertu/ ⁊c. Quelle chose donc

712 2030 1394 101 auons nous affaire auec la uoye de ce sie¬

721 2102 1379 115 cle/ en laquelle nya que tentation: mesme la

724 2187 1386 113 uie de lhomme est tentation: ⁊ est plus inutile

724 2272 1396 109 que la parolle des fables/ poͬ habiter en mai¬

732 2363 1388 105 sons de terre ⁊ tousiours penser du gaignage/

726 2442 1390 105 ⁊ comme le mercenaire demander sa iournee: ⁊

726 2521 1388 117 comme ilz dient/ estre nourry de uent comme

728 2602 392 103 les cigales.

885 2688 1077 106 ¶ Origene sur les Iuges/ en la .iiii.

1019 2783 782 95 homelie en la lettre de E.

732 2852 1360 127 ¶ Et les enfans de Israel (dit il) recommence

448 1264 238 104 La uie

418 1353 277 101 des pre¬

430 1443 265 100 stres ne

433 1526 262 95 soit pas

430 1600 271 110 cõmune

433 1680 286 101 auec toꝰ

436 1769 256 104 les au¬

436 1858 164 104 tres.

433 2081 271 142 Iob.7.a

1740 2951 352 107 rent a faire
