2267 3563
920 174 873 136 Lutilite de la parolle

713 302 1372 131 destruire lez munitions ⁊ destruisant les con¬

710 400 1402 122 seilz/ ⁊ toute haultesse soy esleuant contre la

701 483 1384 110 science de dieu: ⁊ captiuant tout entendement

683 577 1399 105 pour obeir a Christ/ ⁊ preparees de subiuguer

677 659 1405 110 toute inobedience. * Il escript aussi a Timo¬

674 733 1405 116 thee/ quil est enseigne des son enfance aux let

681 827 1397 105 tres diuines: ⁊ lexhorte a lestude de la lecture/

692 908 1392 109 affin quil ne mette en negligence la grace qui

713 982 1372 113 luy est donnee par propbetie ⁊c. * Il cõmande

696 1072 1384 109 a Titus/ que entre toutes les autres uertus de

687 1155 1380 109 leuesque (lequel par briefue parolle a pour¬

663 1241 1396 105 traict) quil eslise les sciences des escriptures.

657 1326 1429 101 En acquerant (dit il) la fidele parolle qui est

677 1407 1409 105 selon la doctrine: affin quil soit puissant de

694 1490 1380 103 exhorter en saine doctrine/ ⁊ de cõuaincre les

713 1564 1354 113 cõtredisans. * Car ueritablemẽt la saincte ru¬

724 1653 1352 107 sticite proffite seullemẽt a soymesme/ ⁊ dautãt

721 1736 1364 110 quelle edifie leglise de Christ par le merite de

721 1811 1370 118 la uie/ autant nuyst elle de ce quelle ne resiste

713 1906 986 92 point a ceulx qui la destruisent.

904 1987 955 103 ¶ Gregoire sur les cantiques.

677 2068 1397 103 ¶ La fontaine des iardins/ le puis des eaues

686 2146 1387 110 uiues. Mais il est ascauoir/ q̃ la diuine escri

690 2242 1382 101 pture en aucuns lieux est tresmanifeste ⁊ en

702 2317 1390 113 aucuns se mõstre fort obscuremẽt: ⁊ aucunes¬

716 2399 1378 108 foys se boit doulcemẽt cõe la fõtaine/ ⁊ aucu¬

710 2482 1384 111 nesfoys reqͥert grãde inqͥsition poͬ la trouuer

710 2567 1384 103 ⁊ la prendre. Mais q̃ lentẽdemẽt de la saincte

708 2650 1378 103 escripture soit signifiee par leaue/ il est mõstre

706 2733 1376 107 en q̃lque lieu/ quãt par la uoix de dieu est dit

716 2811 1357 110 aux reprouuez. * Ie leur enuoyeray la soif de

701 2903 1375 134 leaue/ ⁊ la famine du pain. Et par Esaie est

412 293 244 125 sont la

418 397 235 95 parolle

410 483 264 107 de dieu.

410 641 243 110 2.tim̃.3d

401 739 246 95 1.tim̃.4d

380 962 300 145 Titũ.1.b

407 1555 258 116 La sain

401 1638 303 98 cte rusti¬

404 1719 294 110 cite ꝓffi

401 1805 300 107 te seulle¬

395 1897 264 95 ment a

397 1973 301 111 soymes¬

389 2072 133 89 me.

395 2146 267 137 Cãti.4.d

395 2791 297 112 Eze.4.d

407 2886 202 115 Amos

427 2975 97 118 8.d

1809 2990 273 125 dit. * Le
