2267 3563
388 213 1104 131 ecclesiasticque. Cha.xx.

174 334 1398 115 rent a faire mal en la presence du seigneur. Et

178 421 1375 104 Aioth mourut. Lobseruation est aussi gardee

180 510 1372 105 en ces choses/ de laq̃lle par auãt nous auons

178 599 1376 105 declare: q̃ pour le peche du peuple meurt le bõ

169 679 1390 104 cõducteur du peuple. * Car quãt ilz sont indi¬

175 769 1372 103 gnez/ ⁊ quilz ont mal faict en la presence du

172 837 1375 119 seigñr: lhõme de dieu leur est oste: Mais par¬

175 920 1375 113 aduẽture dira nostre peuple. Quãt leglise de

166 1006 1384 113 dieu est sans iuge: quãt aussi le p̃mier deffault

160 1092 1390 104 ung autre y est mis. Nous disons par auẽtu¬

160 1169 1390 107 re quelque chose hardiment. Le prince du peu

160 1267 1390 107 ple/ ou le iuge de leglise/ nest pas tousioͬs don

162 1346 1392 98 ne selon la uolunte de dieu: mais selon ce que

158 1429 1404 101 noz oeuures le requierẽt. Se noz oeuures sont

164 1514 1406 101 mauuaises: ⁊ si nous faisõs mal en la presen¬

160 1595 1427 107 ce du seigñr: ung prince nous est dõne selõ no¬

166 1680 1431 101 stre cueur. Et ce te prouueray par les escriptu

172 1751 1414 113 res. Car escoute ce que le seigñr a dit. * Ilz se

178 1846 1401 103 sõt faict ung roy/ ⁊ non de par moy: ⁊ ung prin

166 1927 1408 103 ce/ ⁊ non point par mon conseil. Et ce semble

156 2011 1392 101 estre dit de Saul/ ⁊c. Nous entendons donc/ q̃

160 2087 1399 113 aussi telle chose est faicte en leglise: q̃ selon les

154 2176 1405 110 merites du peuple de dieu est dõne le recteur de

163 2259 1396 104 leglise puissant ou en parolle ou en oeuure: q̃

172 2345 1381 110 si le peuple faict mal en la presence du seigñr:

166 2428 1387 104 ung tel iuge est dõne a leglise/ soubz lequel le

163 2505 1393 119 peuple souffrira fain ⁊ soif/ nõ pas la fain du

166 2589 1408 115 pain/ ne la soif de leaue/ mais la famine de

160 2669 1414 124 ouyr la parolle de dieu. Faisons dõc tellemẽt/

160 2758 1405 122 prions tellemẽt: q̃ iamais lindignatiõ diuine

160 2838 1393 119 ne nous cõdẽne en la famine de la parolle ou

166 2929 1400 127 en la soif: ⁊ q̃ iamais cestuy ne soit de noꝰ oste

1572 237 190 111 299

1574 409 300 140 Iudi.3.b

1574 668 268 115 Poͬ les

1559 774 223 107 pechez

1556 855 280 86 du peu¬

1565 935 259 104 ple/ ung

1565 1021 265 89 mauua¬

1565 1089 268 104 is prelat

1565 1184 265 86 est dõne

1565 1267 271 119 a leglise.

1595 1733 247 128 osee.8.a

1574 2164 268 116 Le peu¬

1574 2259 268 110 ple souf

1565 2336 300 122 fre la fa

1565 2428 277 92 mine de

1577 2505 277 113 la parol

1589 2589 253 109 le de dieu

1595 2672 244 113 pour ses

1580 2764 214 110 pechez.

1571 2853 280 107 amos.8d

995 3016 569 129 Mm .iii. lequel
