2267 3563
720 342 1390 107 lequel nous instruise par oeuure ⁊ par ꝑolle:

726 425 1388 111 lequel dõne exẽple parfaicte de soy/ en meurs

732 508 1307 117 ⁊ hõnestete/ ⁊ en patience ⁊ mansuetude/ ⁊c.

788 609 1310 117 ¶ Ambroise au .iiii. Tome sur lepistre aux

906 702 939 103 Ephesiens/ au .iiii. Chapitre.

713 774 1384 161 ¶ Et certes cestuy a dõne aucũs apo

726 914 1125 121 stres/ ⁊ aucuns prophetes/ ⁊c.

730 1015 1376 107 ¶ Les apostres sont les euesq̃s. Et les ꝓphe¬

706 1102 1396 101 tes sont les explanateurs des escriptures. Cõ

698 1181 1418 111 bien aussi q̃ en leglise primitiue y a eu des pro¬

704 1261 1408 116 phetes? cõe Agabus ⁊ les quattre uierges ꝓ¬

726 1351 1380 92 phetãtes/ cõme il est cõtenu es Actes des apo¬

748 1437 1349 101 stres/? mais pour dõner a cõgnoistre les rudi¬

745 1517 1358 101 mẽs de la foy/ certes maintenant les interpre¬

742 1597 1373 113 teurs sõt appellez ꝓphetes. Les euãgelistes sõt

742 1677 1373 110 les diacres comme fut Philippe/ cõbien quilz

739 1769 1379 107 ne soiẽt point prestres: toutesfoys peuuẽt euã

742 1843 1379 116 gelizer sans chaiere/ cõe aussi feist saĩct Eftiẽ¬

742 1921 1379 115 ne/ ⁊ Philippe deuant dit.7 Les pasteurs sont

727 2010 1388 115 ⁊ peuuẽt estre les lecteurs: lesquelz nourrissẽt

727 2102 1382 104 ⁊ engraissent le veuxde escoutont. Car lhõme

745 2188 1364 104 ne uit pas seulemẽt du pain: mais de toute pa

742 2259 1379 110 rolle qͥ procede de la bouche de dieu. Mais les

742 2345 1382 107 maistres sont les exorcistes: car iceulx en le¬

751 2425 1370 122 glise frappent ⁊ appaisent ceulx qui sont sãs

748 2508 1379 113 repos: ou sont ceulx qͥ soloiẽt instruire les en¬

748 2606 1373 101 fãs par lectures/ cõe est la maniere des Iuifz/

751 2684 1370 101 desquelz aussi la tradition est uenue a nous/

754 2770 1355 104 laquelle par negligẽce est abolie. Entre ceulx

748 2853 1364 98 icy/ apres leuesque/ cestuy est entendu estre

748 2933 1367 134 le plus grand qui est appelle prophete/  cause

436 789 259 181 exbe.4.c

1172 199 445 137 De lordre

418 1264 235 119 Act̃.2.d

436 1422 288 121 Les ĩter¬

439 1520 280 113 preteurs

439 1606 288 98 des escri

439 1686 241 113 ptures

445 1769 276 107 sõt maĩ¬

439 1858 282 113 tenãt ap

439 1938 288 107 pellez ꝓ¬

430 2016 256 112 phetes.

433 2117 280 95 Les nõs

433 2197 297 98 des mini¬

445 2268 262 113 stres de

439 2363 256 95 leglise.

445 2446 291 98 mat.4.a

445 2520 288 116 Lesexor

439 2598 294 112 cistes sõt

439 2687 280 112 ceulx qͥ

436 2785 297 101 enseigne

436 2853 297 113 ⁊ chastie

445 2942 288 110 et adiu¬

447 3044 168 119 rent,

1849 3020 269 105 du sens
