2267 3563
392 174 1096 136 ecclesiasticque. Cha.xx.

168 316 1461 95 du sens secret de lescripture manifeste: princi¬

182 401 1394 107 palement pour ce quil declaire les parolles de

170 482 1388 103 lesperance a uenir: laquelle ordre peult main¬

174 566 1374 103 tenant estre lordre de prestrise. Car toutes les

170 659 1376 95 ordres sont en leuesque. Il est le p̃mier prestre/

158 734 1400 105 cestadire le prince des prestres/ ⁊ est prophete et

162 817 1398 101 euãgeliste: ⁊ toutes les autres offices qͥ se doib

170 898 1396 103 uent parfaire au seruice des fideles. Toutes¬

174 981 1394 107 foys apres que en tous lieux les eglises ont

160 1066 1400 101 este constituees/ ⁊ les offices ordonnees: la cho

164 1148 1398 108 se a este autrement composee quelle nauoit cõ

157 1241 1388 89 mence. * Car premieremẽt tous enseignoient/

160 1312 1385 101 ⁊ tous baptisoiẽt en quel iour ou en quel tẽps

160 1395 1396 101 que loccasiõ y estoit. * Car aussi Philippe ne

160 1484 1408 104 demande ne temps ne iour pour baptiser le¬

172 1558 1420 116 Nuque/ ⁊ ny entremis point de ieune. * Aus¬

172 1647 1432 113 si Paul et Silas ne entremirent point de

169 1728 1435 112 temps/ pour baptiser le Ieolier de la prison

178 1808 1411 118 auec tous ses gens. * Pierre aussi ne eut

172 1888 1399 119 nulz diacres/ et ne demande point de iour/

172 1985 1390 99 quant il baptisa Cornille auec toute sa mai¬

174 2072 1398 103 son: et non pas luy mesme: mais commanda

166 2153 1410 105 aux freres qui estoient uenus auec luy a Cor¬

168 2236 1404 103 nille en Ioppe. Car nul nauoit encore receu

176 2313 1392 111 nulle ordre/ sinon les sept diacres. Affin donc

178 2401 1396 106 que le peuple creust et fut multiplie: il fut

174 2492 1407 99 parmis au commencement a tous/ et de euan¬

188 2569 1405 109 gelizer et de baptiser/ et de explaner les escri¬

178 2645 1417 116 ptures en leglise. * Mais quant leglise a

172 2731 1411 107 enuironne et occupe tous lieux/ les conuen¬

178 2817 1387 101 ticules ont este constituez: et les recteurs et

175 2891 1390 143 tous les autres offices ont este ordonnees en

1587 193 171 123 300

1562 1193 283 152 En legli

1562 1324 292 113 se primi¬

1568 1410 250 95 tiue toꝰ

1589 1466 282 122 baptiso¬

1613 1558 267 110 ient ⁊ p̃¬

1628 1644 234 104 schoiẽt.

1613 1725 232 101 Act̃.8.g

1604 1805 252 119 Act̃.16.f

1583 1894 268 133 Act̃.10.g

1637 2598 217 157 Quelle

1595 2734 261 92 est main

1580 2811 276 107 tenãt lor

1580 2903 279 122 dre en le¬

1583 2984 175 151 glise.

1004 2981 564 136 Mm .iiii. leglise
