2267 3563
1211 158 416 138 De lordre

720 294 1394 115 leglise: tellemẽt que nul de la clergie qui ne se

718 385 1396 107 roit pas ordõnee ne fut si hardy/ que de soy pre

730 467 1384 109 sumer de faire q̃lque office laquelle ne luy se¬

718 556 1398 103 roit pas cõmandee ou permise: ⁊ a cõmence le¬

708 643 1402 101 glise a estre gouuernee dune autre ordre ⁊ ꝓui¬

696 722 1406 101 dence: que si tous ensemble pouuoiẽt faire les

690 801 1412 105 mesmes choses/ ce seroit chose irraisonnable ⁊

710 884 1404 101 uulgaire/ ⁊ seroit estimee uile. De ce dõc est ce

716 967 1394 109 maintenãt que les diacres ne preschent point

714 1051 1386 104 au peuple/ ne les clerz/ ⁊ si ne baptisent point

710 1125 1384 104 les gẽs laidz * ⁊ ne sont point les hõmes tous

698 1208 1408 119 les ioͬs baptisez/ sinon les malades. Et pour¬

701 1297 1396 119 tant aussi ne cõuiennẽt pas en toutes choses

716 1380 1375 107 les escriptures des apostres/ a lordõnance que

727 1454 1349 122 maintenant est en leglise: pource q̃ ces choses

727 1552 1358 98 ont este escriptes du temps du cõmencement.

727 1630 1376 109 Car aussi appelle il Timothee euesque/ leq̃l

712 1716 1392 109 estoit faict prestre de par luy: pource q̃ les pre¬

708 1801 1394 107 miers prestres (lesquelz p̃miers prestres estoiẽt

708 1884 1392 107 appelle euesques) estoient tellement que quãt

698 1963 1396 111 lung estoit oste/ ung autre suyuant succedoit.

689 2050 1403 111 Finablement aussi en Egipte les prestres sõt

692 2135 1394 105 les cõsignations quant leuesque nest pas pre¬

710 2214 1374 115 sent. Mais pourtant que les prestres suyuãs

702 2304 1394 106 ont cõmence destre trouuez indignes pour te¬

698 2383 1398 105 nir les premiers lieux/ la raison a este muee/

702 2468 1398 107 par le regard du conseil: tellemẽt que non pas

700 2549 1398 113 lordre/ mais le merite faict ung euesque estre

696 2634 1394 113 constitue/ par le iugemẽt de plusieurs prestres:

700 2717 1388 113 affin que temerairemẽt il ne le usurpast/ ⁊ qͥl

692 2800 1392 115 ne fusse en scãdale a plusieurs. En la loy/ les

694 2888 1367 130 prestres uenoient de la lignee de Aarõ Leuite.

430 1110 271 131 Au tẽps

398 1211 288 116 de sainct

398 1300 285 101 Ambroi¬

410 1389 288 92 se ilz ba¬

415 1466 265 104 ptisoiẽt

418 1549 286 110 en certaĩ

418 1630 247 157 temps.

1845 2985 222 114 Mais
