2267 3563
134 275 1424 126 Mais mointenãt tous sont du genre sacerdo

130 368 1388 118 tal/ par ce que dit Pierre lapostre.◊ Car uous

139 442 1373 110 estes/ oit il) le genre real ⁊ sacerdotal: ⁊ pour¬

150 540 1295 111 tant du peuple peult estre faict ung prestre.

223 615 1230 115 ¶ Origene sur les Nombres/ en la .xxii.

356 702 950 107 Homelie/ au .xxuii. Chapitre.

136 779 1386 117 ¶ Mais ce tẽps pendãt/ regardõs la magnifi

132 866 1390 113 cẽce de Moyse. Quant il debuoit partir de ce

146 946 1372 116 siecle/ il prioit dieu/ qͥl uoulust pourueoir ung

136 1031 1376 115 conducteur au peuple. Que fais tu Moyse?

132 1114 1390 117 Nas tu poĩt des filz/ ascauoir Gerson ⁊ Elea

130 1195 1390 121 zar? Ou si tu doubte en eulx q̃lq̃ chose: sõ fre¬

128 1280 1390 109 re qͥ est grand ⁊ noble hõme na il nulz filz? Cõ

132 1369 1394 111 mẽt ne prie tu pas dieu pour eulx/ affin quilz

134 1446 1386 117 les ꝯstitue pour cõducteurs au peuple? Mais

133 1523 1388 124 q̃ les princes des eglises aprẽnent/ q̃ leͬ̃s succes

136 1612 1417 124 seͬs ne doibuẽt pas estre ceulx qͥ leͬ sõt cõioictz

142 1698 1426 125 par affinite de generotiõ sine doibuẽt pas resi

145 1781 1400 125 gner ꝑ testamẽt/ ne bailler cõe heritarge l Ola

142 1870 1373 104 ture de leglse a cenlx  leur sõt ꝓchains par

136 1944 1391 116 affinite de la chair: mais le referer au iugemẽt

133 2039 1391 104 de dieu: ⁊ non pas eslire celuy q̃ laffection hu¬

130 2117 1394 109 maine loue: mais du tout permettre au iuge¬

130 2191 1406 121 mẽt de dieu lelection de son successeur. Moy¬

148 2286 1388 121 se ne pouuoit il eslire ung prince pour le peu

144 2367 1386 123 ple/ ⁊ le eslire par uray iugement ⁊ par droicte

139 2455 1385 119 ⁊ iuste sentence/ auquel dieu auoit dit/ Eslis

150 2537 1394 119 des prestres pour le peuple/ lesquelz tu scais

142 2618 1416 125 estre prestres/ ⁊ en esleut de telz/ sur lesquelz

142 2703 1418 125 cõtinuellement reposoit lesprit de dieu/ ⁊ tous

142 2787 1406 126 prophetisoyent. Qui donc pouuoit ainsi esli

142 2876 1390 132 re le prince du peuple/ comme pouuoit soire

338 142 1140 141 ecclesiaftcque. Cha.xx.

1542 353 300 128 1.Pet̃.2.

1530 442 127 110 b.c.

1586 133 161 143 301

1550 1517 286 127 La p̃la¬

1577 1624 241 98 ture ne

1580 1695 253 113 doibt e¬

1556 1787 268 107 stre resi¬

1536 1870 270 107 nee aux

1550 1959 194 89 affins

1542 2030 273 113 ny a au¬

1542 2119 270 95 tres selõ

1553 2203 253 109 nostre af

1550 2283 238 113 section.

1545 2446 261 134 Nu.11.d

1265 2959 257 132 Moyse?
