2267 3563
481 442 282 119 La cau¬

481 537 282 92 se pour¬

487 623 175 98 quoy

481 697 232 110 Moyse

472 786 255 107 ne esleut

463 875 258 95 poĩt ses

466 962 288 92 ꝓchains

484 1033 279 110 selon la

478 1113 202 107 chair.

472 1199 261 119 N.27.c

762 277 1386 122 Moyse? Mais ce ne faict il point: il ne le eslit

758 370 1386 114 point/ il ne lose eslire Pourquoy ne lose il fai

775 454 1367 119 re? YAffin quil ne laisse lexemple aux succes¬

775 528 1367 125 seurs/ de presumption. Mais escoute qͥl dit:

751 620 1388 116 7Que le seigneur Dieu des espritz/ ⁊ de toute

739 712 1379 101 chair pouruoye (dit il) dung hõme sur ceste sy

736 795 1391 104 nagogue/ leq̃l uoise deuãt leur face en entrãt

748 869 1394 104 ⁊ en sortant/ ⁊ qͥ les meine ⁊rameine. Si donc

772 962 1367 109 MMoy se qui estoit si grãd ⁊ excellent na point

775 1042 1355 107 ꝑmis a son iugemẽt de eslire le prince du peu¬

757 1125 1364 110 ple/ ne de ordõner ung successeur: qui aura la

751 1193 1376 128 hardiesse/ aussi de ceulx du perple/ Lãl sou¬

738 1290 1398 111 uent ⁊ coustumieremẽt sesmeut par clameurs

752 1379 1376 99 pcie auenture esleues oux grace/ ou par pris¬

760 1452 1366 115 ou aussi qui sera celuy des prestres qui le iuge

766 1538 1364 100 ra estre ydoine de cest affaire/ si ce nest qͥl soit

769 1624 1376 104 reuele du seigneur a q̃lcun priant ou deman¬

775 1704 1367 107 dant? Dieu aussi dit ainsi a Moyse.? Fais

778 1775 1361 122 uenir a toy Iesus le filz de Naue lhõme qui

775 1870 1364 101 a en soy mesme lesprit de dieu: et mettras tes

766 1944 1376 116 mains sar luy: ⁊ le estabhras en la presence de

745 2039 1388 98 Eleazar prestre/ ⁊ luy dõne les cõmandemens

742 2119 1388 117 en la prelence de toute la (onagogue: et fais

752 2201 1382 114 cõmandement de luy deuant eulx: ⁊ luy dõne

754 2288 1386 115 ras sur luy ta clarte/ affin q̃ les filz de Israel

758 2371 1388 113 lescoutent. Tu oys euidamment lestablisse¬

752 2458 1390 111 ment du prince du peuple icy estre manifeste¬

754 2539 1380 113 ment descripte tellement que quasi na que fai

754 2626 1374 109 re dexposition. Il ny a icy nulle acclamation

758 2715 1372 107 du peuple il ny a quelque raison de consan¬

760 2794 1360 111 guinite: il ny a quelque regard de proyimite.

752 2880 1368 128 Que lheritaige des champs et des prez soit

1195 150 410 133 De lordre

475 1520 258 124 Nume.

484 1627 142 98 27.d

475 1707 282 98 Lordon¬

478 1790 282 107 nance et

469 1864 288 110 establis¬

469 1953 285 122 semẽt du¬

466 2054 214 107 prince.

1882 2969 238 132 laissee
