2267 3563
296 166 1167 144 ecclesiasticque. Chap̃.xx.

112 273 1406 151 laissee aux ꝓchains: mais que la gouuernan

115 383 1382 121 ce du peuple soit baillee a celuy que dieu aura

118 463 1379 121 esleu: ascauoir a ung tel hõme/ qui a (comme

136 546 1376 130 uous auez ouy qͥl est escript) en soymesme les¬

127 620 1370 131 prit de Dieu/ ⁊ auquel les commãdemens de

121 700 1376 134 dieu sõt en sa p̃sence: ⁊ lequel soit fort cõgneu

124 795 1373 128 ⁊ familier a Moyse: cest adire/ auquel soit la

124 872 1373 134 clarte ⁊ la sciẽce de la loy: affin que les filz de

140 975 814 123 Israel le puissent escouter.

298 1045 1076 128 ¶ Hierosme/ au .u. Tome sur Eze¬

364 1134 930 118 chiel/ au .xliiii. Chapitre .E.

130 1199 1379 140 ¶ Ilz ne raseront point leur chief/ si ne nour¬

130 1294 1390 131 riront point la cheueleure: mais feront tõdre

130 1375 1388 139 leurs chiefz. * Icy est clerement demonstre que

130 1460 1385 137 nous ne debuons point auoir les chiesz rais/

133 1543 1382 137 cõme les prestres uenerateurs de Isis ⁊ de Se

130 1627 1417 124 rapis: ne aussi laisser croistre en bas les che¬

142 1698 1414 139 ueulx: ce q̃ ꝓpremẽt appartiẽt au luxurieux ⁊

148 1787 1394 142 aux barbares ⁊ gẽsdarmes: mais q̃ hõneste ha

148 1864 1379 146 bituatiõ soit mõstree en la face des p̃stres. Poͬ

146 1963 1384 123 laq̃lle chose les septãte interpreteurs ont dit.

154 2036 1370 128 * Ilz ne raserõt poĩt leͬs chiefz ⁊ ne tõdrõt poĩt

140 2123 1402 135 les cheueulx au lõg: mais en couurãt ilz cou¬

144 2209 1404 138 urirõt leurs chiefz. Selon laq̃lle chose nous

162 2298 1390 124 cõgnoissons/ que nous ne debuons point rai¬

154 2373 1394 129 re le chief du rasoir/ ne tondre les cheueulx si

156 2460 1390 137 cours/ q̃ soyons semblables a ceulx qui sont

164 2541 1390 143 raitz: mais debuõs tellemẽt laisser croistre les

158 2638 1124 117 cheueulx/ que la peau soit couuerte.

467 2721 815 121 ¶ Hierosme/ sur Micheas/

562 2806 667 109 au .ui. Tome/ au .uii.

732 2891 331 137 Chapitre.

1528 178 192 109 302

1559 264 241 130 Celuy

1512 365 294 104 doit estrᵉ

1512 448 303 122 esleu suͬ

1524 543 258 95 le peu¬

1518 626 276 104 ple qui a

1518 700 243 104 lesperit

1518 777 267 113 de dieu ⁊

1518 855 264 118 lintelli¬

1514 958 273 101 gẽce des

1512 1039 267 98 escriptu

1512 1128 142 107 res.

1527 1202 267 107 eze.44.e

1539 1451 273 107 Les pre¬

1539 1529 285 115 stres ne

1571 1615 247 92 doibuẽt

1574 1692 277 122 pas fai¬

1559 1793 247 92 re raire

1550 1855 265 149 leͬ chief.

1545 2042 252 107 eze.44.e

1215 2971 333 122 ¶ Les ducz
