2267 3563
478 285 243 115 Hie.4.f

772 276 1379 142 Les ducz de mon peuple ne mon pas cõgneu,

758 384 1392 116 ilz sont folz enfans/ sans entendemẽt ilz sont

760 475 1392 116 saiges pour faire maulx/ mais ilz nont sceu

744 554 1402 119 biẽ faire. Ilz estoyẽt (dit il) appellez mes ducz/

738 643 1410 107 et les ducz de mon peuple: mais pour ce qͥlz ne

745 721 1400 113 mont pas cõgneu? ⁊ ont par oeuure destruit le

745 798 1400 134 mot de duc: pourtãt sont ilz folz filz/ sans en¬

769 887 1370 122 tendre la prudẽce: pour ce ont ilz seulement ce/

766 962 1373 133 qͥlz rendẽt a eulx subiectz le simple troppeau/

769 1045 1367 130 ⁊ les foullent aux piedz: mais uz ae (caiuent

754 1137 1379 121 bre/ame ne bẽ gonuerner le peuple. Ne uueil¬

728 1227 1408 109 lez croire aux cõducteurs/ ny en leuesque/ ny

734 1306 1398 121 au orestre/ ny au diacre/ ne en quelque dignite

752 1381 1382 121 des hommes. Et ne dis point ce/ que uous ne

748 1466 1380 123 soyez tenus destre subiectz a telz degrez de le¬

760 1555 1373 110 glise.7 Car quicõque aura mauldict pere ou

748 1637 1392 112 mere il mourra de mort. Et aussi lapostre en¬

763 1719 1370 121 seigne quil fault obeir en leglise aux prelatz:

748 1805 1386 117 mais ie dis ce/ a cause q̃ cest autre chose de hon

742 1886 1386 121 norer les maistres/ ⁊ autre chose de mettre son

734 1971 1390 119 esperãce es maistres. Hõnorons leuesque/ dõ¬

724 2056 1410 117 nons hõneur au prestre/ leuons nous deuant

732 2143 1390 111 le diacre: mois toute (soys ne esperõt point en

751 2209 1361 139 eulx:? car lesperãce en lhõme est uaine/ ⁊ les¬

751 2298 933 121 perãce au seigneur est certaine.

976 2387 914 115 ¶ Hierosme en la. c. pseaulme/

1077 2472 708 117 au huytiesme. Tome.

752 2571 1360 166 ¶ Mais yeulx sõt sur les fideles de

736 2701 1378 151 la terre affĩ qͥlz soyẽt assis auec moy.

751 2820 1358 101 ¶ Il na pas dit/ les riches ou les empereurs/

748 2903 1352 137 ou les euesques/ ou les p̃stres/ ou les diactres:

475 703 255 116 Les ducz

469 786 261 107 de legli¬

466 887 282 98 sedestrui

457 962 291 118 sẽt le nõ

460 1057 297 98 par oeu¬

469 1137 151 101 ure.

1215 166 410 134 De lordre

469 1546 273 110 exo.21.b

463 1710 285 130 hebr.13.e

445 2203 285 121 Lesperã

439 2298 291 109 ce en lhõ

443 2389 247 89 me est

453 2464 249 89 uaine.

445 2547 288 122 psal.32.d

457 2788 259 109 Le sei¬

448 2877 273 121 gñr com

1861 3010 247 97 mais a
