2267 3563
257 174 1186 130 ecclesiasticque. Chap̃.xx.

118 290 1388 119 maĩs a dit/ les fideles: ie estoie assis auec eulx.

118 385 1376 110 Ung sainct euesq̃ aussi peult dire ceste chose.

130 475 1364 109 Ie ne cõstituoye pas cestuy la prestre leq̃l me

136 564 1367 95 seruoit/ ou celuy qͥ estoit mon ꝓchain mais ce

127 632 1376 119 luy q̃ ie congnoissoye estre fidele. Et derechief

121 736 1370 98 le mesme peult dire. Pource q̃ iauoye toꝰ mes

118 811 1382 101 clercz ⁊ mes laidz fideles: ce uerset peult estre

118 884 1385 122 dit en la personne du seigñr. * Cestuy me ad¬

118 979 1385 107 ministroit/ cheminant en uoyes sans macule:

124 1064 1382 101 Car ie ne ordonnoye point ceulx qui estoyent

120 1148 1252 99 mes ꝓchains mais les iustes ⁊ les fideles.

314 1227 1024 107 ¶ Le mesme/ au .ix. Tome sur la

342 1314 976 99 p̃miere epistre de sainct Paul a

394 1395 855 107 Timothee au .iii./ Chap̃.A.

132 1484 1372 166 ¶ Parolle fidele: si q̃lcun desire lof¬

138 1619 632 132 fice de Euesque.

130 1731 1400 95 ¶ Premieremẽt: il institua les gens laidz: des¬

130 1802 1385 104 quelz toꝰ les meilleurs sõt esleuz en loffice de

130 1897 1334 101 prestrise: ⁊ ainsi dit qͥlz doibuẽt estre ordõnez.

225 1971 1174 113 ¶ Chrysostome au .ui. Tome/ au Ser

334 2062 1012 105 mon de Anathemate/ cest adire

588 2147 554 105 de malediction.

134 2224 1388 109 ¶ Dont prẽdray ie donc le cõmencemẽt a par

128 2310 1402 106 ler de ce mal icy? sera ce aux dispositions des

132 2395 1386 101 cõmandemens diuins/ ou a uostre folie/ ⁊ uer

136 2478 1390 105 gongne? Ne se mocquera on point de moy/ et

134 2565 1404 99 nestimerez uous point q̃ ie soye hors du sens/

134 2644 1422 105 q̃ ie dis ces choses? Ne seray ie pas siffle/ q̃ ie

134 2727 1416 101 ꝓmetz dire choses tõt mal plaisãtes/ ⁊ dignes

136 2810 1406 103 de plourer? Mais cõbien sont mes affectiõs

140 2893 1394 125 cõtraires aux uostres. Ie suis dolent/ ie suis

1556 166 179 139 303

1536 299 288 113 mãde nõ

1515 400 312 113 poĩt par

1515 481 261 89 les ri¬

1521 576 282 100 ches ma

1521 650 240 101 is ꝑ les

1518 733 237 110 fideles.

1518 878 270 137 Pseaul.

1518 976 172 113 100.b.

1562 1689 247 145 Les pre¬

1536 1811 270 110 stres doi

1533 1909 267 89 uẽt estre

1524 1977 279 101 esleuz ðs

1520 2070 285 95 meilleͬs

1528 2153 283 155 gẽs lais.

1265 2996 273 111 tormente
