2267 3563
1223 182 420 130 De lordre

797 322 1369 111 suis tormente dentẽdement/ mes entrailles se

788 407 1376 109 rõpent/ pour ce q̃ ie uous uoy si insensez et si

782 496 1386 103 mauuais que nous passõs les Iuifz par trãs¬

778 574 1393 114 gression de la foy/ ⁊ les gentilz par infidelite.

769 653 1399 104 * Uoicy ie regarde des hõmes lesq̃lz nont to¬

775 751 1385 95 tallemẽt nulle ꝑfaicte intelligẽce des escriptu¬

784 834 1376 89 res/ mesme ne scaiuẽt riẽs des escriptures sain

799 905 1369 101 ctes: ⁊ affin q̃ ie passe oultre de plusieurs cho¬

802 1003 1358 92 ses (car ie suis hõteux de les appeller furieux

799 1083 1364 95 mẽteurs ⁊ cõtentieux) lesq̃lz ne scaiuẽt quilz

766 1157 1394 107 dient/ ne dequoy ilz affermẽt: ⁊ seulemẽt har¬

756 1241 1410 108 dis en une chose: cest qͥlz establissẽt des doctri¬

768 1326 1405 103 nes: et declairẽt estre malediction ce q̃ totalle¬

784 1407 1385 107 mẽt ilz ignorẽt. Et de la est ce/ q̃ nous sõmes

782 1496 1378 99 mocquez des estrãgiers et des ennemys de nr̃e

786 1575 1370 99 foy: ⁊ sõmes estimez/ cõme si noꝰ nauions nul

788 1654 1368 113 soing de la uie honneste/ ⁊ cõme si iamais noꝰ

782 1739 1372 109 neussiõs apris de biẽ faire. Las a moy/ cõbien

776 1825 1118 93 me sont dures ces choses ⁊ dolentes.

784 1904 1374 101 ¶ Quelle chose ueult estre ce mot Anatheme?

764 1993 1398 105 Regarde que tu dis: congnois ce que tu parle.

758 2074 1408 107 Cõgnois tu la uertu de la parolle? Cõbiẽ que

764 2159 1392 91 tu trouueras en la saincte escripture qͥl est dit

784 2235 1367 107 contre Hierico. * Et anathematiseras toute la

787 2315 1373 104 cite au seigneur ton dieu. * Et la coustume est

784 2407 1373 98 uenue enuers nous tous/ laquelle dure iusq̃s

781 2485 1387 113 au iourdhuy que Anatheme est appelle/ ce qui

781 2562 1379 107 est suspens pour certain lieu. Appelle tu cela

781 2648 1373 113 Anatheme? aussy le plꝰ souuẽt ce mot sõne en

770 2737 1384 109 bien: ⁊ est aucunesfoys la chose offerte a dieu.

766 2820 1382 109 Dont uient ce donc/ que tu appelle Anatheme

760 2909 1380 123 celuy qͥ est offert au diable/ ⁊ ne demeure plus

519 567 238 204 Icy Cry

511 751 249 104 sostome¬

496 822 258 110 lamente

478 914 297 98 lestat de

478 994 270 107 leglise.

481 1071 306 116 1tim̃.1.a

490 2155 240 193 Ios.6.c

481 2310 261 100 que cest

478 2399 282 92 Anathe¬

481 2491 282 92 me ẽuers

478 2577 282 83 noz au¬

475 2639 255 143 theurs.

1954 2988 186 97 en la
