2267 3563
213 270 1418 118 dit. Le seigͬ ostera de Hierusalem ⁊ de Iuda¬

221 372 1384 109 toute la force du pain/ ⁊ toute la force de lea¬

213 451 1379 104 ue.7Ou il fault noter q̃ premieremẽt est ostee

231 531 1361 107 la sorce du pain/ puis apres la force de leaue.

222 620 1373 104 Car quãt les parolles grandes ⁊ obscures de

210 706 1385 98 lescripture ne sõt pas enquestees cõme on les

207 792 1385 95 cõ mande: petit a petit lentendemẽt decline de

215 872 1368 103 la science/ tellemẽt aussi que aucunesfoys les

217 958 1109 102 plus legieres ne sont pas entendues.

320 1035 1129 115 ¶ Gregoire/ sur Ezechiel au premier

471 1122 833 97 liure en la . ui Homelie au

637 1213 523 89 commencement.

210 1279 1370 113 ¶ Leaue est tenebreuse es nuees de lair: poͬ ce q̃

203 1371 1384 103 la sciẽce est obscure es prophetes. Mais nous

199 1445 1384 113 apprenons par la uoix de Salomon qͥ nous

199 1540 1405 98 tesmoigne.? Que la gloire des roio est de celer

202 1627 1420 98 la parolle: ⁊ la gloire de dieu/ es de enq̃ster la

219 1698 1397 104 par ode: ꝯource aussi q̃ lhõneur des hõmes est

213 1784 1382 98 de couurir les choses secrettes: ⁊ L glone de

207 1861 1364 107 dieu/ est de mantsester les misteres de sa ꝑolle.

199 1953 1384 98 Mesme aussi ceste uerite dit de soy a ses disci¬

199 2034 1378 107 ples.◊ Ce q̃ ie uoꝰ dis en tenebres/ dictes le en

199 2125 1377 97 lumiere: cestadire/ exposez manifestement ce q̃

201 2205 1380 103 uoꝰ oyez es obscuritez des paraboles. Et ceste

207 2290 1390 101 obscurite des parolles de dieu est de grãde utili

211 2373 1398 101 te: poͬ ce õde exercite le sens affin q̃ pair fatiga

201 2448 1410 107 tion il soit eslargo: ⁊ẽc poir exercitation il en¬

196 2529 1413 101 tende ce que par oysiuete il ne peult entendre.

213 2612 1385 101 YEt a encore ung plus grand bien: car si lin¬

193 2693 1387 103 telligẽce de la saincte escripture estoit manise

193 2770 1375 124 stee en toutes choses/ elle deuiẽdroit uile: ⁊ dau

187 2853 1387 139 tãt q̃ en aucuns hexx les plꝰ obscu/ s elsetra¬

514 127 1004 158 de dieu. Chap̃.x15.

1607 439 318 119 La signi

1604 540 285 98 fication

1607 617 288 107 du pain

1610 697 279 119 ⁊ de lea-

1607 789 98 98 ue.

1651 267 277 139 Esai.3.a

1665 148 152 107 21d

1607 1270 270 122 Ps̈.17.b

1598 1454 306 92 ꝓuer.25a

1619 1523 279 98 Enque¬

1634 1621 264 98 ster la pa

1634 1692 246 110 rolle est

1610 1778 264 101 la gloire

1601 1861 232 92 de dieu.

1604 1953 258 110 mat.10.c

1616 2586 240 124 Lobscu.

1592 2690 270 103 rite de la

1589 2770 270 107 ꝑolle de

1598 2859 256 113 dieu ꝓf¬

1598 2942 119 116 fite.

1090 2939 484 145 Bb ii ueille
