2267 3563
281 184 1095 132 ecclesiasticque. Cha.xx.

126 318 1388 101 en la region de salut/ mais est estrangier de

128 407 1374 109 Christ? Mais qui es tu de si grãde auctorite/

138 492 1368 107 qui usurpe pour toy si grande puissance? Car

140 574 1368 102 alors le filz de dieu seras assis: ⁊ establira les

136 661 1366 97 brebis a ses dextres/ ⁊ les boucz a ses senestres.

130 742 1376 103 Poͬquoy donc prẽs tu si grãde dignite? laq̃lle

132 829 1374 97 seulemẽt a este cõmuniquee aux Apostres ⁊ a

130 910 1372 99 ceulx qͥ sont leurs ydoines successeurs/ uraye

130 1000 1367 89 ment plains de grace et de uertu. * Mais les

127 1068 1370 104 Apostres garderẽt diligemmẽt ce cõmãdemẽt.

126 1155 1373 105 Car ilz iettoyent ainsi les hereticques hors de

124 1235 1379 107 leglise/ comme son leur eu deu arracher loeil

124 1318 1379 113 dextre. Et pour icelle cõuenable deiectiõ de ce

124 1413 1385 98 mẽbre/ monstroyẽt deuant tous grans signes

127 1484 1382 110 de cõpassion ⁊ de douleur. * Et pourtãt aussi

130 1564 1391 110 Christ dit loeil dextre: affin qͥl declaire la cõ¬

132 1662 1408 103 passion q̃ doibuent auoir ceulx qui le reiettẽt.

138 1741 1398 101 En laquelle chose aussi cõme aux autres ont

140 1823 1378 104 este fort diligens uoire en redarguãt et rebou¬

140 1908 1374 101 tant les heresies/ mais non pas en adioustant

136 1993 1378 107 q̃lque peines aux hereticques. Mais aussi la

138 2078 1378 103 postre seulemẽt en deux lieux ameine ceste pa

134 2161 1384 107 rolle cõme par cõstrainte: ⁊ toutesfoys encore

140 2242 1386 99 ne la declaire point sur q̃lque ꝑsonne certaine

144 2325 1378 99 ou determinee. Car aux Corinthiẽs il escript.

145 2407 1364 113 * Si aucũ ne ayme point nr̃e seigñr Iesus/ il

142 2482 1376 116 soit anatheme. * Et si aucun uous euangelize

148 2579 1394 99 autre chose que ce que uous auez receu/ il soit

138 2658 1406 109 Anatheme. Pourquoy dõc ose tu faire ce que

140 2743 1396 103 nul de ceulx qui ont receu la puissance nont

138 2824 1386 101 eu la hardiesse de faire ou declarer: cõe plaine

140 2919 1382 107 ment aduersaire de la mort du seigñr et preoc¬

1524 160 202 151 304

1512 962 264 115 Au tẽps

1512 1051 252 115 passe le

1512 1149 255 95 Anathe

1521 1220 261 110 me se fai

1521 1312 261 116 soit/ par

1524 1404 231 95 grande

1524 1469 252 104 charite.

1536 1555 246 104 mat.6.e

1530 2399 270 106 1.cor.16b

1545 2485 255 104 Gal.1.b

1225 3010 301 111 cupant le
