2267 3563
475 570 217 121 Quel

478 682 246 107 grãd pe¬

472 760 217 104 che cest

463 840 264 101 de Ana¬

451 929 285 98 thematĩ

451 1006 306 113 ser lhõ¬

463 1107 146 104 me.

758 332 1384 119 cupant le iugemẽt du roy? Uoulez uous ap¬

754 419 1390 119 prẽdre quelles choses aucun sainct (lequel au

748 504 1398 117 temps des apostres desseruit le martyre) en a

745 596 1400 101 dit? r En uueillant mõstrer la grauite de ceste

742 662 1397 127 par olle/ il usoit de telle exemple. Ainsi q̃ lhõ¬

739 751 1394 115 me qͥ nest pas noble/ enuirõnant ⁊ uestãt sont

760 840 1361 107 corps de la robbe reale de pourpre/ est pugny

772 917 1373 113 cõme tirãt ensemble auec ceulx qui laidẽt: pa

772 1003 1373 113 reillemẽt celuy qui prẽt la (entẽce du seigñr: et

769 1083 1364 116 faict lhõme estre Anathematise de leglese/ il

742 1173 1386 115 se boute soy mesme en lextreme perdition/ en

738 1251 1402 120 usurpant la dignite du filz de Dieu. Ainsi di¬

754 1338 1402 114 soit cestux. Estimez uous ceste chose estre de

760 1423 1388 107 petit affaire: de cõdamner aucun par telle sen-

781 1505 1358 110 tẽce/ deuãt le iuge/ ⁊ le tẽps de iugemẽt.? Car

781 1585 1358 110 Anatheme separe totallemẽt de Christ. Quel

781 1677 1349 101 le chose respõdent a ce/ ceulx qͥ sont puissans

772 1754 1361 104 en malice? Cestuy (diẽt ilz) est faict heretique/

760 1836 1380 115 il a le diable habitant en luy: il parle iniustice

758 1920 1390 116 cõtre dieu: il en boute plusieurs au proffõd de

744 2005 1406 116 perditiõ/ par sorte persuasiõ et par deceptiõ de

744 2088 1402 117 son eloquence. Urayemẽt pour ce/ a il este de¬

748 2175 1390 107 iette des peres/ ⁊ pͬraceodemẽt/ ꝯour ce q̃ sont

752 2252 1378 115 maistre aussi a oste la principale ptie de legli¬

754 2337 1384 113 se/ en desinant Paulin ou Apolinaire. Mais

750 2416 1396 111 a telz leͬ debuoit suffire la parolle redarguãte

766 2505 1373 110 tu lerreur qui est recẽte ⁊ nouuelle.F Enseigne

750 2587 1380 109 (dit il) en toute doulceur/ en enseignãt ceulx

752 2668 1374 105 qui resistẽt: ueoir si Dieu leur dõnera penitẽce

752 2753 1370 115 pour congnoistre la uerite: affin quilz saillent

752 2838 1366 103 hors des liẽs du diable/ duquel ilz sont tenus

757 2921 1352 143 prisonniers a sa uolunte. Estendz la rethz de

1223 199 426 131 De lordre

478 1490 285 116 Anathe¬

475 1594 288 101 me nous

484 1671 279 110 separe de

475 1748 229 116 Christ.

457 2440 288 169 2.Tim̃.

477 2597 132 89 2.d.

463 2906 270 146 mat.12.b

1869 3004 251 127 charite
