2267 3563
152 283 1424 116 Charite: ⁊ que celuy qui est boyteux ne soit pas

168 378 1362 108 subuerey/ mais plus tost quil soit guery. Mõ

170 457 1348 111 streque par grãde affection tu desire faire ton

166 537 1355 113 propre bien estre commun.? Apporte la doulce

154 620 1358 110 hiande de cõpassion en la peine du tormẽt: ⁊ si

145 700 1367 122 scrutine en ceste sorte les choses proffondes et

136 786 1370 104 retire hors de profonde perdition celuy/ qͥ par

151 869 1355 119 son sens y estoit descendu/ tellemẽt q̃ lopinion

148 953 1358 104 quil auoit/ ⁊ ce qͥl ignoroit estimoit estre bon.

136 1033 1376 113 Enseigne le/ cõe retire de la tradition aposto¬

133 1119 1379 107 licque: q̃ si lhõme urayement le prent en bien:

136 1211 1380 101 celuy qui p̃mieremẽt estoit infecte derreur (se¬

134 1292 1380 105 lon la uoix du ꝓphete) il uiura de uie: ⁊ toy/

132 1373 1388 109 tu deliureras ton ame. Mais sil refuse la pa¬

130 1454 1388 113 rolle/ ascauoir cõme contentieux/ appelle tes¬

133 1543 1385 101 moingz/ affin que ne soye uaincu: seullement

132 1629 1406 97 auec lõganimite ⁊ doulceur: affin que de iuge

136 1706 1398 109 ne redemande (on ome de ta main. Ne le hais

144 1785 1374 115 point: ne luy soye point aduersaere/ ne le ꝑse¬

140 1874 1374 95 cule pomm? mais monftre enuers luy une pu¬

128 1953 1392 115 re ⁊ uraye charite. Affin que tandis que tu ne

124 2038 1388 111 peulx auoir autre chose/ au moins auras tu

128 2123 1380 111 ce gaing/ ⁊ est grãde utilite ⁊ ung noble gaing

128 2209 1386 106 q̃ tu ayme ⁊ ensemble enseigne la doctrine de

133 2286 1391 107 Chrus4 En ce (dit il) cõgnoistrõt ilz que uous

132 2375 1378 105 estes mes disciples/ si uous auez charite lung

130 2456 1380 107 a lautre. Que si celle est absente: riẽs ne ꝓuffi

130 2539 1384 99 tera/ ne la sciẽce des misteres d dieu/ ne la foy/

130 2626 1408 107 ne la ꝓphetie/ ne la pourete/ ne la cõfession de

122 2701 1412 119 Christ: ce aussi q̃ Uaul luy mesme a monstre/

124 2788 1400 100 disant. Quãt ie entedroye tous les misteres/

126 2872 1388 124 ⁊ toute sciẽce/ ⁊ toute foy/ tellemẽt q̃ ie trãsmue

364 154 1114 131 ecclestasticque. Cha.xx.

1545 151 163 137 30)

1574 522 226 119 Le pe¬

1530 626 243 95 cheur et

1530 703 246 107 lheretic¬

1527 795 255 104 que doib

1527 875 237 107 uẽt estre

1524 970 237 101 corrigez

1527 1054 255 98 par com

1527 1131 240 121 passion.

1530 1431 261 130 Ezechie.

1530 1546 270 113 3e.18.e.f.

1547 2274 229 133 Ioã.13.d

855 2961 651 134 Nn les mõtaignes/

1536 2776 249 157 1.cor.13.a
