2267 3563
1209 166 426 132 De lordre

726 314 1384 109 les montaignes/ ⁊c. Mes bien aymez/ nul de

728 399 1386 107 uoꝰ nest tellemẽt affecte enuers Iesuchrist: cõ

722 484 1394 107 me ceste saincte ame. Nul hõme autre ne eut

714 566 1396 112 eu la hardiesse de dire telles parolles cõe luy.

719 644 1381 110 Car son ame brusloit quãt il disoit. * Ie accõ¬

696 732 1412 107 plis les residus des afflictiõs de Christ en ma

707 822 1402 101 chair. * Et moy mesme pryoie estre reiecte de

745 893 1370 122 Christ. * Et qͥ est en ĩfirmite ⁊ ie ne suis poĩt de

732 983 1378 107 bilite? Et toutesfoys quãt il estoit ainsi rẽply

732 1060 1376 113 de tant grãde affection enuers Christ: il ne fai

720 1148 1384 103 soit nulles iniures/ ne q̃lque uiolence/ ne q̃l¬

713 1223 1411 116 que Anatheme sur persõne. * Et certainemẽt/

713 1315 1411 113 cõme sil neust pas este celuy qui auoit offert

733 1401 1376 95 tant de nations ⁊ tant de citez entieres au sei¬

754 1481 1349 113 gneur mais cõme celuy qui est humilie/ batu

744 1563 1360 109 frappe de buffes/ ⁊ mocque de toꝰ: neãtmoins

746 1646 1366 109 auoit grant soing de ce faire par doulces pa¬

744 1733 1301 103 rolles/ par exhortation/ ⁊ par obsecration.

760 1814 1367 110 ¶ Nauõs nous point de commandemẽt/ que

748 1898 1380 107 noꝰ priõs poͬ noz ennemis ⁊ ceulx qͥ noꝰ haiẽt?

738 1979 1392 111 Regardez cõment iustemẽt nous accõplissõs

726 2066 1398 111 administration: regardez cõment lordõnance

730 2149 1386 105 ne se eslieue point? cõment elle ne se orgueil¬

744 2232 1360 103 list point/ cõment elle ne mõstre point sa puis¬

760 2321 1367 98 sance? Nous auõs tous receu ung mesme es¬

757 2405 1376 100 prit: nous sommes tous appellez en ladoptiõ

752 2478 1384 113 des filz: mais ceulx que dieu a experimente/

748 2567 1384 103 ceulx a il uoulu faire seruiteurs aux freres

748 2648 1380 101 par puissance. Auãt donc/ ayons soing de fai¬

744 2733 1382 109 re nostre seruice: nous uous adiurõs ⁊ tesmoi¬

758 2818 1358 103 gnons/ que uous desistez dung si grand mal.

742 2899 1372 115 Car celuy que tu as determine de Anathema¬

448 578 238 179 colo.1.d

439 807 244 116 rom̃.9.a

424 911 289 110 2.cor.12.g

424 1157 283 179 La cha¬

421 1306 286 116 rite/ ⁊ la

430 1395 280 95 patience

445 1457 288 146 de Paul

451 1790 288 136 mat.5.a

445 2304 291 127 1.cor.12.b

454 2402 253 115 gal.4.a

1849 2992 273 113 tiser/ ou
