2267 3563
154 288 1400 125 riser/ ou il uit et est encore en estre en ceste Use

166 378 1362 118 mortelle/ ou il est mort. Que sil est encore en

170 459 1362 122 estre/ u fais infidelemẽt en reiettãt ⁊ diuisant

166 548 1376 111 cruelle ment celuy qui se peult cõuertir de mal

158 629 1372 111 en biẽ: mais sil est mort/ encore es tu beaucop

145 712 1382 122 plus cruel. 5Poͬquoy? Poͬce quil se tient fer

145 798 1382 119 me ou tresbuche a son seigͬ: et nest defia plus

154 869 1373 122 soubz la puissãce humaine. Et de ce qui est ce¬

142 950 1385 124 le ⁊ reserue au iuge des siecles/ seulement a ce¬

139 1042 1388 115 luy est seur den ꝓnoncer/ qui cõgnoit la mesu

139 1128 1388 119 re de sciẽce ⁊ la quantite de la foy. Dis moy ie

130 1211 1397 119 te prie: que scais tu/ par q̃lles parolles cestuy

145 1294 1382 116 saccusera ou deffendra/ au iour que dieu doibt

139 1365 1394 128 uenir pour iuger les secretz des hõmes? Cer¬

139 1451 1385 131 tainement ses iugemens sont inscrutables/ et

145 1540 1385 128 ses uoyes ne sont point a enquem.? Car qui

139 1621 1406 112 est cebuy qͥ congnrieu le sens du seigneur: du

142 1710 1400 121 qͥ a este son cõseider. Mes amys/ nul de uous

148 1793 1380 115 nestime il auoit receu le boples/e. ml ne pẽse

144 1874 1376 115 il q̃ le iugem uiedru? Que dis ie iugement?

138 1961 1390 107 ne pẽsons noꝰ point a nr̃e mort ⁊ a la separa¬

140 2044 1382 105 tion du corps ⁊ de lame? Noz cueurs sont mer

136 2127 1392 111 ueilleusement ebetez ⁊ enrudis des cures ⁊ soli

138 2213 1388 114 citudes de ceste uie. Ie uous prie desistez de ce

139 2286 1391 116 mal. Uoicy q̃ ie uoꝰ dis/ ⁊ le tesmoigne deuãt

142 2379 1392 113 dieu/ ⁊ deuant ses anges: que de ce au iour du

136 2449 1385 125 iugement uous est appareille ung gront mal

150 2547 1388 115 ⁊ ung feu inextinguible. Car fil est ainsi que

140 2630 1400 111 le seigneur entre lordre des uierges boutera

140 2711 1388 117 hors de la maison de lespoux/ ceulx lesquelz

136 2794 1392 111 auec foy liysante ⁊honnestete de meurs ont

140 2876 1378 128 uescu/ ⁊ que en considerant les oeuures dung

294 136 1144 169 ecclesia/ ticque. Cha.xx.

1580 136 161 154 80o

1547 671 256 145 Les euef

1547 783 262 104 ques ou

1547 866 247 104 les pre¬

1547 956 247 109 stres ne

1547 1033 259 107 peuuent

1547 1116 253 110 damner

1547 1202 244 113 persõne

1547 1297 250 92 par leur

1550 1371 232 104 faulces

1539 1463 276 83 excõmu

1542 1529 282 107 nicatiõs

1565 1615 265 118 rom̃.11.g

1559 1707 256 122 esa.49.d

1547 2259 253 131 1.tim̃.5d

1542 2455 267 101 mala.3.c

972 2959 542 119 Nn .ii chascun
