2267 3563
1239 174 436 138 De lordre

754 318 1386 111 chascun les aura trouue sans misericorde: cõ¬

750 407 1394 93 ment dõc nous qͥ cõuersons en toute uolupte

748 492 1394 103 ⁊ crudelite enuers noz pchains/ ⁊ cõe oubliãs

756 576 1384 104 dieu/ aurõs nous salut: Parquoy ie uoꝰ prie/

756 663 1382 99 que ces parolles ne soient point hors de uostre

748 733 1382 107 pensee. * Il fault ueritablement reprendre et

742 816 1388 116 Anathematiser les mauuaises doctrines ⁊ cel

766 899 1373 113 les qui sont produictes des hereticques: mais

775 991 1370 107 il fault faire pardon aux hõmes/ ⁊ fault prier

769 1062 1364 116 pour leur salut dieu nous donne estre si dili¬

757 1166 1373 98 gẽs de charite enuers dieu ⁊ nostre prochain/ ⁊

738 1247 1410 97 de accõplir les cõmandemens du seigneur tel¬

742 1322 1398 107 lemẽt q̃ auec lhuyle de misericorde/ ⁊ lãpes ar

758 1401 1370 105 dantes nous puissiõs uenir au deuãt au iour

764 1480 1366 115 de la resurrectiõ de cest espoux celeste ⁊ super¬

760 1567 1192 107 nel/ en luy offrant plusieurs en gloire.

896 1652 1119 105 ¶ Chrysostome/ au .uii. Tome/ en la

942 1735 998 107 xxxix. homelie sur sainct Mat¬

1049 1821 810 97 thieu au .xxi. chapitre .C.

775 1891 1373 113 ¶ Et quant il fut uenu au temple: les princes

762 1987 1392 109 des p̃stres sapprocherent de luy qui enseignoit

748 2078 1386 95 ⁊ les plus anciẽs du peuple/ disãt: en q̃lle puis

762 2151 1372 107 sance faictz tu ces choses? Les p̃stres des iuifz

764 2236 1376 107 ayant enuie sur Christ: la ou ilz ne trouuent

758 2317 1388 97 nulles iustes causes de laccuser: ilz se troublẽt

781 2399 1358 104 aussi de son bien faict/ disant. En quelle puis¬

776 2482 1368 105 sãce fais tu ces choses. Ilz pẽsoiẽt en douleur

772 2571 1382 107 enuers eulx mesmes. Nous auõs este les colõ

762 2650 1396 111 nes du tẽple: ⁊ uoicy que toute leglise se repo¬

772 2737 1376 103 se sur luy: ⁊ sõmes trouuez auoir este esleuez

772 2830 1368 95 sãs cause: car nous auõs perdu nostre admini

766 2901 1366 125 stration/ ⁊ auõs seulement le nom tout uuide.

469 709 261 140 Il fault

469 822 244 107 extirper

460 911 270 98 les erreͬs

457 991 291 101 ⁊ non po

463 1065 235 107 int les

478 1146 243 121 hõmes.

475 1888 285 125 mat.21.c

484 2384 264 121 Ioã.11.f.

484 2565 279 142 Esa.61a

1702 2996 430 123 Nous auons
