2267 3563
374 197 1077 133 ecclesiasticque. Cha.xx.

158 326 1394 117 Nous auons este comme une langue uisible

160 415 1372 113 des escriptures qui ne parloient point: ⁊ uoicy

158 496 1384 111 cestuy qui resonne au milieu du tẽple: ⁊ nous

158 583 1384 99 cõme contẽnez nous sommes teu: cõe une har

148 667 1396 104 pe dissipee. Nous auons este les peres du peu¬

146 748 1388 105 ple: ⁊ cestuy tous les iours engẽdre des enfãs/

146 831 1390 107 mais nous sõmes trouuez steriles. Pourtant

150 910 1384 111 mal patiẽs/ disoient. En quelle puissãce fais

142 985 1385 110 tu ces choses? En disant. Qui ta donne celle

140 1082 1390 99 puissance: iceulx mõstrent estre aucunes ꝑson

132 1165 1394 107 nes lesquelles donnent puissance aux hõmes

142 1243 1386 114 soit corporelle ou spirituelle. Cõme silz disoiẽt

136 1330 1394 109 ainsi. Tu ne es point engendre de la famile sa

132 1415 1398 99 cerdotale. Le senat ne te a point parmis de fai

134 1496 1404 107 re. Cesar ne le ta pas dõne. Mais silz eussent

130 1579 1423 104 creu * q̃ toute puissance est de dieu/ iamais ne

134 1664 1430 103 leussent interrogue. Qui ta dõne celle puissã¬

145 1739 1400 107 ce. * Saichãs q̃ tout don parfaict est descẽdãt

145 1826 1382 103 du pere des lumieres. * Et q̃ nul ne peult rece¬

148 1910 1350 111 uoir q̃lque chose/ sil ne luy est donne du ciel.

229 1997 1216 107 ¶ Chrysostomus au premier Tome en

300 2080 1070 109 la. lxxxuii. homelie du .xxui. cha

429 2165 818 107 pitre de sainct Matthieu.

148 2250 1400 101 ¶ Pourtant ne pouuons nous ouurir la bou

148 2331 1390 101 che: que leglise ne se gouuerne pas mieulx q̃

140 2410 1392 109 les choses seculieres. Nauez uous point ouy/

148 2500 1386 99 q̃ aussi urayemẽt les apostres nont pas uou¬

146 2581 1400 105 lu cõsentir de distribuer largẽt amasse sãs la¬

136 2654 1420 116 beur? * Mais maintenãt les euesq̃s sont muez

136 2749 1417 98 en ꝓcureurs/ en dispẽsateͬs ⁊ tauerniers: mes¬

136 2826 1400 101 mes aussi les cures ⁊ solicitudes des choses se

136 2921 1394 110 culieres les ont uaincus. Et la ou il fault qͥlz

1566 227 174 125 307

1542 1003 264 149 mat.21.b

1577 1585 241 113 Ro.13.a

1562 1739 262 131 Iaco.1.a

1547 1855 244 110 Ioã.3.d

1568 2660 244 116 Il lamẽ

1559 2749 253 104 te lestat/

1550 2835 262 107 ⁊ les me¬

1547 2918 271 125 urs de le

1550 3004 179 146 glise.

962 3001 568 113 Nn .iii. ayent le
