2267 3563
750 322 1390 143 ayẽt le soing de nozames: en laissant ceste cho

750 421 1388 131 se derriere/ ilz songnent di ligẽment des cho¬

748 498 1386 135 ses/ desquelles les publicains ⁊ les questeurs ⁊

734 591 1400 129 les censiers debur diẽt songner: ⁊ tous les ioͬs

726 669 1400 128 ne pẽsẽt ⁊ ne sollicitẽt autre chose. Ie ne lamẽ¬

730 754 1384 124 te pas telle chose en uain: mais ie le fais affin

744 837 1384 123 q̃ q̃lq̃ mutatiõ de ces choses se face en mieulx:

752 918 1380 133 affin aussi q̃ nous qͥ souffrons ceste griefrre ser

748 1001 1384 129 uitude/ nous soit saicte misericorde: ⁊ q̃ uous

748 1084 1374 127 appareillez les fruictz ⁊ les thresois de leglise.

736 1169 1390 125 Que si uoꝰne uoulez saire ainsi: uoicy les po

728 1254 1410 125 ures qͥ sont deuant uoz yeulx/ de/q̃lz en nour¬

742 1338 1386 120 rissons autant que nous pouons: mais ceulx

758 1429 1364 111 que nous ne pouons sufienter/ nous les uous

756 1502 1372 115 laisserõs/ lesquelz uous prie que les nourris-

760 1587 1380 121 sez diligẽment: affin que au terrible iour du iu

766 1674 1382 119 gemẽt uous ne oyez ces parolles qui seront die

768 1755 1384 121 tes cõtre les immisericordieux? Uous mauez

770 1842 1370 105 ueu auoir fain/ si ne me auez point alimente.

789 1914 1359 124 FCertainement ceste inhumanite/ nous faict

750 2001 1396 126 dignes destre /ocquez auec uoꝰ: car en delais¬

768 2088 1372 123 sant les oraisons ⁊ la predication/ ⁊ toute au-

769 2173 1358 110 tre ueneration apportenõte a leglise: les ungz

774 2248 1386 131 font marchãdises auec les uendeurs de uin ou

754 2337 1396 121 de fromentz: les autres sont toute leur uie ta¬

766 2418 1378 121 uerniers/ dont sourdent noises/ contentions/

770 2503 1374 121 iniures ⁊ opprobres tous les iours: ⁊ chascun

772 2587 1366 120 prestre a son nom impose conuenable aux ne¬

776 2666 1360 126 goces seculiers. Il fault donc aussi que telles

772 2757 1374 117 choses soyent chãgees/ puis apres noꝰ appel-

781 2841 1361 122 ler p̃stres.) De q̃lles choses ordõnoiẽt les apo¬

775 2912 1370 149 stres les loix: De la nourriture despoures: de

1201 199 436 131 De lordre

475 1807 265 95 mat.25a

502 1967 248 107 Contre

461 2056 249 99 les pre¬

471 2143 267 95 stres qui

477 2236 275 89 sõt mar¬

473 2308 233 108 chans,

475 2856 264 110 Les offi

481 2945 273 119 ces ðs a¬

492 3036 240 119 postres.

1726 3014 424 103 la protection
