2267 3563
388 192 1067 132 ecclesiasticque. Cha.xx.

174 318 1390 107 la protection de ceulx qͥ estoiẽt molestez: de la

184 409 1370 107 diligẽte solicitude enuers les estrãgiers: de lai

184 492 1368 107 de de ceulx qͥ estoiẽt oppressez: de la sollicitude

178 576 1378 100 des orphelins: de la ꝓtection des uefues: de la

170 663 1378 101 sauuegarde des uierges. Il appartiẽt aux pre

164 746 1382 97 stres de distribuer telles offices/ au lieu de la

172 821 1374 107 sollicitude des uilles ⁊ maisons. Ceulx sont

166 910 1380 99 les aornemẽs de leglise. Ceulx sont les thre¬

168 991 1368 103 sors cõuenables: lesquelz uous peuuent dõner

158 1078 1386 103 la uie plus facile/ ⁊ a nous plus fructueuse:

152 1161 1388 101 mesme aussi de ce en aurons nous grande uti

148 1235 1385 101 lite. * Certes par la grace de dieu/ iestime que

148 1318 1385 113 cent mille hõmes cõuiennẽt icy: desq̃lz si ung

151 1416 1382 110 chascũ apportoit toꝰ les ioͬs a la pourete ung

154 1493 1385 110 pain: urayemẽt toꝰ les poures en auroiẽt abon

160 1564 1399 113 dãce: si ung chascũ seulemẽt dõnoit une mail

154 1650 1423 110 le/ nul hõme nauroit disette: ⁊ ne seriõs point

172 1742 1402 116 si attẽtifz aux chãps ⁊ aux uilles: ⁊ ne souffri

168 1827 1398 100 riõs point toꝰ les iours tãt de noises ⁊ de uilen

160 1903 1387 110 nies. Certainemẽt ce passaige ð leuãgile. * Ua

160 1993 1388 105 ⁊ uẽdz toutes les choses q̃ tu as/ ⁊ les dõne aux

158 2078 1394 97 poures/ ⁊ uiẽs si mẽsuys/ oportunemẽt ⁊ iuste¬

156 2159 1414 107 mẽt peult estre dit maintenãt aux p̃latz de le¬

166 2250 1396 104 glise/ a cause des grãdes possessions des egli¬

172 2321 1396 104 ses. Car autremẽt ne pouõs noꝰ suyuir christ/

166 2419 1384 92 si noꝰ ne sõmes exẽptz de toute sollicitude secu

163 2500 1387 95 liere. Mais helas maĩtenãt les p̃stres de dieu

190 2568 1372 122 sont tousioͬs a la uendẽge ⁊ a la moisson/ ⁊ a

163 2654 1411 113 la uẽdition ⁊ achapt des fruictz: ⁊ ceulx uraye

160 2743 1417 101 ment qͥ auoient loffice de la figure ⁊ de lõbre/

166 2824 1404 111 cõbien que plus corporelle administratiõ leur

170 2907 1400 123 fust commise: toutesfoys estoient ilz exẽptz de

1595 205 163 137 308

1559 1226 268 116 Noꝰ po¬

1559 1321 253 104 uons de

1559 1419 223 92 peu de

1565 1484 283 107 chose no

1577 1573 271 113 urrir toꝰ

1601 1662 226 95 les po¬

1598 1742 157 95 ures.

1568 1903 271 119 mat.19.c

1589 2176 256 175 Nut mi

1583 2330 259 101 nistre ne

1568 2410 280 107 doit estre

1565 2494 256 109 ẽpesche

1586 2589 256 98 es nego¬

1601 2660 235 110 ces secu¬

1595 2737 166 119 lieres.

991 2994 571 117 Nn .iiii. toutes
