2267 3563
1112 190 408 136 De lordre

730 324 1386 115 toutes telles choses. Mais nous qui sommes

730 415 1398 107 appellez aux lieux secretz des cieulx/ et qui

724 498 1392 107 entrons aux urays sancta sanctorum: nous

720 574 1398 116 prenõs de rechief les solicitudes des marchãs

721 662 1394 115 ⁊ des tauerniers. * Dequoy aussi est uenue la

713 733 1396 136 grande negligẽce des escriptures/ et grãde pa¬

707 831 1405 113 resse en oraison/ ⁊ le contẽnemẽt de toutes au¬

726 906 1396 111 tres choses: car il nest pas possible a lhõme de

744 991 1380 115 suffisammẽt par oeuure ⁊ par estude soy esten

740 1082 620 101 dre a tous les deux.

718 1183 1388 143 1.Tim̃.5.C. ¶ Les prestres qui pre

716 1304 1394 135 sident bien/ quilz soyent reputez di¬

736 1421 1378 120 gnes dauoir double honneur: prin¬

734 1530 1390 136 cipalement qͥ labourẽt en la parolle

736 1658 558 117 et en doctrine.

821 1745 1210 121 ¶ Chrysostome sur la p̃miere epistre ad

892 1842 1087 97 Timotheum/ au .u. chapitre/ au .iii.

1025 1927 808 103 Tome en la .xu. homelie.

730 2004 1385 113 ¶ Lescriptrre dit. Tu ne lieras point la gueu

726 2092 1394 111 le du beuf qui labeure * ⁊ louurier est digne de

752 2173 1362 113 sõ salaire. Il appelle en ce lieu icy seruice estre

744 2256 1374 113 hõneur/ ⁊ aussi elargition des choses necessai

736 2339 1394 111 res. Car ce qui sensuyt. Tu ne lieras point la

742 2424 1390 109 gueule du beuf qui laboure: ⁊ louurier est di¬

742 2505 1382 113 gne de son salaire/ ce le signifie. Parquoy aus

744 2595 1372 102 si a cõmande de nourrir les uefues en tout hõ

742 2672 1366 105 neur/ leq̃l doit estre referee a la uie necessaire:

757 2755 1352 110 tellemẽt qͥl suffise de administrer a celles qͥ sõt

757 2838 1352 113 urayes uefues. Et de rechief. * Honnore les

757 2915 1352 143 urayes uefues: cest adire celles qͥ sõ/ cõstituees

442 635 268 154 Dõt ui¬

436 783 262 98 ent la ne

433 864 256 103 gligence

437 944 269 101 des escri

445 1035 247 105 ptures.

436 2010 268 139 deu.25.a

441 2135 253 83 1cor.9.b

445 2213 271 148 1.tim̃.5.c

451 2761 288 116 La pou¬

454 2850 285 110 urete est

460 2945 273 92 louee es

465 3022 239 103 uefues.

1760 3012 356 107 en pourete
