2267 3563
916 160 842 136 Lutilite de la parolle

708 294 1386 117 ueille lame qui la cherche par grande labeur/

710 391 1384 105 autant rend elle plus grand doulceur quant

710 479 501 100 elle est trouuee.

853 552 1077 115 ¶ Augustin en la troiziesme epistre

1118 643 547 101 ad Uolusianum.

689 712 1399 110 ¶ La proffondite des lettres chrestiẽnes est si

698 819 1393 101 grãde: que tous les iours proffiteroye en icel¬

713 881 1381 119 les/ quant seullemẽt ne feroye autre chose des¬

721 964 1376 119 puis ma p̃miere puerilite/ iusques a la uieil¬

708 1057 1392 104 lesse decrepite/ ⁊ q̃ de toute ma labeur/ ⁊ de ma

698 1140 1388 105 plus grãde estude/ ⁊ aussi de tout mon entẽde

681 1223 1397 107 ment ie mefforceroye de les apprendre. Non

687 1304 1411 103 point q̃ par si grosse difficulte on paruienne

708 1387 1390 107 aux choses qͥ sont necessaires au salut: mais

724 1472 1361 107 quãt quel qͥl soit aura illec mis sa foy (sãs la

716 1549 1374 107 quelle on ne peult uiure iustemẽt ne chrestiẽne

716 1635 1386 104 mẽt) il y restent encore tãt de choses a entẽdre

716 1718 1392 109 a ceulx qui y proffitent/ ⁊ tãt de secretz muces

718 1801 1388 109 par les umbres de mysteres: ⁊ si grãde hautes¬

718 1884 1388 109 se de sapiẽce est abscõsee/ non pas seulemẽt es

708 1967 1394 109 parolles par lesq̃lles telles choses sont dictes/

696 2050 1406 107 mais aussi es choses qͥ doibuẽt estre entẽdues:

698 2137 1402 103 tellemẽt q̃ aux plus anciẽs/ ⁊ aux plꝰ expers

712 2218 1392 103 dentẽdemẽt/ ⁊ aux plus flagrãs par cupidite

722 2300 1384 107 dapprendre peult aduenir ce q̃ la mesme escri¬

730 2387 1373 110 pture dit en quelque lieu. * Quãt lhõme aura

722 2470 1240 101 parfaict/ adonc est il au commencement.

883 2551 1063 107 ¶ Uolusian ad Augustinum en la

1170 2638 473 99 seconde epistre.

728 2711 1368 113 ¶ Ie receois benignement la grace du don cõ¬

724 2802 1370 105 mande: ⁊ me presente uoluntairement en tes

718 2884 1372 116 disciplines/ en ensuyuant lauctorite de la sen¬

418 671 250 166 La ꝓffõ

410 816 237 92 dite des

404 887 267 107 sainctes

392 979 267 113 lettres.

427 1445 280 131 Heb.11.a

427 2384 283 124 eccłi.18.a

1900 2979 194 95 tence
