2267 3563
358 174 1101 136 ecclesiasticque. Cha.xx.

148 302 1400 121 en pourete: car dautant q̃ elle est plus pouure/

148 400 1376 107 autant est elle plus uefue: il met le tesmoigna

166 473 1356 122 ge de la loy: ⁊ si adiouste aussi celuy de Christ:

160 562 1366 107 ⁊ cõuiennent tous deux ensemble. Car la loy

148 638 1382 110 dit. Tu ne lieras point la gueulle du beuf qui

142 726 1382 111 labeure. Uoys tu comment il ueult que le do

144 809 1380 99 cteur labeure? Certainemẽt il ne luy fault pas

154 892 1368 103 chercher dautre labeur: il a adiouste aussi le

154 975 1370 113 tesmoignage de Christ: car louurier (dit il) est

146 1060 1380 111 digne de son salaire. Ne regardõs point donc

146 1144 1376 112 seulemẽt le salaire: mais aussi maintenant q̃

140 1227 1386 99 nous escoutõs le cõmandement: louurier (dit

136 1312 1382 119 il) est digne de sõ salaire. * Parquoy si aucun

139 1386 1385 122 est delicat ou paresseux: certainemẽt tel nest

142 1466 1376 128 pas digne. Si cestuy nest le beuf labourant: ⁊

148 1555 1379 110 sil ne tire en portant le ioug contre la gelee ⁊

139 1630 1414 124 les espines/ ⁊ quil ne senfuye pas deuant/ tel

148 1713 1420 130 nest pas digne. Il fault donc aussi abondam¬

152 1807 1408 113 mẽt administrer la uie necessaire aux docteͬs:

150 1886 1390 121 affin quilz ne deffaillent ⁊ quilz ne se deslient:

148 1975 1384 113 ⁊ que en estant occupez aux petites choses/ ilz

144 2060 1392 109 ne priuent ⁊ eulx ⁊ les autres de plus grãdes:

146 2141 1396 121 affin quilz labeurent aux choses spirituelles/

152 2224 1402 115 sans auoir quelque solicitude des choses secu

154 2307 1391 109 lieres. Telz estoiẽt les Leuites: lesq̃lz nauoiẽt

154 2391 1388 112 nulle solicitude des choses seculieres comme

148 2476 1386 113 les laidz: ⁊ a iceulx laidz estoit laissee la cure

157 2550 1379 119 des Leuites: ⁊ par la loy leur estoient ordon¬

150 2644 1404 115 nees les reuenus/ les dismes/ lor/ les premiers

156 2725 1396 117 fruictz/ les ueuz/ et plusieurs autres choses:

150 2808 1396 115 mais a iceulx estoient iustement ces choses

154 2889 1376 145 permises par la loy/ lesquelz seulement de¬

1562 160 214 160 309

1536 362 315 190 1.tim̃.5a

1550 629 280 122 deut̃.25.c

1536 1270 264 137 Si le do

1536 1380 276 95 cteur ne

1536 1463 273 104 laboure

1550 1546 229 98 il nest

1574 1641 238 101 pas di¬

1583 1728 137 106 gne.

1562 2277 253 122 deut̃.18a

1550 2535 268 119 1.cor.9.b

1185 2994 341 109 mandoient
