2267 3563
475 362 282 139 Que les

475 478 273 106 euesq̃s et

478 573 261 89 pasteurs

478 638 261 119 de leghi¬

472 736 255 104 se naient

460 819 256 98 riẽs sinõ

457 890 276 104 la uie et

460 970 288 113 la uestu¬

469 1074 116 72 re.

475 1137 276 113 1.tim̃.5.c

469 1235 270 98 Quecest

457 1309 270 113 la p̃latu

457 1413 288 86 re des p̃¬

484 1484 181 119 stres.

762 324 1368 103 mandoient les choses presentes ⁊ terriennes.

775 394 1364 125 )Parquoy les prelatz de leglise (ce dis ie har

766 483 1379 113 diment) ne doibuent riens auoir sinon la uie ⁊

757 570 1379 115 la uesture: affin q̃ par desir ilz ne sont attirez

748 659 1376 95 a icelles choses. Mais quest ce double hõneͬ?

739 742 1382 107 estimons nous estre dit double/ de ce qͥl sestend

739 828 1388 101 aux uefues ⁊ aux ministres: ou estre mis/ dou

757 908 1379 98 ble: au lieu de ce qͥ est grãd: Mais ne regardõs

769 988 1370 116 point tãt a ce quil a dit iceulx estre dignes de

775 1068 1352 101 double hõneur: mais regardõs beaucoup plꝰ

763 1149 1358 121 a ce quil a adiou/ste: ꝯscanoi/ ceulx qͥ p̃sident

754 1241 1367 98 bien.7Mais quest ce q̃ de bien presider? Escou

745 1324 1376 110 te Christ/ disant. Le bon pafteur mest son ame

769 1401 1352 101 pour les brebis. Parquoy biẽ presider cest ne¬

781 1487 1334 110 spargner persõne a cause de leur regnne. Urin

764 1567 1372 105 cipalemẽt (dit il)ceulx qͥ labeurẽt en la parol¬

764 1654 1384 103 le ⁊ en doctrine. Ou sont maintenãt ceulx qui

766 1739 1380 101 diẽt quon na q̃ faire de sermon ne de doctrine?

764 1817 1386 107 quãt urayemẽt sainct Paul tãt diligẽmẽt ad¬

766 1898 1384 109 mõneste Timothee/ disant.7 Medite ces cho¬

758 1983 1384 109 ses: arrete toy en lcelles. Et de rechies. Soye di

740 2068 1394 109 ligent a la lecture/ a la consolation: car en ce

754 2155 1380 107 farsant tu te (auueras toymesme/ ⁊ ceulx qui

756 2230 1374 113 te escoutent. Et commande de uonnorer ceulx

760 2317 1382 105 la sur tous les autres: ⁊ adiouste la cause/ di¬

768 2401 1378 108 sant. Car ilz soustiennent gros labeur. Mais

775 2488 1367 95 combien iustement a il dit ceste chose.? Car si

775 2559 1361 110 q̃lq̃ prestre ne ueille point/ ⁊ quil ne soit point

775 2651 1352 98 macere de solicitudes mais que partout soit

769 2728 1364 116 asseure/ ⁊ reposant en fables quotidianes/ et

752 2824 1380 101 assis auec les autres: ⁊ q̃ cestuy duquel lapo¬

752 2909 1384 117 stre parle soit tout diuise de solicitnde/ et quil

938 180 1012 140 De lordre eccle stasticque.

471 1916 277 106 1.tim̃.4d

502 2488 255 92 La uie

466 2565 276 104 quotidi¬

463 2654 264 86 ane des

463 2731 267 131 prestres.

2003 2988 143 121 soit
