2267 3563
282 139 1301 184 De la royale p̃strise. Cha.xxi.

132 288 1408 143 soit continuellement en meditation: ⁊ ce prin¬

130 382 1388 124 cipalemẽt quãt il est rude de la discipline exte

132 465 1374 132 riore: qui est celuy qui ne uoye/ q̃ cestuy doibt

134 548 1378 132 estre prefere en honneur deuant tous autres?

126 635 1388 123 ueu certainemẽt quil sest expose soymesme a

116 714 1396 129 tant de labeur ⁊ de pouretez. Car il est mis au

120 793 1382 135 deuant des langues innumerables pour estre

130 884 1372 127 dessire: lung le blasme/ lautre le loue/ lung en

128 962 1392 134 detracte: lautre le tire en iugement en faisant

120 1051 1388 134 memoire et quelque composition sur luy il

122 1130 1382 136 fault quil ait grande constance pour tolerer

120 1211 1404 133 ces choses. * Mais ce ꝓffite beaucoup a ledi¬

124 1288 1391 149 fication de leglise quãt les prelatz sont excel¬

124 1374 1391 146 lentz en grace de doctrine: laquelle aussi selle

124 1469 1391 122 ny est/ beaucoup de choses de linstructiõ eccle¬

146 1573 610 115 siasticque periront.

184 1722 1358 202 ¶ Que tous Chrestiẽs

275 1890 1079 158 sont prestres/ roix/ ⁊ prophe¬

457 2017 726 136 tes. Cha.xxi.

471 2163 728 141 1.Pet̃.2.A.B.

469 2283 1078 160 Ous estes le genre esleu/ la

493 2399 1049 166 royale prestrise/ la gent sain¬

478 2511 1061 164 cte/ le peuple de acquisition:

148 2644 1408 145 affin que uous annoncez les uertus

150 2763 1400 144 de celuy qui uous a appelle des tene

150 2874 1196 164 bres/ en sa lumiere admirable.

187 2327 273 354 U

1637 157 166 175 310

1570 1195 231 101 Dont

1536 1267 264 113 uient la

1536 1359 270 104 ruine de

1530 1451 255 95 linstru¬

1520 1528 313 93 ctiõ eccle

1558 1607 253 115 siasticq̃.

1191 2985 353 126 Apoca.1.B.
