2267 3563
744 318 1382 139 Apoca.1.B. ¶ Leq̃l nous a ayme: ⁊

740 443 1386 138 nous a laue de noz pechez en son sãg

728 564 1400 124 et nous a faict le royaulme ⁊ pre¬

726 673 1008 134 stres a Dieu/ et a son pere.

833 805 1208 117 ¶ Augustin au liure de la uie Chrestiẽ

1114 902 610 85 ne au premier liure.

752 989 1386 115 ¶ Nul de ceulx qͥ sõt saiges ⁊ fideles ne igno¬

746 1078 1374 103 re q̃ Christ est interprete/ oing. Mais il est ma

730 1163 1382 111 nifeste que nulz nõt este omgtz/ sinon sainctz

722 1249 1386 106 hõmes/ ⁊ assez dignes de dieu: ⁊ nulz autres q̃

724 1336 1402 99 les prophetes ou les prestres ou les roix. Et a

742 1417 1390 101 este si grand ce mistere de unction: que au peu

754 1498 1378 101 ple iudaicque tous ne desseruoyẽt point de la

752 1581 1368 103 uoir: mais assez peu de gens entre plusieurs?

750 1662 1372 103 et ce iusques a la uenue de nostre seigñr Iesu¬

769 1748 1355 104 christ? leq̃l dieu a oing de lhuyle de ioye/ par

758 1836 1384 97 dessus tous ses sẽblables: cest adire/ du sainct

766 1903 1370 121 esprit.7 Et depuis ce tẽps la/ ceulx qͥ croyoiẽt

745 1989 1376 116 en luy: ⁊ ceulx qui sõt purgez par la samnctist

736 2069 1382 110 catiõ de sõ baptesme/ sont tous oingtz en pro¬

748 2173 1373 98 phetes/ ⁊ en mrestres/ ⁊ en eoix: ⁊ non pas seu¬

769 2238 1358 104 lement aucuns cõme soubz la loy par auant

754 2325 1374 105 auoyẽt este. Et par lexemple de ceste unction

754 2410 1386 101 nous sommes admonnestez q̃lz nous debuõs

754 2496 1386 106 estre: tellement que en ceulx ausquelz est ceste

758 2579 1370 103 saincte unction/ que la cõuersatiõ ne soit pas

756 2660 1366 105 moindre. Car aussi le nom de Christ et des

754 2745 1368 105 Chrestiens/ cest adire de tous ceulx qui croyẽt

750 2830 1372 101 en Christ descend du sacremẽt de ceste unctiõ.

746 2907 1376 127 Duquel nom est cestuy en uain appelle/ qui

1140 182 538 136 De la royale

481 1728 276 136 ps̈.44.b

466 1891 282 128 Toꝰ si¬

460 1995 273 101 deles sõt

463 2084 258 116 oingz en

466 2170 264 107 p̃stres et

469 2262 267 107 en roix.

1777 3004 363 103 nullement
