2267 3563
392 166 992 166 prestrise. Chap̃.xxi.

138 326 838 115 nullement nensuyt Christ.

289 417 1108 105 ¶ Origene sur le Leuitique/ en la .ix.

390 502 869 103 Homelie/ au .xui. Chapitre.

154 577 1372 113 ¶ Tous ceulx urayement qͥ sont oĩgtz de loi¬

144 665 1372 106 gnemẽt sainct: ilz sõt faictz prestres: cõe aussi

133 742 1379 116 Pierre dit a tout leglise. Uoꝰ estes le gẽre es¬

133 822 1379 116 leu/ la p̃strise royale/ la gẽt saincte. Uoꝰ estes

144 916 1370 105 donc le gẽre sacerdotal: ⁊ pourtãt uous appro

138 1001 1378 105 cherez uoꝰ aux sainctz lieux. Mais ung chas

132 1084 1390 97 cun a en soy sõ holocauste (cest adire sacrifice

134 1167 1386 107 du tout brusle) ⁊ luy mesme alume le feu sur

134 1251 1392 97 lautel de son holocauste/ affin q̃ tousiours il

133 1339 1397 92 brusle. * Moy/ si ie renõce a tout ce q̃ ie posse¬

133 1413 1400 113 de: ⁊ ie prẽgne ma croix/ ⁊ q̃ ie ensuyue Christ:

136 1505 1397 98 iay offert lholocauste sur lautel de dieu. Ou

142 1582 1382 107 si ie dõne mon corps pour brusler/ en ayãt cha

133 1665 1423 107 rite/ et q̃ ie obtiẽne la gloire de martyre: ie me

148 1754 1408 95 suis moymesme offert en holocauste sur lau¬

146 1832 1394 109 tel de dieu. Si iayme mes freres/ tellemẽt q̃ ie

144 1920 1382 93 mette mõ ame poͬ mes freres: si ie bataille poͬ

142 2001 1390 107 la iustice ⁊ poͬ la uerite iusq̃s a la mort: ie of¬

142 2072 1388 125 fre holocauste a lautel de dieu. Si ie mortifie

142 2173 1398 101 mes mẽbres de toute concupiscẽce de la chair:

148 2250 1404 107 si le monde mest crucifie/ ⁊ moy au mõde: ie of¬

152 2333 1396 111 fre ung holocauste sur lautel de dieu: ⁊ moy¬

150 2420 1332 105 mesme suis faĩct le prestre de mon oblation.

259 2511 1170 115 ¶ Chrysostome/ en son oeuure impar¬

419 2604 875 103 faicte au septiesme chapitre.

166 2684 1349 169 ¶ Gardez uoꝰ/ des faulx ꝓphetes.

157 2820 1379 110 ¶ Il est eseript. * Toute loy ⁊ tous prophetes

160 2911 1396 131 sont iusques a Iehan. Non point pour ce que

1621 197 105 115 311

1527 676 246 185 1.Petri.

1527 834 172 128 2.a.b.

1545 1279 258 143 les holo

1547 1413 271 95 caustes ⁊

1550 1493 271 98 les sacri

1550 1570 262 101 fices de

1571 1656 262 107 lhomme

1568 1725 241 148 chrestiẽ.

1545 2033 279 173 Col.3.a.

1571 2716 247 119 mat.7.b

1568 2823 259 101 mat.2.c

1302 3002 254 129 nulz ne
