2267 3563
1229 190 519 134 De la royale

744 322 1376 121 nulz ne doibuẽt uenir ap̃s Iehã: car Agabus ⁊

746 409 1388 129 Silas et plusieͬs ont este. Mais pour ce q̃ la

738 496 1378 123 ꝓphetie de Christ nestoit pas a uenir ap̃s luy.

742 570 1379 133 Parquoy dõc la ꝓphetie est cessee * mais ya eu

730 653 1379 124 des ꝓphetes ⁊ encore sont non point qͥ prophe

727 736 1376 125 tizẽt de Christ/ mais q̃ interpretẽt les choses qͥ

751 828 1364 116 ont este ꝓphetizees de Christ par les ãciẽs: cest

745 905 1367 122 ascauoir les docteurs de leglise. Mais aussi

742 988 1373 128 tous les Chrestiẽs sont appellez ꝓphetes/ les¬

754 1074 1349 122 quelz sont oingtz en royaulme/ ⁊ en p̃strise/ ⁊

730 1157 1379 119 en ꝓphetie. Car aussi nul ne peult interpreter

712 1243 1400 112 les sens ꝓphetiques/ sil na lesprit de ꝓphetie.

734 1332 1374 120 Nous auõs dit ces choses/ affin q̃ nous mon¬

740 1413 1358 115 striõs/ que les ꝓphetes desq̃lz il parle sõt les

738 1494 1358 117 docteurs. Le seigñr donc cõgnoissãt qͥl y uien

736 1575 1370 119 droit des faulx docteͬs de diuerses heresies cõ¬

734 1656 1374 125 tre les urays docteurs: lesq̃lz cõfõdroiẽt les es

732 1741 1376 121 criptures ꝓpheticques ⁊ apostolicq̃s par inter

732 1821 1372 126 p̃tatiõ peruerse: pourtãt par ses apostres il ad

730 1910 1382 118 mõneste les docteurs de toutes les eglises/ di¬

733 1989 1284 128 sant. Gardez uous des faulx ꝓphetes/ ⁊c.

831 2074 1150 131 ¶ Origene/ sur les iuges/ en la .ui. ho¬

1086 2165 650 111 melie/ en la lettre .B.

739 2235 1358 134 ¶ Pourtãt donc que uous estes roix: nr̃e roy

739 2324 1358 131 et seigneur Christ est iustement appelle le roy

739 2405 1373 121 des roix/ et le seigñr des seigñrs. * Mais com

742 2494 1367 124 me uous uoꝰ estes glorifiez du tiltre de uostre

728 2579 1374 124 noblesse: ainsi debuez uous apprẽdre q̃lle cho¬

734 2664 1358 121 se il fault faire/ affin que ung chascũ de uous

738 2747 1352 123 soit roy. Ce que ie uous diffineray en brief.

726 2824 1360 133 Si Christ regne en toy/ il te faict estre roy de

720 2911 1364 135 tous. Car ung roy est dit de regner. Si donc

463 567 264 136 Qui sõt

457 685 262 107 les pro¬

454 751 205 110 phetes

448 852 282 92 au nou¬

439 944 294 77 ueau te¬

439 1012 285 107 stament.

445 1098 285 101 1.pe.2.ab

445 1178 271 119 Apoc.1.b

445 2007 265 110 mat.7.a

445 2253 271 110 1tim̃.6.c

451 2339 265 107 Les oeu

448 2419 259 98 ures du

454 2505 267 119 uray roy

1855 2992 237 119 lesprit
