2267 3563
134 306 1370 133 lesprit ren/ e en toy/ ⁊ que le corps obeisse: si tu

150 407 1358 107 submetz les concupiscences de la chair soubz

142 488 1368 115 la deminatiõ de ton empire: si tu tiens serrees

136 572 1364 108 les nations des uices par les estroictes brides

136 651 1362 120 de ta sobriete: tu es iustement appelle roy/ qui

136 738 741 101 te scais hien gouuerner.

211 821 1208 113 ¶ Cyrille sur le Leuitique/ au .xiii. liure.

134 902 1356 111 ¶ Le testament eternel) dit il) sera a Aaron et

130 983 1358 119 a ses filz: ⁊ mãgerõt ces choses au lieu sainct.

122 1070 1372 113 Aaron et ses filz sont le genre esleu/ le genre

126 1150 1372 118 sacerdotal: ausq̃lz est ceste portiõ des sainctes

114 1235 1382 114 choses est dõnee de Dieu: ce que sommes tous

118 1312 1388 122 qui croyons en Christ. Mais ie ne cherche

118 1413 1388 107 point le lieu des choses sainctes cõme mis en

118 1490 1388 122 la terre: mais au cueͬ. Car lame raisõnable est

140 1571 976 105 appellee le lieu sainct/ ⁊c.

219 1650 1210 140 ¶ Beda se2 La.t. Epistre sainct Uier¬

453 1747 754 93 re/ au ui. Mapitre. A.B.

136 1809 1354 124 ¶ La saincte prestrn se/ die thpar laquelle tres

118 1908 1376 109 manifestemẽt nous exhorte/ q̃ nous mesmes

118 1989 1376 111 estãt la saincte p̃strise/ nous soyõs edifiez sur

115 2060 1379 134 le fondemẽt de Christ.4Il appelle donc toute

118 2149 1382 131 leglise/ la saincte prestrise: ce que seulement la

118 2240 1384 117 maison de Aarõ a eu ⁊ le nom ⁊ loffice. Uour

122 2321 1382 113 tant donc que nous sõmes tous les mẽbres du

130 2410 1368 109 souueram orestre: et que nous sommes tous

124 2484 1378 120 signez de lhuyle de ioye a tous appartient ce

130 2569 1384 125 qͥl sensuyt. Offrez hosties spirituelles a dieu

118 2662 1410 113 par Iesuchust. Et appelle noz oeuures/ noz au

118 2739 1402 109 mosnes ⁊ noz pueres/ hosties spirituelles: a la

120 2822 1390 109 differẽce des oblatiõs charnedles faictes en la

120 2903 1386 133 loy. Mais ce qͥl dit en la cõclusion/ Par Iesu

306 182 957 138 prestris/ Chap̃.xxi.

1506 207 157 107 I/

1516 962 234 91 Leuiti.

1536 1047 224 128 7.d.17.a

1518 1321 243 107 Le lieu

1518 1413 261 104 des sain

1518 1493 264 98 ctes cho

1528 1581 275 97 ses est en

1512 1664 222 97 lame.

1510 1876 277 127 exo.28.g

1518 2063 270 154 toute le¬

1522 2195 259 103 glise est

1526 2272 259 113 la saĩcte

1514 2359 232 117 p̃strise.

1263 3014 251 109 christ: ce
