2267 3563
1104 184 525 142 De la royale

766 316 1382 121 christ: ce appartient a tout ce quil auoit pro¬

770 407 1378 111 mis: car par la grace diceluy nous sõmes par¬

768 488 1382 117 dessus edifiez en luy ꝑ les sages maistres ou¬

756 579 1398 105 uriers/ cest adire/ ꝑ les ministres du nouueau

750 655 1394 116 testamẽt: ⁊ sõmes faictz maisons spirituelles

750 740 1392 115 par son esprit/ contre les pluyes/ ⁊ les uentz: et

770 825 1374 109 sommes munitz contre les tempestes des ten¬

774 908 1386 101 tations. Et ne pouuõs participer de la saĩcte

768 991 1394 107 prestrise: ne faire q̃lque biẽ acceptable a dieu/

793 1074 1358 110 sinon de par luy. * Car cõme les branches des

768 1155 1378 105 uignes ne peuuẽt porter fruict delles mesmes

756 1237 1404 118 si elles ne demeurent en la uigne: ainsi pareil¬

758 1322 1396 115 lement (dit il) ne faictes uous/ si uous ne de¬

774 1429 497 79 mourez en moy.

936 1488 1053 113 ¶ Le mesme/ sur lapocalipse/ au .i.

1122 1573 743 109 liure/ au .i. Chapitre .B.

797 1674 1363 137 ¶ Et nous a faict le royaulme/ ⁊ pre

784 1795 976 129 stres a Dieu ⁊ a son pere.

787 1894 1370 116 ¶ Pource que le roy des roix et le prestre ce¬

775 1980 1379 113 leste en soy dõnant pour nous/ noꝰ a adioint

778 2069 1373 116 auec son corps: il nya nul des sainctz qͥl nait

796 2149 1343 122 spirituellemẽt loffice de prestrise: ueu quil est

784 2253 864 89 le membre du prestre eternel.

894 2321 1163 113 ¶ Le mesme/ au mesme liure/ au uing

1158 2407 619 104 tiesme Chapitre .B.

791 2480 1371 120 ¶ Mais serõt les sainctz de dieu et de Christ.

784 2573 1370 111 Lautre translation dit/ prestres de dieu et de

780 2652 1368 115 Christ. Mais ce nest pas seulement dit des

776 2737 1372 115 euesques ⁊ des prestres/ lesq̃lz propremẽt sont

778 2820 1364 115 en lesglise appellez prestres: mais cõme tous

782 2901 1360 135 sommes appellez chrestiens/ a cause du cresme

496 1054 279 157 Ioã.10.a

493 1855 279 152 Toꝰ les

490 1995 240 98 mẽbres

487 2075 261 113 de christ

499 2155 270 140 sont pre¬

502 2247 169 143 stres.

1793 2985 345 118 misticque/
