2267 3563
130 294 1372 141 misticque/ aussi sommes nous tous prestres/

138 391 1374 127 pource que nous sommes les membres dung

150 467 1366 130 mesme prestre. Desquelz Pierre lapostre dit.

164 562 1029 118 Meuple sainct royal prestrise/ ⁊c.

231 620 1168 151 ¶ Hierosme au .ui. Tome/ sur Mala¬

346 724 938 119 chias au premier Chapitre.B.

128 801 1384 133 ¶ Cest a uoꝰ/ o prestres qͥ desprisez mõ nom/ ⁊c.

134 884 1378 131 La parolle diuine corrige les euesques et les

130 975 1382 127 prestres ⁊ les diacres negligens: ou aussi pour¬

124 1053 1392 126 tant que nous sommes le genre sacerdotal et

120 1136 1396 132 royal/ il reprent tous ceulx qui sont baptisez

120 1225 1390 117 en Christ. Nous sommes denommez du nom

122 1310 1390 123 de Christ: pourquoy desprisons nous le nom

124 1389 1400 127 de dieu? Et eulx interrogãs en quoy ilz auoiẽt

124 1466 1402 127 desprise son nom: il monstre les causes de lof¬

134 1551 1386 145 sense/ disant. Uous offrez sur mon autel le

134 1664 513 105 pain souille/ ⁊c.

144 1710 1394 180 Nume.◊.4F. ¶ Et quãt Heldad¬

134 1838 1384 155 Medad prophete/ oient aux sieges:

132 1955 1398 147 ung enfant courut ⁊ lannoncea a

132 2060 1388 166 Moyse/ disant. Heldad ⁊ Medad ꝓ¬

136 2183 1392 162 phetisent aux sieges. Incontinent

148 2302 1364 152 Iosue filz de Num ministre de Moy

136 2408 1394 167 se/ ⁊ esleut entre plusieͬs/ dist. Mon

140 2527 1398 163 seigneur Moyse/ deffẽdz les. Mais

136 2642 1406 154 cestuy dist. Pourquoyes tu enuieux

136 2769 1406 152 pour moy? Ala mienne uolunte que

136 2884 1390 160 aucun donne/ que tout le peuple pro¬

448 136 975 190 presatise. Chap̃.xxi.

1577 160 146 128 Zlz

1512 524 248 119 1.Pet̃.2.

1512 623 131 143 a.b.

1033 2985 501 134 Oo phetise/
