2267 3563
1148 146 552 135 De la royale

764 288 1370 137 phetise/ ⁊ que le seigneur leur don¬

760 403 588 139 nast son esprit.

758 524 1386 139 1.Corin.14.F. ¶ Que deux ou

736 645 1400 130 troys prophetes parlent ⁊ que tous

736 752 1392 132 les autres en discernẽt. Que si quel¬

758 872 1386 131 que chose est reuelee a ung autre qui

756 977 1384 139 est assis que le premier se taise. Car

752 1102 1374 125 uous pouez tous lung apres lautre

736 1213 1406 144 prophetizer: affin q̃ tous apprẽnẽt/ ⁊

742 1328 980 134 que tous soient exhortez.

764 1437 1356 140 2.Timo.2.B. ¶ La parolle de

750 1551 711 127 dieu nest pas liee.

922 1684 1044 107 ¶ Eusebe Cesariensis/ au .ui. liure

1013 1771 875 119 de lhystoire Ecclesiasticque/

1164 1856 562 109 au .xu. Chapitre.

757 1935 1376 149 ¶ Ce q̃ tu as adiouste en tes lettres: q̃ iamais

748 2036 1370 131 ne fut ouy/ ⁊ q̃ iamais ne fut faict/ que les gẽs

748 2122 1367 116 laidz disputassent en la presẽce des euesques.

760 2200 1361 121 Ie ne scay pour quelle cause tu as uoulu affer

760 2283 1385 139 mer une menterie si manifeste * ueu que cest la

760 2387 1379 110 coustume: que si en quelque lieu on trouue

760 2452 1370 128 aucuns/ qui puissent instruire les freres en le¬

757 2541 1376 125 glise ⁊ consoler le peuple: quilz soient tous¬

757 2636 1370 116 iours inuitez par les sainctz euesq̃s pour trai¬

763 2707 1361 125 cter telle chose: cõme a este Euel pius par no¬

763 2796 1358 110 stre frere Neo/ aux Larandes: ⁊ Paulin par

763 2883 1349 136 Celse en Icone: ⁊ Theodore ꝑ Attice en Syn¬

457 1894 276 148 Lepistre

451 2027 279 113 de Alexã

457 2114 273 92 dre ð Hie

451 2191 282 113 rusalem

460 2274 273 95 ad De¬

457 2363 282 107 metrium

460 2443 273 95 de Ale¬

463 2529 279 101 xandrie.

457 2624 285 86 Les lais

460 2698 288 110 sõt aussi

451 2782 250 95 inuitez

457 2856 282 110 des eues¬

463 2961 263 124 ques poͬ

1781 2977 335 122 nande. Et
