2267 3563
187 305 1414 122 tence ancie/e.7 Ce nest point sans cause q̃ le

207 415 1352 104 saige nayas conclud les estudes de prudence

205 495 1354 101 par aucuns termes/ ou par aucune fin quant

210 587 1361 92 uertu retardee par ses premiers cõmencemẽs/

202 659 1369 107 iamais ne se manifeste tellemẽt a ceulx qui

190 739 1369 101 uiennent a elle/ que incontinent soit du tout

184 831 689 97 donnee a congnoistre.

279 902 1198 99 ¶ Hierosme ad Nepotianum/ de la uie

441 991 903 95 des clercz/ au premier Tome.

188 1068 1380 111 ¶ Dequoy aussi cest hõme de Grece le saige

180 1159 1376 105 Themistocles/ quant apres quil eut acomply

175 1238 1384 107 cent ⁊ sept ans/ ⁊ quil uoyoit quil se mouroit

178 1318 1384 107 on treuue quil dist? quil auoit grand dueil de

175 1401 1378 104 lors se partir de ce monde/ quant il commen¬

178 1492 847 99 ceoit a sauourer la science.

358 1573 1069 107 ¶ Bernard aux freres de la mon¬

607 1656 497 97 taigree de dieu.

196 1732 1391 110 ¶ La decture faicte par aduẽture/ ⁊ la diuerse

192 1825 1378 87 ⁊ celle qui est tHouuee cõme ua cas daulẽthre/

180 1906 1390 103 ne edifte point: mais rend lesprit instable: ⁊ cel

178 1995 1390 89 le qui est faicte legierement/ aussi legierement

175 2066 1378 101 senfuyt de la memoire. Mais se il fault ar¬

172 2161 1381 92 rester de certain entendement/ ⁊ se y doibt estre

172 2229 1399 104 lesprit acoustume.4 Car les escriptures ueul¬

184 2315 1381 113 lent estre leutes de tel esprit q̃lles sõt faictes/

178 2396 1408 112 ⁊ par le mesme esout doibuent estre entẽdues.

175 2488 1408 107 Iamais tu nẽtreras au Iens de Uaul/ iusq̃s a

178 2580 1402 83 ce que par usaige de bõne intention tu auras

181 2660 1384 89 imbut son esprit en la lecture diceluy/ ⁊ en le¬

176 2731 1386 105 stude de cõtinuelle meditation. Iamais tu ne¬

174 2816 1382 107 tendras Dauid: iuesques a ce q̃ par la mesme

172 2900 1378 122 experiẽce tu auras uestu les mesmes affectiõs

484 160 962 172 de dieu. Chap̃.xii.

1616 192 181 140 219

1666 320 232 110 Nulle

1583 409 312 104 eage nest

1586 495 300 116 suffisãte

1592 587 273 101 pour ap

1592 674 220 89 prendre

1580 742 202 98 toutes

1577 816 223 134 choses.

1583 1220 235 125 Iob.7.b

1583 1330 265 95 La dou¬

1577 1404 253 98 leur de

1566 1482 305 111 Themi¬

1568 1575 273 115 stocles.

1574 2063 241 116 Ro.7.c

1574 2146 274 110 2.Pe.1.d

1580 2229 279 113 Lescrip¬

1583 2318 279 104 ture diui

1598 2393 250 110 ne desi¬

1604 2494 226 98 re destre

1598 2571 235 101 leute de

1580 2642 187 131 esprit.

730 2988 832 113 B b .iii. des pseaulmes.

1571 2894 265 134 1.corĩ.2.d
