2267 3563
445 145 1025 172 prestrise. Chap̃.xxi.

148 296 1408 125 nande. Et nest pas de doubte/ que aussi plu¬

166 391 1361 110 sieurs en autres lieux sont inuitez des sainctz

160 486 1367 98 euesques poͬ cest affaire/ sil en ya aucuns qui

156 568 1380 103 puissent competamment acomplir loeuure de

152 649 990 91 dieu en parolle ⁊ en doctrine/ ⁊c.

247 728 1194 107 ¶ Le mesme au .uii. liure/ au .ui. Chap̃.

152 819 1374 101 ¶ Ie lis (dit il) aussi les traictez des hereticq̃s:

152 898 1380 105 ⁊ scrutine leurs traditions: aussi combien que

146 983 1382 103 pour ung temps ie soye ueu estre souille par

136 1064 1394 103 leurs parolles. Mais ce mesme me aide gran¬

130 1137 1391 118 dement: que par leurs parolles mesmes ie les

130 1232 1373 104 peulx reprendre. * Finablement quant aucun

136 1318 1376 95 des freres ⁊ de noz prestres le me deffendoit/

127 1386 1385 113 affin que ie ne fusse comme dune infame puã¬

130 1469 1409 107 teur/ par la lecture hereticque: une uision me

136 1549 1420 113 fut monstree de dieu: laquelle me conferma: et

130 1633 1420 112 une uoix fut faicte a moy/ laquelle euidam¬

124 1725 1418 104 mẽt me disoit telles choses. Lis toutes choses

127 1808 1400 118 quelcõques uiẽnet en tes mains: car tu peulx

124 1885 1382 113 esprouuer toutes choses et en discerner: ueu

121 1980 1388 95 aussi que du commencement ce a este la cau¬

121 2063 1382 116 se que tu as creu. * Iay prins a bon la uision:

121 2134 1394 122 pource aussi quelle concorde a la sentẽce apo¬

118 2226 1406 119 stolicque/ disant. * Lisez toutes choses: ⁊ tenez

120 2313 735 103 celles qui sont bonnes.

320 2390 1025 110 ¶ En lhystoire Tripartite au .ii.

491 2474 679 103 liure au .iii. Chapitre.

115 2547 1388 116 ¶ Quant plusieurs estoient attirez par dele¬

106 2633 1400 125 ctatiõ de disputatiõ: aucun hões des cõfesseͬs

112 2728 1397 101 laidz/ ayãt ung simple sens/ contredisoit aux

109 2811 1394 104 dialectiq̃s ⁊ disputãs/ disant. * Escoutez dõc.

109 2894 1382 161 Christ ⁊ les apostres ne nous ont point baille

1592 151 190 157 314

1571 305 277 113 prescher

1542 394 329 110 la parol

1545 481 317 109 le ð dieu.

1646 1119 160 131 Une

1533 1223 273 104 uoix oye

1533 1306 228 98 du ciel

1533 1383 294 110 parlãt a

1559 1472 277 104 Denis ð

1574 1558 265 98 Alexan¬

1562 1630 271 106 drie/ des

1568 1733 187 90 liures

1553 1805 235 92 des here

1533 1896 250 63 ticques.

1536 1977 258 104 Quant

1518 2054 288 107 noꝰ deb¬

1533 2140 273 98 uõs croi

1542 2220 255 104 re les ui

1521 2295 196 124 sions.

1503 2378 285 127 1.tess.5.d

1542 2550 252 110 Les gẽs

1536 2633 252 107 lais peu

1536 2719 240 122 uẽt aussi

1524 2811 237 104 disputer

1506 2891 244 107 ⁊ ensei¬

1515 2992 160 131 gner.

971 2969 523 136 Oo .ii. lart de
