2267 3563
762 316 1384 119 lart de dialectiq̃/ ne la uaine trõperie de parol

760 405 1386 117 les: mais la pure sciẽce/ pour estre gardee par

758 486 1390 125 foy ⁊ bõne oeuures. Quãt il disoit ces choses

752 579 1402 111 luy estant ieune hõme/ ⁊ ancien de sens: uraye

740 653 1410 120 mẽt les assistans furẽt esmerueillez: ⁊ louerẽt

740 736 1402 119 la parolle. Et les disputans apres qͥlz eurent

750 823 1388 113 receu la satisfaction/ ilz cesserent: ascauoir en

772 916 978 105 oyant la simple raison de uerite.

1150 997 495 99 ¶ Sozomenus.

796 1077 1358 104 ¶ On dit aussi autre chose: que quant lung

769 1169 1379 104 diceulx frist exalte par la magnificence de pa

766 1238 1373 112 rolles: ⁊ qͥl se mocquoit des prestres: aucun hõ

766 1327 1373 104 me ancien simple ⁊ innocẽt/ ⁊ tresbien esprou¬

793 1419 1358 95 ue entre les cõfesseurs ne souffrit pas son ar¬

793 1484 1372 107 rogãce: mais sen uint cõtre luy dire la parolle.

789 1573 1380 109 Parquoy ce faict icy esmeut les indiscretz a ri

789 1656 1377 111 re de ce qͥl le cõgnoissoiẽt estre simpde entre les

789 1739 1380 107 cõfesseurs: mais les plus attrẽpes furent es¬

791 1823 1388 104 meutz a crainte/ eulx gardant q̃ par les parol

793 1906 1388 111 les dung hõme mecanicque ilz ne fussent es¬

784 1989 1391 113 meutz a tire: maistoutessoys permettãt ql de¬

776 2070 1392 115 clairast tout ce qͥl uouloit: ⁊ se esmerueilloiẽt

803 2153 1374 109 grõdement q̃ cesucq relaãoit a lautre/ ueu quil

801 2236 1376 103 estoit tel. Au nom de Iesuchrist (dit il toy phi

801 2321 1384 107 losophe/ escoute la doctrine de uerite.?Il est

820 2405 1366 103 ung seul dieu du ciel ⁊ de la terre: ⁊ createur de

820 2479 1363 116 toutes choses uisibles ⁊ ĩuisibles: leq̃l a faict

817 2562 1363 116 toutes ces choses par la uertu de sa parolle: et

817 2648 1363 122 les a cõferme par la sainctete de son esprit. Et

805 2737 1376 117 ainsi ceste mesme parolle (dist il) que nous ap¬

807 2820 1364 115 pellons le filz de dieu ayãt misericorde sur les

809 2905 1364 129 hõmes/ les a deliure derreur et de la religion

1094 184 521 140 De la royale

481 1051 276 130 La dis¬

481 1155 255 112 putatiõ

475 1247 273 106 dũg sim

481 1336 270 107 ple hom

490 1422 261 101 me on?

505 1487 160 113 cien.

548 2315 214 105 Icy est

519 2396 280 112 descripte

516 2479 250 110 nr̃e foy

522 2565 277 113 simple ⁊

526 2650 260 117 sussisan

520 2739 99 127 te.

1902 2992 293 111 brutale:
