2267 3563
344 157 1013 172 prestrise. Cha.xxi.

144 312 1426 117 brutale: ⁊ a souffert destre naiz dune femme/ ⁊

156 413 1408 95 de cõuerser auec les hõmes et de mourir pour

156 486 1366 109 eulx: ⁊ uiẽdra de rechief pour iuger la uie dũg

152 574 1374 102 chascun. Nous cryõs sans quelque perscruta

140 653 1384 97 tion que ces choses sont ueritables. Ne labou

132 736 1392 107 re pas donc en uain: en cherchãt destruire ce q̃

138 823 1396 101 nous auons cõgneu par foy: Ne enq̃ste point

146 906 1390 95 la maniere/ par laq̃lle ces choses se pouuoient

146 989 1384 101 ou ne se pouuoyẽt faire. Et si tu crois a moy

134 1070 1396 105 qui te dõne conseil: respõs a ces choses. Et le

130 1152 1385 100 philosophe tout estonne/ dit. Ie croy. Adonc

124 1244 1391 92 cestuy rendãt grace pour la uictoire: il ensuy¬

134 1322 1386 105 uit les mesmes choses que lanciẽ disoit: ⁊ per¬

136 1407 1398 95 suadoit a ses premiers cõpaignons disputãs

134 1488 1408 99 quilz fussent entre eulx tout dũg couraige: en

134 1573 1416 97 iurant que non improuueumẽt il estoit chan¬

134 1654 1408 103 ge: mais q̃ par aucune uertu ineffable il auoit

134 1735 1087 97 este incõtinent inuite a la chrestiẽte.

318 1819 1032 103 ¶ Chrysostome sur Genese/ en la

552 1902 588 93 septiesme homelie.

133 1971 1370 125 ¶ Ie desire certainemẽt ⁊ prie/ que uous soyez

127 2066 1376 107 tous en lordre des docteurs: ⁊ non seulement

124 2152 1394 110 estre auditeurs de noz parolles: mais aussi q̃

127 2244 1406 92 uous reportez aux autres nr̃e doctrine: ⁊ que

130 2327 1394 86 uoꝰ corrigez les errãs/ affin qͥlz puissẽt retour

136 2399 1373 98 ner en la uoye de uerite: cõme aussi dit sainct

136 2488 1373 95 Paul. Que lung edifie lautre/ ⁊c. Faictes ur̃e

130 2562 1385 110 salut auec crainte ⁊ trẽblement. Ainsi faisant

124 2648 1400 101 dieu augmẽtera nr̃e multitude: et aurez plus

130 2728 1400 107 abondãment la fruition de la grace supernel

130 2823 1388 101 le: en ayant grande solicitude de uoz mẽbres.

134 2901 1380 115 Car aussi dieu ne ueult pas/ qͥ le chrestiẽ soit

1559 190 146 151 315

1530 1149 261 121 colos.1.b

1527 1250 249 112 Ioã.1.a

1533 1926 267 170 Les gẽs

1533 2075 279 101 laidz ne

1545 2155 252 92 doibuẽt

1553 2235 253 107 pas seu¬

1545 2315 243 113 lemẽt es

1536 2407 264 101 couter la

1536 2488 264 104 la parol

1539 2574 261 95 le de di¬

1553 2663 238 92 eu: mais

1550 2749 238 89 aussi lẽ¬

1536 2832 228 122 seigner.

873 2988 631 109 Oo .iii. seulement
