2267 3563
766 318 1376 119 seulemẽt content de soymesme: mais quil edi

762 401 1382 121 fie aussi les autres: ⁊ non seulemẽt par doctri

750 486 1394 111 ne/ mais aussi par bõne uie ⁊ cõuersation. Et

742 574 1398 114 ne nous induit point si fort en la uoye de ueri¬

734 657 1402 114 te/ quil faict en la solicitude de uie. Car aussi

730 738 1398 111 ne cõsiderons pas tant ce q̃ nous disons/ q̃ ce q̃

742 821 1396 115 nous faisons. Et affin q̃ tu cõgnoisse quil est

760 902 1382 117 ainsi: cõbien q̃ infiniemẽt nous philosophons

770 989 1378 103 seulemẽt par parolles/ ⁊ que nous determinõs

770 1072 1370 109 de patiẽce: ⁊ quãt le tẽps y uient/ q̃ nous ne la

748 1155 1376 113 demonstrõs par oeuures les parolles ne proffi

738 1241 1386 107 terõt pas tant adonc/ que les oeuures nuyrõt.

745 1315 1385 110 A Mais si deuãt ⁊ apres les parolles nous dõ

772 1407 1360 101 nõs la probation des oeuures: nous serõs esti

776 1488 1352 107 mez dignes de admõnester les autres des cho¬

786 1571 1348 111 ses/ q̃ nous accõplissõs par oeuures: car aussi

784 1650 1356 115 Christ a dit ceulx estre biẽheureux/ en disant.

781 1728 1370 112 ABienheureux est celuy qui aura faict ⁊ ensei

776 1819 1380 112 gne. Regarde cõment il a mis deuãt/ loeuure:

776 1904 1376 111 puis apres la doctrine. Et aussi tellement par

756 1987 1392 109 oeuure precedente: q̃ quãt aussi la doctrre ne

756 2066 1374 117 suyura point/ les oeuures sont suffisãtes poͬ

764 2153 1388 107 enseigner ꝯlus cleremẽt q̃ le iour/ ceulx qui re

776 2238 1370 107 gardent en nous. Cõsiderons donc ceste chose

774 2319 1376 109 de toutes manieres: q̃ premier nous enseignõs

774 2399 1388 114 par oeuures: puis apres ꝑ parolles: affin aussi

787 2479 1373 107 q̃ nous ne oyons de sainct Paul. Toy qͥ en¬

778 2567 1376 117 seigne les autres/ tu ne te enseigne pas toymes

776 2648 1372 115 me. Et quant nous uoulons admõnester ung

778 2733 1374 111 autre quil face quelque chose honnestement

778 2820 1376 109 de celles qui sont necessaires: prenõs peine pre¬

768 2901 1386 119 mierement de le faire nous mesmes: affin que

1162 184 536 138 De la royale

472 1353 264 116 Noꝰ deb

477 1454 263 80 uõs en¬

492 1526 266 103 sẽble en¬

491 1613 261 107 seigner ꝑ

489 1710 269 91 oeuure ⁊

487 1787 249 101 par pa¬

483 1866 190 91 rolle.

481 1953 263 105 mat.7.d

493 2467 252 148 Ro.2.d

1807 2985 362 104 a ussi nou
