2267 3563
445 157 1007 175 prestrise. Chap̃.xxi.

160 320 1396 111 aussi nous ayons plus grande hardiesse de

172 411 1362 105 parler/ et que toute nostre cure soit pour le sa¬

174 492 516 99 lut des ames/ ⁊c.

316 568 1052 114 ¶ Chrysostome sur Genese en la

504 663 616 95 neufiesme Homelie.

154 738 1364 107 ¶ Par auenture auons nous tenu le sermon

144 825 1382 105 plus longuemẽt quil nestoit besoing: mais ce

156 906 1366 105 na pas este sãs raison/ ⁊ na pas este saict teme

146 993 1374 99 rairemẽt: mais affin q̃ ceulx qͥ sont absens ap

144 1070 1384 109 prẽnent de uoꝰ/ q̃l grand dõmaige ilz ont faict

138 1154 1388 106 a eulx mesmes/ en eulx detournãt de la uiãde

144 1241 1376 105 spirituelle pour la uiande corporelle. Mais

142 1320 1380 113 aussi affin qͥlz ne soient pas contristez: pour¬

146 1409 1390 93 suyuez les par fraternelle beniuolẽce/ en leͬ re

142 1490 1406 101 citãt les choses q̃ nous uous auõs dites. Car

144 1575 1412 97 ce est ung argumẽt ⁊ demõstrãce de naturelle

140 1654 1400 107 charite. Car silz ont ceulx par grande demon¬

146 1739 1386 103 stration de charite qͥ font ceste chose des uian¬

146 1825 1390 99 des sensibles beaucoup plus ceulx qͥ le sõt es

148 1902 1392 105 uiãdes spirituelles/ magnifiẽt grandemẽt no¬

146 1989 1380 97 stre sermõ: ⁊ aussi retourne toute lutilite uers

136 2066 1382 104 nous. * Car cestuy qui a la solicitude de ensei

136 2146 1388 122 gner son prochain: cestuy ne faict pas tant de

139 2235 1397 98 bien a son prochain/ quil acquiert grand sa¬

136 2330 1394 86 laire pour soy: quãt il en recoit double salai¬

148 2402 1370 103 re: et obtiẽt de dieu plus grande retribution.

154 2479 1367 116 Finablement celuy qui essaie denseigner son

145 2562 1391 116 frere: quant il luy recite les choses/ ⁊ quil luy

140 2658 1414 99 resume les parolles/ aussi les retiẽt il mieulx.

144 2739 1410 105 Parquoy en pensant a uostre tant grand gai¬

146 2832 1392 95 gnaige: nen soyez point enuieux sur uoz fre¬

144 2907 1386 111 res: mais quilz apprennent de uous les cho¬

1595 190 157 181 316

1545 2027 258 149 Celuy qͥ

1553 2161 259 98 enseigne

1559 2238 256 95 ung au¬

1545 2315 267 104 tre il in¬

1545 2402 216 109 struict

1547 2488 277 112 soymes¬

1568 2583 110 95 me.

972 2990 554 127 Oo .iiii. ses que
