2267 3563
742 308 1386 135 ses q̃ maintenãt nous disons. Mais affin qͥlz

744 409 1392 121 soient enseignez plus plainemẽt/ amenez les a

744 490 1386 113 noꝰ/ en leur ꝑsuadant: q̃ riẽs nẽpesche a la ta-

744 566 1392 130 ble spirituelle/ si on prent parauant q̃lq̃ chose

732 649 1398 124 de la uiãde corporelle: mais tout temps doibt

730 727 1388 125 estre ydoine au sermõ spirituel.4 Si noꝰ entẽ¬

742 822 1379 110 dõs droictemẽt felles choses: noꝰ pourrõs aus¬

766 896 1367 131 si en demourãt a la maison/ ⁊ en prenãt les li

766 991 1367 110 ures diuins apres le cõuiue/ en prẽdre lutilite/

766 1062 1361 122 ⁊ bailler la uiãde spirituede a lame. Car cõme

748 1152 1370 127 le corps a affaire de uiande sensible: pareille¬

726 1233 1408 118 ment aussi lame est en indigence de quotidia¬

738 1314 1396 127 ne refocilation de uiãdes spirituelles? ꝯffin q̃

752 1401 1372 121 icede corroboree cõtre les assaulx de la chair/

752 1484 1370 105 ⁊ cõtre la bataille cõtinuede/ par laq̃lle nous

756 1567 1368 119 sommes cõstrainctz/ elle y puist resifter. Et ya

756 1646 1370 119 dãgier/ q̃ lame ne soit reduicte en seruitude: si

754 1733 1378 117 nous uoulons le moins qͥ soit estre paresseux.

763 1805 1364 127 Pourtãt appelle Dauid cestuy biẽheureux? qͥ

756 1896 1384 125 medite nuict ⁊ iour en la loy du setgñr. Et le

746 1981 1392 125 biẽheureux Moyse docteur du peuple iudaic-

748 2066 1382 119 que dit.? Quant tu auras beu ⁊ menge/ ⁊ que

760 2143 1361 119 tu seras raIIqie: aye meradire du seigneur ton

772 2226 1358 116 dieu.? Regarde aussi comme alors principale

778 2315 1361 116 ment est opportun de proposer le conuiue spi-

775 2387 1373 130 rituel apres auoir prinse la refection corporel

775 2482 1373 127 le: affin que apres la satiete de la uiande cor¬

772 2562 1367 125 porelle/ lame ne commence de a soy aneantir ⁊

775 2654 1358 116 que par oysiuete elle ne sente aucune malice: ⁊

778 2737 1355 116 quelle ne donne lieu aux machinatiõs du dia

781 2808 1346 119 ble: lequel nest iamais sans regarder/ fl nen

769 2903 1358 140 pourra cõuenablemẽt frapper quelcun. Et de

463 736 261 130 Le mes¬

460 837 270 101 me/ dit il

454 923 288 107 au mes-

448 1003 309 110 me uiure

454 1089 294 104 en la.22.

466 1169 261 134 homehe

1140 190 538 130 De la royale

472 1799 229 145 Ps̈.1.a

466 2072 258 110 deut̃.6.c

493 2253 267 107 Quant

478 2339 276 98 on a prĩs

478 2425 285 101 la uiãde

472 2497 279 121 corporel

475 2589 255 104 le nous

472 2666 291 110 debuons

475 2752 282 104 querirla

481 2829 285 119 spirituel

487 2921 107 113 le.

1882 2979 236 116 rechies
