2267 3563
415 121 945 178 prestrise. Cha.xxi.

122 269 1418 146 rechief en ung autre lieu/ cestuy mesme ꝓphe¬

130 368 1385 127 te disoit. En uous couchant au lict ⁊ en uous

142 447 1366 127 leuant ayez souuenãce du seigñr uostre dieu.

140 532 1374 129 Uous auez ueu/ comment iamais nappartiẽt

132 621 1388 121 mettre hors de nostre ame ceste memoire: mais

126 700 1408 123 continuellement lauoir en la conscience: ⁊ ui¬

128 785 1394 117 ure en perpetuelle bataille: ⁊ iamais ne bailler

138 870 1384 125 nulles treues: mesme/ comme bien sachant: cõ

140 958 1392 120 me grande est la fureur de nostre ennemy con¬

132 1029 1398 125 tre nous/ fault que ueillons ⁊ que soions so¬

132 1118 1400 125 bres ⁊ que nous empeschons toutes ses embu¬

138 1197 1384 125 sches: ⁊ que iamais ne mettõs en non chaloir

136 1278 1388 125 la nourriture spirituelle. Ceste est nostre salut

134 1361 1402 135 icelles sõt les richesses spirituelles: cest lasseu

134 1452 1410 117 rance/ quãt ainsi tous les iours nous sõmes

144 1532 1420 122 munis ⁊ par lecture ⁊ par ouye/ ⁊ par la parol

150 1635 539 108 le spirituelle ⁊c.

255 1694 1182 135 ¶ Chrysostome sur sainct Matthieu/

451 1793 740 111 au .xxiii. chapitre/ en la

580 1872 524 107 .xliii. homelie .A.

154 1935 1367 140 ¶ Quelle chose dit il donc des prestres? Sur

150 2030 1380 129 la chaiere de Moyse se sont assis les scribes ⁊

154 2105 1385 133 pharisiẽs * cestadire/ beaucoup de p̃stres ⁊ peu

151 2203 1399 127 de prestres. Plusieurs de nom/ mais peu doeu

154 2268 1391 134 ure. Regardez donc/ cõment uous estes assis

166 2363 1373 137 sur icelle: car la chaiere ne faict pas le prestre:

154 2437 1376 146 mais le prestre faict la chaiere: le lieu ne sain¬

157 2532 1399 116 ctifie pas lhõme: mais lhõme saĩctifie le lieu.

160 2600 1405 143 Tout prestre nest pas sainct: mais tout hõme

163 2687 1399 145 sainct est prestre. Celuy qͥ aura este bien assis

166 2782 1387 130 sur la chaiere: il recoit hõneur dicelle: mais ce

163 2850 1373 175 luy qui aura este mal assis/ il faict iniure a la

1607 139 137 137 317

1542 344 297 211 deut̃.6.b

1539 1903 273 130 mar.12.d

1571 2081 256 119 plusieͬs

1568 2179 262 116 sõt p̃stres

1568 2274 256 89 de nom ⁊

1556 2351 268 98 peu de p̃¬

1553 2419 265 116 stres sõt

1565 2523 265 95 par oeu¬

1580 2600 125 98 ure.

1577 2678 241 101 Tout p̃¬

1565 2752 235 119 stre nest

1550 2853 265 107 pas sa¬

1550 2924 259 143 ĩct: mais

1295 2945 241 128 chaiere.
