2267 3563
1104 150 529 137 De la royale

793 264 1355 151 chaiere. Et pourtãt est ce q̃ ung mauuais pre¬

793 368 1358 133 stre/ de sa prestrise acquiert crime/ ⁊ non pas

793 457 1358 127 dignite. Car quãt tu es assis au iugemẽt se tu

776 542 1378 121 uis bien/ ⁊ q̃ tu enseigne bien: tu es le iuge de

760 625 1386 117 tous: mais si tu enseigne bien ⁊ q̃ tu uiue mal:

756 712 1237 105 tu es seul condẽnateur de toy mesme ⁊c.

873 785 1190 123 ¶ Chrysostome au .ui. Tome sur Ge¬

879 872 1195 123 nese en la .xxuiii. Homelie/ au .ix. chap̃.

789 954 1365 116 ¶ Tu as ueu cõment il est licite de prendre le

776 1037 1364 122 remede conuenable des escriptutes/ pour tou¬

768 1122 1360 121 te calamite opprimant la nature humaine: et

752 1209 1368 117 pour debouter la solicitude de toute ceste uie/

750 1298 1382 113 ⁊ affin que ne soyõs greuez de nulle chose qui

764 1369 1364 125 aduiẽne. Pourtãt ie prie que desormais uous

774 1450 1350 123 uenez icy: ⁊ que diligemmẽt uous escoutez la

768 1534 1356 122 lecture de la diuine escripture: non pas seulle¬

778 1612 1367 133 ment quant uous uenez icy/ * mais aussi pre¬

778 1704 1364 113 nez en uoz mains les diuins liures quãt uous

772 1784 1370 125 estes en la maison ⁊ si receuez par grande dili¬

775 1858 1364 137 gence lutilite qui est mise en iceulx. Car de ce

766 1941 1367 143 en uient grant gain. Premierement affin que

757 2027 1364 137 par la lecture la langue soit reformee: puis

754 2122 1367 122 apres lame en prent les plumes/ ⁊ se eslieue/ ⁊

762 2201 1360 112 est enluminee des raitz du soleil de iustice: et

764 2282 1360 121 durant ce temps elle est deliuree des incitatiõs

764 2367 1374 125 uoluptueuses des pẽsees souillees: ⁊ a la frui

758 2452 1376 113 tion de grand repos ⁊ tranquilite. Dauantai

764 2537 1364 117 ge ce que la uiande sensible faict pour accroi¬

758 2618 1356 129 stre les forces du corps: la lecture dõne le mes¬

754 2703 426 97 me a lame ⁊c.

805 2785 1218 124 ¶ Chrysostome/ au .i. Tome/ en la .i. Ho¬

1005 2872 854 138 melie/ sur sainct Matthieu.

499 267 270 116 tout hõ¬

496 362 273 98 me saĩct

496 436 276 116 est p̃stre.

487 1582 276 122 Que les

490 1683 273 101 gẽs lais

478 1766 276 107 lisẽt aus

481 1846 273 104 si les li¬

469 1929 279 107 ures di¬

463 2016 273 118 uĩs en la

463 2099 264 113 maison.

1775 2963 329 122 ¶ Pource
