2267 3563
130 270 1388 133 ¶ Pource que en deux commandemẽs foute

118 359 1376 127 la loy ⁊ les prophetes dependent: cest adire en

130 443 1362 129 la charite de Dieu ⁊ de son prochain: pareille¬

130 534 1364 128 ment en commandant. Tout ce q̃ uous uou

122 611 1382 123 lez que les hommes uous facent/ faictes leur

116 692 1380 127 aussi les mesmes choses. Car ceste est la loy et

115 766 1376 136 les ꝓphetes.7 Lesq̃lles choses urayemẽt sont

130 858 1361 127 assez faciles a entendre ⁊ au seruiteur/ ⁊ au ru

127 947 1370 136 sticque/ ⁊ a la uefue/ et a lenfant/ ⁊ au saige/ et

118 1030 1379 116 au rude detendemẽt: ⁊ sont du tout exposees.

124 1101 1379 134 Telles ueritablement sont les sentences de ue

118 1193 1385 137 rite: et la fin des choses mesme le tesmoigne.

124 1264 1391 146 Car aussi quasi toutes gens ont aprins les

128 1357 1394 133 choses qui sont de faire: ⁊ ne les ont pas seule

126 1441 1394 124 mẽt aprinses: mais aussi ont prĩs paine de fai¬

130 1532 1390 120 re ce qͥlz auoyent aprins. Et non pas seulemẽt

136 1609 1386 128 es citez et es rues: mais ausst au couppeaux

136 1694 1414 117 des montaignes. Car illec uerras tu principa

144 1771 1412 123 lemẽt flourir la yhilo(ophie euangelicque: et

146 1858 1400 125 les cõgregatiõs des anges resplendit en corps

144 1935 1384 135 humain: et uerras en la terre reluyre totalle¬

139 2010 1385 151 mẽt la conuersation celeste. F Aussi urayemẽt

142 2096 1397 136 les pescheurs nous ont escript linstruction de

148 2194 1397 127 uiure: non pas en cõmãdãt den eslire aucuns

148 2271 1397 122 des leur puerilite pour laprẽdre (cõ me il est de

157 2348 1376 137 coustume aux philosophes) ⁊ sãs p̃finir aucũ

152 2436 1384 135 certain nõbre de ans pour acheuer les estudes

162 2521 1390 127 des uertꝰ: mais les ont declarez generalemẽt

164 2606 1402 131 a toutes eages. Car la philosophie e st le ieu

162 2684 1404 128 des enfãs mais la doctrine des apostres est la

166 2775 1394 124 uerite des choses. Ilz ont aussi donne certoin

162 2850 1390 156 lieu a ceste doctrine de philosophe? ⁊ ont ensei

323 124 1011 181 prestris. Chap̃.xxi.

1492 146 155 117 Z1d

1539 264 273 121 Mathe.

1512 368 157 86 22.d

1512 504 294 113 mat.7.b

1512 763 261 112 Les cõ¬

1512 840 270 122 mande¬

1512 923 264 116 mens di

1512 1003 270 116 uins sõt

1524 1086 261 119 faciles a

1524 1172 255 113 entendre

1533 1273 205 104 a tous.

1539 1983 258 131 pescheͬs

1556 2081 247 110 noꝰ ont

1559 2161 259 116 escript la

1559 2253 256 122 reigle de

1553 2348 191 107 uiure.

1306 2957 240 117 gne que
