2267 3563
764 310 1384 107 gne q̃ le ciel ⁊ son formateur/ qui est dieu/ sont

764 401 1382 101 sans doubte. Leq̃l aussi a dõne les loix telles

754 482 1390 97 quil failloit desq̃lles aussi nous usons. Mais

746 568 1398 103 les docteurs de ceste discipline et les princes/

742 651 1398 105 sont publicains et pescheurs/ et couturiers de

732 734 1398 109 peaulx/ non pas pour ce qͥlz ayent uescu de po

748 813 1391 107 ure uie.? Mais affin quilz uiuent encore et

766 890 1376 116 quilz soyẽt a tousiours permanẽtz. Et pour¬

772 973 1373 116 tant quant iceulx aussi sont moitz/ il peurent

775 1071 1361 98 beaucoup proffiter aux disciples. Et pourtãt

757 1143 1364 107 ceste di sciphne na point la guerre cõtre les hõ

734 1241 1390 95 mes: mais a lencontre des tres cruelz diables/

742 1320 1388 99 ⁊ contre les puissances incorporees Pour la-

750 1399 1380 105 õde chole ou(sinul des hõmes nest le roy du¬

754 1488 1368 97 ne telle armee/ ne aucun des anges: mais sans

756 1561 1370 99 doubte cest dieu. Aussi les armures de telz gẽs-

758 1648 1378 101 darmes ensuyuant consequãment la nature

758 1730 1380 104 de ceste bataille. Car elle ne sont point faictes

758 1815 1386 105 de fer ⁊ de peaulx: mais de uerite: de foy ⁊ de iu

764 1902 942 97 stice/ ⁊ de toutes autres uertus.

831 1975 1222 111 ¶ Le mesme Chrysostome au .5i. Tome

936 2064 968 107 sur sainct Iehan/ en la .ii. Home

1140 2147 578 87 Ce/ oru ⁊. Chopitre.

760 2224 1366 107 ¶ Parquoy en delaissãt ceste superflue admo

752 2311 1384 101 nition: iestime estre fort necessaire de uous ad¬

769 2387 1376 118 monester ⁊ exhorter: q̃ uoꝰ perseuerez du mes¬

769 2473 1370 101 me couraige q̃ uoꝰ auez maintenãt: ⁊ non pas

769 2559 1364 104 seulement quãt uous estes icy ensemble assis:

766 2651 1361 98 mais aussi en la maison lhõme auec la fẽme/

766 2725 1358 95 et le pere auec le filz/ quilz parlent souuent de

766 2811 1355 95 ces choses: ⁊ qͥlz declairent ⁊ enquierẽt le sens

760 2888 1355 167 dung coste et doutre: et quilz ueullen/ amener

463 795 258 137 La doc¬

454 893 288 107 trine des

457 982 294 107 apostres

466 1059 282 116 est eter¬

481 1152 184 166 nelse.

1057 182 534 130 De la royale

472 2378 279 125 Lemary

472 2476 279 104 auecq̃ sa

472 2559 279 104 fẽme ⁊ en

469 2645 282 107 fãs doib

463 2722 282 95 uẽt trai¬

460 2805 285 98 ter la saĩ

472 2888 264 152 cte escri¬

1801 2986 317 105 ceste cou¬
