2267 3563
972 197 845 133 Lutilite de la parolle

694 334 1095 111 des pseaulmes. Et ainsi des autres.

768 415 1302 119 ¶ Augu. ad Memorium/ en la .xiii. epistre.

689 498 1393 125 ¶ Il y a icy nostre saĩct frere ⁊ cõpaignõ Pos¬

667 585 1415 119 sidius: leq̃l est nourry par nostre administra¬

663 673 1417 114 tion/ non point des lettres q̃ plusieͬs ⁊ diuers

671 752 1409 113 seruiteurs de paillardises appellẽt liberales:

683 839 1401 109 mais est nourry du pain du seigñr autãt quil

707 911 1369 122 luy a peu estre dispense selon noz angoisses.

719 997 1360 110 Et q̃lle autre chose fault il dire a ceulx lesq̃lz

698 1082 1378 111 la ou ilz sont mauuais ⁊ sans pitie/ estiment

675 1163 1395 119 estre enseignez liberallemẽt: sinon ce q̃ uerita¬

663 1251 1423 110 blemẽt nous lisons es lettres urayement libe

686 1327 1399 116 ralles: * Se le filz uous a deliure/ lors uraye¬

698 1415 1384 109 mẽt serez uous libres? Car aussi nont ilz riẽs

708 1498 1366 105 de cõuenable a la liberte: sinon ce quilz ont de

704 1577 1366 111 conuenable a la uerite. Dequoy aussi le mes¬

713 1659 1372 107 me filz dit. * Aussi ceste uerite uous deliurera.

719 1733 1381 128 Parquoy ces mauuaises fables ⁊ innumera¬

716 1820 1378 115 bles/ desquelles en sont plains les uers des

727 1903 1370 121 uains poetes/ ne cõsonnent nullemẽt a nostre

704 1986 1384 122 liberte. Ne aussi les mẽsonges des orateͬs en¬

692 2081 1393 113 flez ⁊ bien exquis. Ne finablemẽt les disputa

687 2163 1395 109 tions plaines de lãgaiges de ces philosophes:

700 2242 1394 111 lesquelz aussi nullement nont congneu dieu/

714 2327 1388 111 ou quant ilz lont congneu/ ne lont pas glori¬

733 2410 1376 116 fie cõme dieu. * Ia naduiẽgne q̃ les uanitez de

727 2497 1376 103 telz gens/ ⁊ les mensonges insensez/ ⁊ que les

739 2571 1364 119 bourdes plaines de uent/ et leur orgueilleux

739 2657 1364 113 erreur soient iustement appellez escriptures li

739 2731 1352 119 berales: ascauoir celles des hommes malheu¬

727 2823 1364 107 reux qui nont pas cõgneu la grace de dieu dõ¬

704 2906 1381 140 nee par nostre seigñr Iesuchrist/ par laquelle

383 929 303 101 mat.4.a

386 1027 309 101 deut̃.8.a

392 1318 240 136 Ioã.8.e

421 1665 259 119 Ioã.8.e

410 1766 288 101 1.corĩ.1.c

415 1846 146 86 ⁊.d.

404 1915 300 115 Eph.5.b

398 2010 288 92 colos.2.b

401 2090 276 104 Rom̃.1.c

427 2422 289 107 Les escri

421 2517 247 83 ptures

415 2592 298 92 des gen¬

415 2669 304 113 tilz sont

412 2764 295 95 bourdes

421 2829 271 122 ⁊ mẽson

448 2933 122 128 ges.

1720 2990 376 123 seulle grace
