2267 3563
347 136 992 169 prestrise. Chap̃.xxi.

145 293 1420 113 ceste coustume tresbelle et treslouable. Et que

154 383 1376 118 nul ne me die/ qͥl ne fault pas que les enfans

166 463 1355 113 soyẽt occupez en telle chose. Car il nest pas seu

162 544 1370 119 lemẽt besoing qͥl estudiẽt a telles admonitiõs/

148 627 1390 115 mais aussi que a nulles autres. Toutesfoys

146 724 1396 97 nous ne disons point telle chose par nostre im

156 797 1376 115 becilite: ⁊ ne les uoulons point totallemẽt re¬

162 888 1378 103 tirer des choses terriẽnes et seculieres/ comme

148 953 1385 130 aussi ne uoꝰ/ des affaires ciuiles. * Mais cest

148 1039 1385 118 que nous estimons q̃ iustemẽt il fault ordõner

148 1128 1385 116 lung des sept iours a la ueneration et seruice

148 1208 1397 131 du seigñr/ cõmune a tous. Nest ce pas grand

148 1294 1397 116 mocquerie/ q̃ nous uoulõs que noz seruiteurs

154 1386 1396 125 soyẽt tousiours occupez en noz affaires: ⁊ que

151 1469 1399 107 nous mesmes ne uoulons donner nul seruice

162 1549 1390 113 a dieu: principalement cõme il soit que nostre

166 1621 1390 133 seruice ne luy puisse en riẽs ꝓffiter? Car dieu

154 1712 1433 122 na indigence de riens: mais du tout redonde a

164 1793 1415 125 nostre utilite. Aussi uous amenez uoz enfans

168 1882 1396 115 aux ieux des farces ⁊ ne les exhortez iamais

166 1963 1388 115 a nulle doctrine ne a quelque chose ꝓffitable.

166 2046 1396 121 Mais sil fault acquerre q̃lque chose saincte

166 2131 1404 117 ou quelque chose spirituelle/ ⁊ qͥl y faille con¬

168 2216 1406 117 straindre: uous appellez ceste solicitude uaine.

163 2283 1402 130 * Ne ꝓuocquez uous point iustemẽt fur uous

178 2378 1378 113 lire de dieu: que quant les certaines choses et

166 2464 1387 110 les certains temps/ et la diligente cure uous

175 2538 1399 128 est presentee/ pour instruire uoz enfans en la

172 2633 1405 104 doctrine des choses diuines: que uous estimez

172 2707 1405 134 ce estre grief et mal conuenable? Ce nest pas

178 2791 1396 128 ainsi/ ce nest pas ainsi (dis ie) mes treschiers

184 2874 1386 140 freres. Car ueritablement ceste eage puerile/ a

1554 172 126 109 319

1586 267 262 130 ture aus

1565 365 286 118 si en la

1547 463 295 113 maison.

1562 893 259 166 Il ne fa¬

1562 1036 259 98 ict menti

1562 1110 238 104 on q̃ de

1571 1193 238 110 sãctifier

1571 1282 223 107 ung ioͬ

1562 1345 262 130 en la sep

1562 1443 229 142 maine.

1583 1609 268 127 Ps̈.15.a

1586 2274 256 104 Les en¬

1574 2360 274 110 fans soi

1574 2446 280 104 ent occu

1595 2523 256 116 pez es saĩ

1595 2612 241 125 ctes let¬

1598 2690 125 130 tres.

1231 2967 337 134 principale¬
