2267 3563
1134 190 531 134 De la royale

758 322 1374 107 principalement affaire de telles admonitiõs:

756 417 1378 103 elle est tendre/ ⁊ se imbeut bien tost des choses

746 498 1386 99 que ont degoutte dessus/ et receoit les choses

745 584 1382 95 ouyes/ cõme le seau impͥme en la cire de louye

733 659 1388 112 cest adire des entendemẽs des enfans. Dauã¬

733 748 1376 110 taige aussi la uie est en louye dicelle: ⁊ en iceux

739 825 1379 107 est quasi cõme uaine: tellemẽt que facilement

760 911 1361 107 tu le poͬras plier ou a uertu/ ou a uice. Si q̃l¬

760 991 1361 101 cun donc les retiroit des leur enfance/ ⁊ cõme

763 1071 1340 101 des entrees des uices a la uoye de uertu: il les

739 1157 1355 119 confermeroit en quelque habituation/ et une

724 1255 1373 93 droicte nature de uiure: ⁊ ne tomberoyent pas

724 1324 1379 107 facilement de eulx mesmes en choses pires:

742 1413 1355 101 quant telle maniere de accoustumãce des leur

751 1493 1346 104 ieunesse les attireroit a uertu. Et aussi par tel

740 1579 1366 105 le maniere escouteront plus diligemment les

740 1658 1380 105 superieurs ⁊ les auront en reuerence: et seront

736 1741 1384 111 trouuez plꝰ utiles es choses ciuiles. Car aus¬

738 1825 1376 110 si les meurs des plus anciens seront apprises

730 1904 1380 105 des leͬ ieune eage. Car il ne se peult faire (poͬ

714 2003 1386 97 dire la uerite) que celuy qui preste laureille a

702 2074 1388 115 telles choses/ ⁊ qui de ung prompt couraige se

720 2157 1366 107 offrera a telles admonitions apostoliques: qͥl

726 2238 1366 105 ne paruienne a ung bien incredible/ soit hom

724 2325 1374 107 me/ soit femme/ soit iouuẽceau lequel sera par

724 2405 689 108 ticipant de ceste table.

871 2486 1067 116 ¶ Chrysostome/ au .i. Tome en la

944 2577 930 111 .lxxuiii. Homelie/ du .xxu. cha

1015 2662 800 109 pitre de sainct Matthieu.

720 2741 1350 111 ¶ Aussi certainemẽt/ si pͥncipalemẽt tu ueulx

704 2826 1366 109 estre en Christ/ fais sa uolunte. Mais sa prin

704 2913 1366 121 cipale uolunte est ceste/ que tu estudie de ꝓffi¬

469 578 267 107 Les en¬

469 671 241 115 fãs doib

457 766 253 86 uẽt estre

445 837 256 101 imbeutz

442 920 294 107 de bonne

445 1009 291 101 doctrine

445 1083 300 107 au ꝯmẽce

454 1169 250 101 mẽt car

442 1258 265 116 ce qͥlz a¬

433 1339 274 109 prenẽt ð

439 1413 277 107 ieunesse

451 1499 282 113 demeure

1789 3000 281 107 ter a ton
