2267 3563
128 302 1398 113 ter a ton prochain. Ueulx tu que aussi ie te es

136 391 1361 113 ferme ceste sentẽce de ung autre lieu? Me ay

140 477 1362 95 me tu (dit il) Pierre? pais mes brebis. Quant

140 566 1372 99 par troys foys il eut interrogue: il conferma

132 649 1380 99 par icelle estre largument damour: ce que na

126 728 1382 95 pas seulement este dit aux prestres: mais aus¬

136 815 1370 103 si a ung chascun de nous/ ausquelz est aussi

134 896 1376 103 commise la charge dung troppeau tant soit il

132 983 1378 97 petit: ⁊ ne doibt pas estre mis le petit troppeau

126 1062 1378 101 en non chaloir pour ce quil est fort petit. Car

121 1140 1385 112 mon pere a prins son plaisir en eulx.4 Ung

118 1232 1388 104 chascun de nous a une brebis: quil la meine

121 1318 1385 89 aux bonnes pastures. Et quant le pere de fa¬

121 1404 1403 86 mile sen ira coucher/ qͥl ne demãde autre cho¬

130 1469 1403 107 se que de faire ⁊ dire les choses/ oar le (queddes

127 1552 1409 110 il puisse augmenter en toute sa famile les ac¬

130 1644 1385 95 croissemens de religion. Mais que la mere de

130 1719 1382 107 famile garde ausst la maison: ⁊ que beaucoup

134 1815 1394 101 plus elle orocure/ cõment toute Ia famile faict

133 1903 1388 89 les choses qui appartiennẽt aux cieulx. Car

134 1979 1388 103 si es choses seculieres/ deuant que nous dispo

138 2066 1382 97 sons les choses domesticques/ nous aduisons

132 2147 1408 105 de payer les choses qui sont deues au bien ou¬

132 2236 1412 101 blicque: affin que poͬ la cause de telles gabel

138 2315 1388 97 les nous ne soyons uituperez/ par estre trai¬

136 2396 1373 101 ctez en iufuice/ ⁊ par estre batus/ ?cõbien plus

133 2467 1379 113 fault il es choses spirituelles premier dispo¬

142 2565 1385 107 ser les choses qui sõt de dieu le createur ⁊ roy

133 2642 1412 110 de tous/ affin que ne soyons tirez au lieu/ ou

130 2722 1415 113 est grincement de dentz Parquoy embrassons

133 2805 1388 122 les uertus/ qui noꝰ sont salutaires/ ⁊ a nostre

140 2889 665 127 prochain tresutiles.

332 151 996 166 prestrise. Chap̃.xxi.

1538 188 174 108 320

1521 385 297 119 Ioã.21.e

1545 1092 219 158 A ung

1524 1211 261 116 chascun

1527 1303 276 104 est com¬

1542 1386 276 95 mãde de

1550 1472 268 101 instruire

1550 1546 262 104 de sa fa¬

1524 1633 276 115 mile ⁊ sõ

1527 1716 264 115 xcham.

1533 2372 279 119 Les cho

1533 2461 267 119 ses spi¬

1550 2559 256 92 rituelles

1568 2633 220 95 doibuẽt

1562 2728 211 86 estre en

1542 2799 261 125 plꝰ grãd

1546 2899 194 127 soing/

1067 2975 461 136 ¶ Chrysostome
