2267 3563
479 324 255 95 que les

481 403 297 115 charnel¬

485 492 144 107 les.

849 308 1210 123 ¶ Chrysostome au premier Tome en la

896 401 1087 115 secõde homelie/ sur le premier cha¬

984 486 833 111 pitre de sainct Matthieu.

740 564 1404 120 ¶ Uous qui estes assistens/ respõdez ie uous

732 649 1408 121 prie. Lequel est dentre uous/ q̃ si on luy demã

732 738 1404 111 de une pseaulme/ le pourra dire sans liure: ou

740 819 1394 103 q̃lque autre portiõ des diuines escriptures? Il

752 904 1396 101 nen y a pas ung: ⁊ encore ny est pas seulement

760 985 1382 113 ce mal icy: mais dautãt q̃ uoꝰ estes paresserix

758 1068 1382 113 ⁊ remis aux choses spirituelles/ autãt sur/ nõ

744 1155 1386 109 tez uors par ardeur le seu/ aux choses diabo-

742 1238 1382 104 licques. Car si aucun uous ueult interroguer

751 1330 1379 98 des chansons mõdaines ⁊ publicques/ ⁊ ouyr

778 1410 1349 98 les chãsons gringotees de paildardise: il pour¬

781 1487 1337 110 ra trouuer plusieurs qui tres diuigẽment les

769 1570 1358 113 auront aprises/ lesquelz aussi les pronõcerõt

754 1648 1380 111 en trasgrande uolupte. Mais encore uiẽnent

775 1736 1364 110 ilz a deffendre telz crimes/ disant.? Ie ne suis

775 1823 1370 112 point moine: ie suis marie/ ⁊ ay soing des en¬

781 1891 1361 125 fans ⁊ de la maison. Certainement de ce uiẽt/

760 1980 1373 116 que uous corrompez toutes choses ensemble

745 2069 1388 104 cõme dune peste: pourtant que uous estimez la

760 2158 1370 101 lecture des diuireies eserixtures axpartenir seu

778 2226 1349 119 lement aux moines: la ou elde uous est beau¬

775 2312 1355 116 coup plus necessaire que a eulx. Car ceulx qͥ

775 2405 1364 109 sont au milieu de la bataille ⁊ tous les iours

766 2482 1367 121 receoiuent playe sur playe: telz gẽs ont plus

756 2573 996 111 affaire de la medicine de dieu ⁊c.

789 2729 1325 170 ¶ De lhõneur quõ doit

748 2888 1368 138 enuers les sainctz. Chap̃.xxii.

976 174 877 144 De la royale prestrise.

469 1211 258 137 Chãsõs

466 1327 264 104 folles et

463 1413 288 107 lubricq̃s

481 1490 276 122 sõt repro

481 1582 184 92 uees.

472 1733 288 119 La diui¬

475 1826 285 109 ne escri¬

469 1918 285 101 pture na

460 1998 282 101 partiemt

460 2081 267 107 pas seul

466 2170 235 89 lement

469 2244 291 104 aux moi

469 2327 288 104 nes: ma¬

469 2407 288 119 is a ung

475 2488 255 115 chascũ.

1742 3006 380 109 ¶ Augustin
