2267 3563
289 271 1134 130 ¶ Augustin au liure de la uraye reli¬

449 370 806 95 gion/ au dernier chapitre.

433 439 1085 128 E aymons point les spectables uisi

463 519 1070 119 bles: affin que en soy foruoyãt de la

457 615 1079 109 uerite ⁊ en aymãt les umbres/ nous

461 698 1069 105 ne soyons iettez es tenebres. Nostre

142 775 1384 119 religion ne soit pas en noz fantasies. Car q̃lq̃

152 859 1374 122 uerite qui soit uault mieulx/ q̃ tout ce qui se

142 940 1402 126 peult faindre par arbitre. Que nostre religion

130 1027 1391 125 ne soit pas la ueneratiõ des hõmes mortz: car

139 1110 1382 125 silz ont uescu fidelement: ilz ne sont point telz

133 1187 1391 134 quilz demandent telz hõneurs: mais ueullent

133 1282 1391 113 que nous hõnorons celuy/ par lequel iceulx

133 1350 1403 137 estantz enluminez/ sont ioyeux que noꝰ soiõs

136 1434 1394 124 seruiteurs auec eulx de leur merite.◊ On les

136 1526 1388 127 doibt donc hõnorer a cause de leur imitasion/

142 1612 1385 124 ⁊ non uas adorer a cause de la religion. Car ce

133 1689 1412 125 mesme a este saict par temporelle di(pensation

144 1775 1420 127 pour nostre solut: que lo uertu de dieu/ ⁊ la sa

142 1856 1408 121 pience incommuable de dieu ⁊ consuiMtantia¬

142 1945 1392 117 le/ ⁊ celuy qui est coeternel au pere/ a uoulu

138 2024 1394 129 prendre nature humaine: par laquelle il nous

138 2108 1404 120 enseigneroit/ que lhõme deburoit honnorer la

142 2191 1404 120 chose qui doibt estre hõnoree de toute creature

136 2274 1406 128 intellectuelle ⁊ raisonnable.? Et croyõs aussi

145 2351 1382 122 que mesme les anges tresbons/ ⁊ les tresexcel

136 2431 1382 125 lens administrateurs de dieu ueullent ce asca

145 2517 1391 134 uoir que nous hõnorons ung seul dieu auec

136 2612 1414 128 eulx/ par la contemplation duquel sont bien¬

144 2694 1406 120 heureux. Car aussi ne sõmes nous point bien

144 2771 1398 130 heureux en uoyant les anges: mais en uoyãt

142 2856 1388 146 la uerite/ par laquelle aussi nous aymons les

356 139 1141 154 des sainctz. Cha.xxii.

148 457 276 359 N

1604 133 151 178 32

1623 926 190 97 Il ne

1539 1009 267 107 fault po

1539 1086 267 110 int hõno

1539 1178 237 98 rer les

1539 1252 225 101 sainctz

1559 1359 188 95 mortz.

1547 1419 277 116 Quel est

1539 1505 279 116 lhõneur

1542 1585 264 125 des sa¬

1571 1683 184 116 inctz.

1553 2265 259 104 Noꝰ deb

1545 2354 273 95 uõs ado

1542 2428 276 110 rer ung

1562 2511 140 104 seul

1577 2603 137 95 dieu.

1033 2947 499 127 Pp onges/ et
