2267 3563
720 294 1384 111 anges/ ⁊ nous resiouyssons de eulx. Parquoy

722 384 1390 98 nous les honnorons par charite/ ⁊ non point

728 467 1378 101 par seruice. Et ne leur edifions nulz temples.

728 548 1390 105 Car ilz ne ueullent point ainsi estre honno¬

720 635 1392 105 tez de nous: car iceulx congnoi ssent que quãt

712 716 1394 105 nous sommes bons/ que nous mesmes sõmes

727 801 1385 95 les temples du souuerain dieu.? Et ainsi est

736 884 1379 95 bien escript/ que il fut deffendu a lhõme par

742 965 1372 99 les anges q̃ il ne les adorast point: mais unq

750 1047 1354 107 seul dieu/ soubz lequel lung ⁊ lautre estoient

742 1132 655 89 ensemble serriteus.

881 1211 1077 117 ¶ Hylaire sur sainct Matthieu/

1116 1302 574 93 cu.xouii. Canon.

763 1374 1346 110 ¶ Et pourtant que les folles uierges ayant

746 1462 1372 91 leurs lãpes estainctes ne peuuẽt uenir au de¬

744 1543 1388 97 uãt de lespoux: elles priẽt celles qͥ estoiẽt prudẽ

757 1621 1376 112 tes pour emprunter de lhuyle? Ausq̃lles icel¬

760 1701 1370 122 les respõdirent q̃lles ne leur en pouoiẽt bailler

763 1796 1361 104 pour ce que parauẽture elles nen auoiẽt uoint

754 1867 1379 107 assez pour suffire a tous: ascauoir que nul ne

760 1968 1370 101 peult estre ayde des oeuures ⁊ des/m erites dau¬

751 2036 1370 122 truy ⁊ qͥl est necessaire a ung chascun de ache¬

748 2127 786 105 ter lhuyle pour la lampe.

837 2209 1216 108 ¶ Augustin en la seconde quinquagene

952 2292 994 107 en la . lxuii. pseaulme/ au uerset

1079 2379 716 101 Montaigne de dieu ⁊c.

760 2458 1376 97 ¶ Iay esleue mes yeulx aux mõtaignes: dõt

758 2547 1382 99 me uiendra ayde ⁊ toutesfoys mon ayde nest

756 2632 1388 93 pas ꝓpremẽt de ces mõtaignes: mais mõ ayde

760 2709 1295 103 est du seigneur/ qui a faict le ciel ⁊ la terre.

819 2789 1255 108 ¶ Chrysostome sur sainct Matthieu/ en

892 2876 1085 124 la .xlu. Homelie/ du .xxiii. chapitre.

451 769 247 136 Apoc.19.

451 890 196 110 b.22.b.

1092 154 559 129 De lhonneur

445 1365 294 119 mat.25.a

475 1615 267 118 Nul ne

457 1713 253 104 peult e¬

460 1796 279 122 stre sau¬

457 1879 276 119 ue par le

457 1983 223 77 merite

454 2045 270 131 dautruy

1775 2957 355 126 ¶ Cõment
