2267 3563
320 151 1118 163 des sainctz. Cha.xxii.

139 293 1382 137 ¶ Cõment fuyres uous du iugemẽt de la ge¬

136 391 1367 131 henne? Sera ce en edifiant les sepulchres des

140 475 1374 126 sainctz? ou plus tost en nettoyãt uoz cueurs de

138 558 1378 122 malice? Dieu iuge il ainsi cõme lhõme iuge?

130 641 1390 123 Lhõme iuge lhõme en loeuure/ mais dieu le

118 718 1382 128 iuge au cueur. * Mais quelle est ceste iustice:

121 804 1379 134 de hõnorer les sainctz/ ⁊ de cõtẽner leur saincte

124 893 1376 116 te? Le premier degre de fidelite est/ de aymer la

124 973 1376 131 sainctete/ puis apres les sainctz: car les saĩctz

118 1057 1382 124 nont pas este deuãt la sainctete: mais la sain¬

118 1131 1382 124 ctete a este deuãt les sainctz. Celuy donc hõno

118 1227 1398 111 re sans cause les iustes/ qui desprise la iustice.

124 1312 1398 117 Comment fuyrez uous? Les sainctz ausquelz

126 1395 1404 119 uous aornez leurs monumentz uous deliure¬

124 1470 1402 123 rõt ilz? Les sainctz ne peuuẽt estre les amis de

124 1557 1394 121 ceulx ausquelz dieu est ennemy. La famille

132 1642 1386 121 peult elle estre en paix/ quant le seigñr est ad¬

128 1724 1392 116 uersaire? Cõmẽt fuyres uoꝰ? Le nom en uain/

132 1805 1412 120 quil uous semble par aduẽture que uous estes

128 1888 1402 121 le peuple de dieu/ uoꝰ deliurera il? Que proffi

132 1973 1384 117 te il a la paillarde si elle a le nom dune cha¬

132 2056 1380 127 ste? ainsi ne proffite il riens au pecheur sil est

132 2145 850 109 appelle le seruiteur de dieu.

607 2228 388 97 ¶ En la fin.

138 2298 1396 132 ¶ Cõment fuyrez uous le iugemẽt de la gehẽ

134 2389 1390 124 ne? En edifiãt des eglises/ ⁊ nõ tenãt la foy de

138 2474 1384 119 uerite ecclesiasticq̃? Et lisãt les escriptures/ ⁊

136 2557 1394 121 non croyant aux escriptures? En nõmant les

134 2638 1400 127 prophetes/ les apostres ⁊ les martyrs/ et non

130 2725 1404 111 ensuyuant les oeuures des martyrs/ ne ensuy

134 2804 1404 125 uant leur cõfession? Ne auez uous point aus¬

136 2891 1382 140 si ouy celuy qui dit. * Tous ceulx qui me

1518 192 196 110 322

1542 293 291 119 Esa.55.c

1521 388 303 113 1.reg.16b

1521 712 270 119 Noꝰ hon

1521 810 234 98 norons

1521 881 267 101 les saĩctz

1521 979 267 89 ⁊ cõtem¬

1521 1051 261 101 nons la

1521 1134 270 121 saĩctete.

1539 2859 252 130 Mat.7.

1542 2984 101 95 c.d.

968 2966 550 136 Pp .ii. dient/
