2267 3563
487 323 234 110 Ceulx

478 412 255 110 hõnorẽt

481 513 252 95 uraye-

478 590 252 89 mẽt les

484 659 246 118 saĩctz qͥ

478 745 258 121 ensuiuẽt

475 831 276 107 leur foy

466 911 303 110 et leͬ bõ¬

472 1009 294 101 nes oeu¬

487 1092 196 110 ures.

760 290 1379 134 dient/ seigneur/ seigneur/ ne entrerõt point au

769 397 1373 113 royaulme des cieulx: mais ceulx qui font la

769 475 1376 118 uolunte de mon pere? Certainement comme

751 570 1394 109 tous ceulx qͥ appellent le seig neur ne sont pas

751 644 1394 119 au seigñr/ mais ceulx qui sont la uolunte du

757 727 1382 122 seigneur: pareillemẽt tous ceulx qui en leurs

775 810 1373 131 lieux preschẽt les Apostres ⁊ les prophetes et

784 893 1367 125 les martyrs/ ne sont pas pour ce hõnorateurs

778 976 1376 131 de iceulx: mois ce sont ceulx qui ensuynent

781 1068 835 107 leurs oeuures ⁊ leur foy ⁊c.

871 1148 1188 120 ¶ Chrysostome en lhomelie du ꝓffit de

1051 1237 827 109 Leuangile/ au .ui. Tome.

764 1312 1394 111 ¶ ua Chananee sest approchee de Christ en

782 1399 1370 113 priãt pour sa fide qͥ estoit uexee du diable: ⁊ en

796 1478 1355 122 criant dune uoix constante/ dit.? Seigñr aye

788 1565 1370 109 pitie de moy: car ma fille est mauuaisement

793 1650 1365 109 uexee des diables. Uoicy la femme estrangie

791 1732 1377 106 re ⁊ barbare: ⁊ hors de la iurisdictiõ des Iuifz.

793 1813 1378 109 Et que estoit elle autre chose/ que chiẽne/ ⁊ in¬

791 1896 1382 113 digne de auoir ce q̃ elle demãdoit? Car il nest

793 1979 1376 117 pas hõ neste (dit il) que le pain des enfans soit

793 2066 1369 111 prins ⁊ mis deuãt les chiẽs. Mais toutesfoys

795 2147 1380 111 icelle fut foicte digne/ por la cõtinuelle priere:

801 2230 1380 113 non pas seulement de estre estimee entre les en

805 2310 1378 120 fans (elle qui estoit une chiẽne) mais aussi de

807 2397 1374 108 estre laissee en aller auec honneur de grandes

813 2478 1362 115 louenges. Car il dit. O femme/ ta foy est grã¬

811 2561 1360 115 de. Et pour ce que Christ dist. Femme t a foyest

813 2644 1356 121 grande: il ne est besoing de quelque demõstra¬

809 2731 1359 115 tion/ ne de q̃lque autre inquisition de la gloi¬

805 2816 1364 109 re de ceste semme. Uoys tu commẽtl/ femme

807 2893 1364 133 qui estoit indigne par cõtinuatiõ ꝯ este faicte

1120 176 562 138 De lhonneur

499 1484 273 154 mat.15.c

528 2452 265 122 mat.15.c

1934 2983 235 112 digne?
