2267 3563
326 166 1131 130 des sainctz. Chap̃.xxii.

109 293 1421 101 digne? * Ueulx tu apprendre/ que aussi nous

118 377 1388 109 prians par nous mesmes nous faisons plus

118 475 1358 86 enuers dieu/ que quant les autres prient pour

121 555 1355 89 nous? Ceste femme cria: ⁊ les disciples sappro

112 629 1364 101 cherẽt ⁊ dirẽt. Laisse la: car elle crie ap̃s nous.

106 712 1370 101 Et certainement il leur dit. Ie ne suis point

101 801 1375 101 enuoye/ sinon aux brebis de la maison Dis¬

110 882 1382 99 rael qui sont perdues. Mais quãt icelle mes¬

118 967 1380 99 me sapprocha/ et quelle perseuera en criãt sei¬

112 1045 1388 103 gneur/ il est uerite. Mais aussi les chiens mẽ¬

104 1132 1390 99 gent des miettes qui cheẽt de la table de leurs

112 1215 1378 101 seigneurs: adonc luy dõna il le benefice/ ⁊ dit.

108 1296 1382 103 Il te soit faict ainsi q̃ tu ueulx. Uoys tu com

102 1377 1388 107 ment il refusa/ quant les autres faisoyent de¬

110 1462 1392 103 precation: mais ou icelle mesme cria/ en priãt

112 1547 1404 97 pour le dõ: il luy accorda. Car il dit a iceulx.

108 1629 1428 99 Ie ne suis point enuoye sinon aux brebis de

102 1708 1432 103 la maison de Israel qͥ sont peries? mais il dit/

108 1791 1422 99 a ceste femme. Ta foy est grãde il te soit faict

101 1876 1402 95 comme tu ueulx. * Semblablement il ne res¬

106 1956 1379 104 pondit riens au commencement ⁊ a lentree de

114 2046 1359 105 sõ oraisõ: mais la ou elle sapprocha une foys

109 2122 1388 104 ⁊ deux ⁊ troys: adonc finablemẽt luy dõna il

109 2206 1388 104 le benefice. Et en la fin il enseigne/ qͥl a differe

103 2301 1385 92 de le donner: non pas pour la debouter: mais

114 2375 1376 105 affin quil demõstrast a tous la patience de la

112 2458 1392 107 femme. Car sil eut differe pour la debouter: il

114 2545 1402 103 ne luy eut pas aussi dõne sur le tard ⁊ ne eus¬

118 2628 1412 107 sions nullement cõgneu la force de la femme

114 2713 1418 101 depuis le cõmencemẽt iusq̃s en la fin. Laisse

114 2792 1406 105 la (diẽt ilz) car elle crie ap̃s nous. Uous oyez

112 2872 1394 122 la uoix: ⁊ ie uoy la pẽsee. Ie scay q̃lle chose elle

1550 181 185 124 323

1553 308 277 104 La pro¬

1527 397 297 107 pre orai¬

1503 478 303 95 sõ pour

1503 555 309 104 soi plait

1506 650 276 95 souuera

1503 724 264 92 inemẽt a

1503 792 196 116 Dieu.

1512 1870 261 128 La silen

1500 1980 273 119 ce du sei

1508 2070 262 105 gñr en¬

1518 2152 243 107 uers la

1521 2229 264 116 Chana¬

1512 2321 131 104 nee.

920 2963 584 117 Pp .iii. doibt dire
