2267 3563
748 290 1380 133 doibt dire. Ie ne uueil pas q̃ le thresor de sa pẽ

750 382 1374 122 see demeure muce: mais ie attendz ⁊ me tais/

744 459 1388 138 affin qͥl soit manifeste ⁊ esclarcy a toꝰ. Cõme

738 544 1390 130 il soit q̃ nous ne ignoriõs point toutes ces cho

740 627 1388 137 ses: ⁊ cõbien cy apres q̃ nous soyons pecheurs

740 714 1380 119 ⁊ indignes de receuoir les benefices: combien q̃

748 799 1372 125 nous soyõs seulz/ ⁊ q̃ nous ne ayons nulz in¬

760 886 1374 119 tercesseurs: ne deffaillõs point poͬtãt de prier:

760 958 1370 130 ne soyõs uoit remis de couraige: cõgnoissãs/

762 1047 1370 122 q̃ cest grãde intercession enuers dieu/ q̃ de se ap

752 1126 1376 134 procher de soymesme a dieu par grãde abacri¬

740 1203 1400 141 te ⁊ en pure pensee. Et cõbien qͥl differe ⁊ quil

748 1292 1398 129 ne dõne pas ce quon demãde/ q̃ ainsi ne nous

770 1377 1374 127 en adiõs ꝯdint: car nous scauõs que cest de sa

778 1462 1350 127 grãde misericorde ⁊ de sa grande clemence en¬

770 1543 1318 125 uers nous/ de ce quil differe ⁊ qͥl tarde ainsi.

946 1625 1027 118 ¶ Le mesme en la mesme homebie.

801 1708 1351 124 ¶ Finablement il nest pas besoing de auoir

786 1799 1374 119 des patrõs enuers dieu/ ne de beaucoup courir

789 1878 1365 125 dũg coste ⁊ dautre/ poͬ doulcemẽt parler aux

786 1959 1374 131 autres: mais cõbien que tu soye seul/ ⁊ que tu

786 2042 1368 131 soye sans patron: ⁊ que par toymesme tu prie

791 2125 1363 121 dieu: tu ouros totodemẽt ce que tu desire. Car

795 2213 1365 122 aussi dieu ne ottroye point si facilemẽt/ quant

791 2298 1371 114 les autres prient pour nous/ que quant nous

799 2381 1369 121 prions nous mesmes: uoire aussi combien que

813 2462 1063 127 soyons plains de plusieurs maulx.

952 2545 1067 123 ¶ Le mesme sur Genese en la qua¬

1077 2632 815 113 rantetroiziesme Chapitre.

805 2713 1363 125 ¶ Nous sommes cõstrainctz de amener qu de¬

801 2802 1368 123 uant toute ceste hystoire: affin q̃ nous appre¬

803 2880 1370 140 nons/ q̃ nous ne parfaisons point tãten priãt

1090 170 571 134 De lhonneur

511 1725 270 154 Ie nest

502 1866 240 99 besoing

496 1941 234 93 dauoir

492 2021 262 110 patrons

491 2114 223 89 enuers

502 2199 246 97 dieu ou

510 2280 216 89 aduo¬

512 2369 167 103 catz.

1910 2973 261 124 par les
