2267 3563
207 293 1418 125 feulle grace nous sõmes deliurez du corps de

213 399 1390 93 ceste mort: ⁊ si nont pas sentu iamais en eulx

221 477 1372 104 mesmes les choses qui sont urayes. Mais les

225 558 1364 105 histoires desq̃lles ceulx qui les escriuent ꝓte¬

211 643 1390 105 stent principalemẽt q̃ les choses qͥlz recitẽt sõt

203 724 1396 103 fide les ⁊ ueritables: paraduẽture peuuẽt elles

201 807 1400 103 auoir q̃lq̃ chose digne destre cõgneues aux li¬

211 892 1386 99 ures: ueu q̃ tãt les biẽs q̃ les maulx des hom¬

215 973 1380 103 mes sont recitez/ toutesfoys si elles sont uerita

202 1051 1390 118 bles.7 Combien q̃ ceulx qͥ sont aidez du sainct

199 1131 1396 107 esprit/ poͬ les cõgnoistre soient cõstrainctz par

196 1217 1393 107 la fragilite de la cõdition humaine de recueil¬

202 1309 1381 95 ler les renõmees de plusieurs: toutesfoys ie ne

207 1383 1388 110 uoy poĩt qͥlz ne soiẽt totallemẽt deceuz en plu

207 1472 1400 113 sieurs. Il y a toutesfoys en eulx aucune xxi

207 1557 1432 93 mite de liberte/ silz nont pas uolunte de men¬

215 1642 1432 99 tir: ⁊ ne deceoiuent ꝯos les uõmes/ sinon quãt

223 1724 1408 103 ilz sõt deceuz des hões par humaine fragilite.

423 1803 1040 101 ¶ Augustin au hure des retracra¬

532 1892 768 97 tions/ au premier Chap̃.

217 1965 1386 111 ¶ Autant qͥl appartiẽt a la nature de lhõme/

207 2058 1396 99 il ny a riẽs de meilleur en luy/ que la pensee ⁊

207 2128 1385 119 la raison? mais celuy qui ueult uiure de uie

213 2214 1388 110 bienheureuse/ ne doibt pas uiure selon sa rai¬

237 2307 1373 109 son: mais fault uiure selõ dieu/ poͬ paruenir

235 2387 1398 99 a la ueatitude: ⁊ pour obtenir cele ueatĩtude/

227 2466 1420 105 nostre pensee ne doibt pas estre contente delle

219 2549 1351 101 mesme/ mais se doibt rẽdre subiecte a dieu.

409 2630 982 103 ¶ Au mesme liure au .iii. chap̃.

228 2707 1394 122 ¶ Il me desplait que ce mot de fortune est/

228 2808 1382 101 souuent intersere ⁊ mis en ces liures: ⁊ de ceq̃

219 2877 1382 127 iay beaucoup dõne de lieu aux sciẽces libera¬

499 139 1022 172 de diat/. Chas̃.x5.

1641 188 192 100 220

1651 311 244 116 Ro.7.d

1619 1036 258 127 Les hy¬

1613 1131 249 107 storiens

1607 1205 279 119 aussi sõt

1604 1303 285 107 deceuz en

1613 1392 270 104 plusieͬs

1628 1460 249 125 choses.

1628 2114 273 121 Il fault

1625 2203 282 104 uiure se¬

1640 2295 276 115 lon dieu.

912 2954 695 154 Bb .iiii. les/ lesq̃lles

1640 2696 252 121 La ꝯfes¬

1631 2793 267 113 se sainct

1631 2888 231 110 Augu¬

1634 2966 139 124 stin.
