2267 3563
352 152 1128 154 des sainctz. Chap̃.xxii.

154 290 1414 129 par les autres/ que par nous mesmes: si uraye

156 387 1382 115 ment nous nous approchons dune pure ⁊ dili

160 465 1360 122 gente pensee. Mesme aussi celle femme ayant

148 546 1366 121 les disciples priãs pour elle/ ne proffita de riẽs

132 629 1382 127 iusques a ce que de soymesme assistast attirãt

128 712 986 115 a elle la misericorde du seigneur.

233 789 1271 131 ¶ Sainct Iehan Chrysostome au premier

346 884 1073 111 Tome/ en la .u. homelie du premier

372 963 942 117 chapitre de sainct Matthieu.

130 1033 1370 133 ¶ Nous disons ces choses: non pas seulemẽt

118 1134 1382 116 affin q̃ uous le oyez: mais aussi q̃ uous ensuy

115 1208 1385 128 uez ce q̃ uous oyez: ascauoir la force ⁊ la cõstã

118 1285 1382 125 ce ⁊ toute la iustice: affin q̃ nul ne meure par

112 1362 1382 149 desespoir de soymesme/ cõbien aussi que par¬

116 1460 1394 123 auant il fust totallemẽt aneanty de paresse:

128 1543 1384 121 affin que ung chascun de nous ne cõstitue son

110 1627 1436 118 esperãce en autre chose sinon/ apres la miseri¬

112 1710 1420 113 corde du seigneur/ en la sainctete des meurs.

122 1791 1396 121 Car sil na nullement proffite a ceulx icy de

116 1872 1396 119 estre conioinctz a Christ/ ou du pays ou de la

114 1959 1388 123 famille/ ou de proximite/ deuant quilz fussent

102 2044 1396 119 reluisans de leur propre uertu: de quel pardon

89 2114 1426 133 estimõs nous estre dignes/ nous qui nous glo

102 2213 1404 114 rifions des iustes qui nous sont prochains et

108 2290 1388 115 freres/ si nous ne les ensuyuons? Car aussi le

106 2366 1379 137 ꝓphete signifiant la mesme chose/ dit. * Le fre

101 2461 1384 110 re ne rachete point/ lhõme rachetera il? * aus¬

118 2532 1388 131 si quãt Moyses y seroit/ aussi Samuel/ aus¬

115 2627 1397 122 si quãt Hieremias y seroit/ escoute neãtmoins

102 2711 1400 117 quelle chose dieu luy dit. Ne prie pas (dit il)

98 2794 1390 115 poͬce peuple icy: car ie ne te exaulceray point.

100 2874 1386 132 Poͬquoy dõc te esmerueille tu/ sil ne exaul¬

1552 195 178 131 324

1518 1021 264 145 Noꝰ deb

1518 1149 267 109 uõs ensu

1518 1241 264 107 yure les

1518 1318 264 101 uertꝰ des

1512 1398 258 113 sainctz.

1512 2381 276 127 Ps̈.48.b

1512 2494 270 92 Eze.14.e

1527 2562 243 119 hier̃.7.d.

1530 2651 217 101 11.c.14.b

926 2975 554 120 Pp .iiii. ce pas le
