2267 3563
728 310 1382 119 ce pas le suppliãt? Aussi mesme (dit il) quant

732 397 1380 127 Moyses y seroit present et Samuel: neant¬

728 479 1378 122 moins leurs oraisõs faisant req̃ste pour telles

720 568 1392 122 gens ne me plairoit point. Mais a tout le

710 649 1398 122 moins/ si Ezechiel faict suppli cation/ il sera

706 738 1392 113 exaulce. Certainement aussi le seigͬ luy dist.

707 804 1402 125 ◊ Quãt Noe ⁊ Iob ⁊ Danel serdyẽt assistẽs:

728 896 1388 117 si ne deliurerõt ilz point leͬs filz ne leurs fil¬

736 979 1380 121 les. Quãt aussi le patriarche Abraam feroit

740 1068 1364 117 supplication pour ceulx qui en demourãt en

718 1155 1376 109 leurs Uices sans quelque remede sont mala¬

710 1233 1386 116 des: dieu sen yra en delaissant le priant: telle¬

720 1318 1376 103 mẽt quil ne exoulcera point la uoix de celuy

745 1389 1352 116 qui fera pour telz/ intercession? Ne nous at¬

745 1490 1355 104 tendons point donc cõme baillans ⁊ cõme pa¬

742 1570 987 110 resseux/ aux merites des autres.

748 1636 1373 121 ¶ Qui est urayemẽt cestuy/ qͥ auoit consume

754 1722 1361 130 les biẽs de son pere? ⁊c. Dequoy ueritablemẽt

745 1811 1370 118 est cõgneu q̃ si nous sõmes negligens ⁊ pares-

757 1888 1364 134 seux: nous ne pouõs aussi estre sauuez par les

742 1977 1382 117 merites des autres. Mais si nous ueillons

724 2062 1390 109 en nostre entẽdement/ aussi par nous mesmes

746 2141 1360 123 pouuõs noꝰ ce foire: ⁊ uouuõs beaucoup plus

748 2224 1358 123 tost estre asseure par nr̃e suffrage ⁊ supplica¬

750 2311 1366 111 tion/ q̃ par celuy dũg autre. Car aussi dieu ne

752 2391 1376 120 ueult pas donner si tost nr̃e salut aux autres

750 2480 1380 117 qui prient pour nous/ que a nous: affin que de

750 2561 1374 119 ce mesme que nous desirõs/ que son ire soit en

754 2654 1356 107 nous appaisee: nous de ce en uenõs a mieulx

758 2729 1352 121 faire/ ⁊ que en recueillons la cõfidence de bon¬

772 2808 1337 119 ne conscience. UAinsi urayement a il en pitie

766 2883 1346 154 de ceste Chananee? ainsi pareille/ ent donna

441 839 236 97 Eze.14.

445 930 198 115 e.f.g

1096 190 571 126 De lhonneur

451 1404 256 113 Ne noꝰ

451 1499 259 104 attẽdõs

457 1591 267 107 poĩtaux

454 1677 256 89 merites

457 1751 276 104 des aul¬

457 1834 166 92 tres.

457 1909 279 136 Luc.15.c

463 2832 276 104 mat.15.c

472 2918 255 140 Luc.7.g

1843 2973 269 124 il salut
