2267 3563
136 264 1435 136 i◊ saluta la paillarde Lainsi transporta/e le

156 368 1380 124 larrõ de la croix en paradis sans estre flechy

160 457 1265 115 de quelque patron ne de la priere de q̃lcun.

265 534 1142 125 ¶ Cyrille en son thresor/ au .iiii. liure.

582 627 495 95 au .ii. Chapitre.

150 694 1360 131 ¶ Dauantaige ceulx qui sont sainctifiez par

142 779 1382 123 la participation de la sainctete de dieu: il est

156 865 1370 118 uray qͥlz gardent le don/ silz obseruent aussi

152 952 1372 122 les cõmandemẽt: mais iceulx ne peuuẽt sain¬

142 1018 1373 131 ctifier les autres.F Car nul hõme sainct par

142 1113 1373 122 la participation du sainct esprit ne pourra le

136 1199 1379 122 mesme dõner a tous les autres de sa ꝓpre uo¬

139 1279 1382 122 lunte ⁊ puissance: car la fontaine de sainctete

142 1353 1379 131 peult seulemẽt de soymesme eslargir la sain¬

148 1451 1376 122 ctete a ceulx q̃lle ueult. Car noꝰ uoyõs q̃ les

150 1532 1406 124 anges aussi sont sainctz par participation et

148 1619 1422 122 par grace: ⁊ pourtant iamais ne furẽt trouuez

150 1690 1427 121 auoir dõne la (cõctete oux uõmes. Et le bien

162 1771 1408 141 heureux Moyse ne dõna pas luy mesme les¬

154 1855 1393 128 prit aux septãtes anciẽs:mais dieu osta/ cõ¬

156 1941 1378 133 me il est escript) de lesprit qni estoit en Moy¬

156 2028 1376 125 se/ ⁊ leur donna. Ceulx donc qui sont sainctz

154 2112 1388 130 par grace ⁊ participation: il est uerite qͥlz ont

154 2203 1382 118 obtenu le dõ: mais ilz ne le peuuẽt dõner aux

160 2276 1384 125 autres a leur uolunte. Or nest il pas ainsi du

164 2361 1370 127 filz: mais cõme fontaine de sainctete/ de sa pro

162 2444 1382 133 pre puissãce sil sainctifie ses disciples/ disãt.

186 2543 841 101 ◊Receuez le sainct esprit/ ⁊c.

344 2620 1041 121 ¶ Clement/ au .u. liure. a Iacques

607 2713 541 107 frere du seigneur.

172 2775 1388 136 ¶ Ilz estiment urayemẽt estre iuste/ dauoir en

170 2870 1374 140 ueneratiõ/ non point les choses qui sont sai¬

350 138 1138 158 des sainctz. Chap̃.xxii.

1583 145 181 134 325

1595 267 241 133 Luc.23.f

1539 994 270 131 Nulle sa

1539 1107 270 92 ictete ne

1539 1175 270 122 nous est

1542 1273 237 83 donnee

1542 1342 282 109 des hom

1550 1445 167 98 mes.

1568 1766 232 199 Nu.11.f

1570 2503 259 131 Ioã.20.f.

1269 2965 267 105 ctes pour
