2267 3563
730 298 1382 101 ctes pour la ministratiõ du mõde: mais le crea

734 385 1374 109 teur dicelles ⁊ du mõde. Aussi ces choses icy se

724 471 1388 110 resiouyssẽt/ quãt cestuy est hõnore ⁊ adore: ⁊ ne

718 554 1392 109 peuuẽt ueoir q̃ lhõneur du createͬ soit exhibe

714 639 1386 105 a la creature. Car adoration est separee pour

710 722 1390 107 le seul dieu:? leq̃l seul estincree: ⁊ toutes au¬

712 803 1396 103 tres choses sont ses oeuures. Cõme donc cest

730 878 1370 122 le ꝓpre de celuy qͥ seul est sans auoir este faict:

736 977 1380 97 de estre Dieu: ainsi pareillemẽt tout ce qͥ a este

742 1055 1366 95 faict/ nest pas urayemẽt dieu. Nous debuons

712 1138 1380 97 dõc derẽt toutes choses entẽdre la deceptiõ de

724 1220 1361 101 lancien serpen/ ⁊ ses caute leuses suggestions:

716 1310 1372 99 leq̃l cõme par prudẽce uous a deceu: ⁊ comme

736 1393 1354 99 par aucune roison se traine par uoz sens: ⁊ en

744 1472 1360 105 cõmenceãt au chies se glice iusq̃s aux ꝑties in

746 1555 1356 103 teriores/ estimãt ur̃e deceptiõ estre grãt gaing.

1142 1633 584 99 ¶ Au mesme liure.

754 1704 1349 119 ¶ Nous adorõs les ymages uisibles en chon

754 1793 1355 113 neur de Dieu mnuisible: ce qͥ est certes faulx.

754 1876 1361 113 Car si uous uoulez urayemẽt adorer lymage

751 1962 1352 116 de Dieu en biẽ soisant  Hõme uoꝰ adorertez

739 2051 1355 110 la uraye ymage de Dieu en iceluy.? Car en

736 2125 1355 113 tout hõme es uemage de dieu: ⁊ non pas en toꝰ

757 2209 1349 118 est la similitude: mais seulemẽt la ou uame est

757 2298 1349 104 benigne/ ⁊ la pẽsee pure. Si dõc uous uoulez

757 2378 1364 104 urayemẽt hõnorer lymage de dieu: nous uous

757 2470 1364 101 declarons ce qͥ est ueritable? que uous faictes

757 2553 1358 98 biẽ a lhõme qui est faict a lymage de dieu: que

757 2639 1352 95 luy portez hõneur ⁊ reuerence: que uous admi

751 2722 1358 101 nistrez la uiãde a celuy qui a fain/ ⁊ a boire a

751 2802 1352 101 celuy qͥ a soif/ ung uestemẽt a celuy qͥ est nud/

736 2880 1373 133 seruice au malade/ logis a lestrãgie/ ⁊ les ne

487 716 182 107 Dieu

449 807 228 103 seul est

433 896 220 119 incree.

1104 160 571 134 De lhonneur

445 1199 262 134 Geñ.3.a

460 1692 279 131 Rom̃.1.c

460 1796 279 107 Cest cho

466 1882 270 107 se faul¬

448 1971 285 92 ce adoren

448 2054 268 107 les yma

472 2140 128 101 ges.

457 2209 270 106 Quelle

457 2295 279 112 est la ura

466 2399 270 95 ye yma¬

460 2470 279 110 ge de di¬

454 2556 128 92 eu.

457 2630 273 110 La uene

445 2716 279 104 ratiõ de

451 2811 273 95 lymage

454 2886 238 142 de dieu.

1813 2969 303 116 cessitez a
