2267 3563
382 150 1116 138 des sainctz. Chap̃.xxii.

166 287 1410 112 cessitez a celuy qui est mis en la prison: ⁊ ce est

178 376 1382 105 la chose laq̃lle sera urayemẽt reputee estre fai

178 455 1364 101 cte a dieu. Et dautãt uiẽnẽt ces choses a lhõ¬

164 540 1378 107 neur de lymage de dieu: tellemẽt que celuy qui

154 621 1388 107 ne les aura pas faict/ il sera estime auoir faict

152 706 1384 105 contumelie a lymage de dieu. Quelle est donc

154 795 1373 95 cest hõneur de dieu/ de courir dung coste ⁊ dau

166 869 1361 104 tre par les ymages de pierre ⁊ de boys: ⁊ hõno

164 956 1372 104 rer les figures uaines ⁊ sans ames cõme cho¬

160 1039 1380 105 ses diuine: ⁊ mespriser lhõme auq̃l ueritable¬

156 1120 1380 109 mẽt est lymage de dieu? Mesme plꝰ tost soyez

152 1205 1388 107 certain: q̃ celuy qui faict homicide/ ou adulte¬

162 1290 1376 103 re/ ⁊ tout ce qͥ est en la peine ou en liniure des

158 1379 1390 99 hõmes: lymage de dieu est uiolee en toutes tel

162 1452 1388 109 les choses. Car cest grãde infidelite cõtre dieu

166 1536 1396 108 q̃ de blesser lhõe. Quãt dõc tu fais a autruy

160 1621 1429 107 tout ce q̃ tu ne uouldrois point souffrir: tu ma

160 1698 1429 115 cule lymage de dieu de tresmauuaises souillu

172 1781 1404 119 res. Entẽdez donc/ que telle suggestiõ est du ser

174 1866 1382 115 pent qui est muce dedens uous/ lequel uous

172 1949 1378 115 faict acroire q̃ uous pouez estre fideles/ la ou

174 2034 1380 103 uous honnorez les choses insensibles: ⁊ que

170 2118 1386 102 uous nestes point infideles: quãt uous blessez

170 2203 903 112 les sensibles ⁊ raisonnables.

599 2290 592 99 ¶ Au mesme liure.

184 2360 1372 125 ¶ Quelle chose est ueritablemẽt si infidele ne

175 2446 1396 119 si ingrate/ que de obtenir ⁊ receuoir le benefice

184 2532 1396 107 de dieu/ ⁊ en rendre la grace aux boys et aux

181 2618 1405 110 pierres? Pourtant esueillez uous ⁊ entendez a

175 2696 1399 121 ur̃e salut. Certes dieu na que faire de person¬

172 2776 1384 124 ne: et ne requiert riens et nest en riens blesse:

172 2862 1384 139 mais ce sõmes nous qͥ sõmes aydez ou blessez:

1586 148 175 160 326

1547 771 188 125 Psal.

1550 872 185 110 113.c.b

1540 2292 305 95 Cest cho

1571 2366 283 116 se infide

1589 2467 253 86 le de ren

1604 2538 241 116 dre grace

1601 2627 235 98 aux bo¬

1586 2707 244 110 ys ⁊ aux

1571 2808 235 83 pierres.

1571 2880 247 115 Ps̈.15.a

1358 2965 188 115 en ce q̃
