2267 3563
1071 174 562 128 De lhonneur

696 308 1224 119 en ce q̃ nous sõmes gracieux ou ingratz.

847 395 1065 111 ¶ Augustin au .uiii. liure de la cite

1029 486 671 97 de dieu. chap̃. dernier.

690 560 1373 111 ¶ Nous ne ordonnons point de prestres pour

679 641 1380 117 noz martyrs/ ⁊ ne leͬ offrõs poĩt de sacrifices/

679 728 1382 113 poͬce q̃ cest une chose nõ ꝯuenable ⁊ non deue/

685 809 1296 119 ⁊ aussi illicite/ ⁊ laq̃lle on doibt a ung seul.

855 896 1053 109 ¶ Cyprian au .iiii. traicte de la ua¬

1114 977 527 97 nite des ydoles.

704 1055 1357 116 ¶ Quel temple peult auoir dieu duquel tout

694 1142 1363 112 le mõde est le temple? ⁊ ueu que lhõme habite

677 1227 1382 117 en lieu plus ample ⁊ plus large/ poͬquoy eu

689 1312 1364 111 ferme iceluy la puissance dune tant grãde ma

702 1397 909 103 ieste dedens une petite maison?

791 1472 1184 103 ¶ Lactance au .ii. liure des institutions.

706 1553 1357 117 ¶ Dieu est par dessus lhõme ⁊ nest point mis

704 1638 1357 103 icy bas/ mais le fault chercher en la haulte re

712 1722 1351 114 gion: ⁊ pource est certain q̃ religion nest point

706 1803 1368 115 au lieu auquel il y a quelque image. Car si re

710 1886 1374 119 ligion consiste es choses diuines/ ⁊ q̃ ainsi soit

706 1971 1372 109 quil ny a riens de diuin sinon es choses cele¬

702 2056 1368 109 stes. Il fault doncq̃s conclure quil ny a point

712 2147 675 101 de religion es images.

875 2222 968 105 ¶ Athanaise contre les gentilz.

712 2302 1357 112 ¶ Que les gentilz ⁊ payens me dient cõment

706 2387 1368 113 dieu est cõgneu par les images. Est ce par la

712 2472 1364 109 matiere qui est au dehors/ ou par la forme ⁊ fi

716 2557 1366 111 gure qui est taillee ⁊ mise dedẽs la matiere? Si

718 2640 1370 101 cest poͬ la matiere/ quelle necessite est de faire

720 2721 1372 111 la forme ou figure? Cõe ainsi soit q̃ deuãt tel¬

718 2812 1370 99 les pourtraictures fussent faictes/ dieu estoit

718 2903 1358 119 monstre ⁊ declare par le moyen de toutes ma¬

1734 2977 342 104 tieres/ ueu
