2267 3563
374 166 1084 163 des sainctz. Cha.xxii.

174 318 1411 117 tieres/ ueu q̃ toutes choses baillent tesmoigna

184 405 1384 115 ge de la gloire de dieu? Si la pourtraicture est

178 490 1368 117 cause de la congnoissance diuine/ quest il be¬

172 574 1368 112 soing de la paincture ne de quelconque autre

156 657 1390 113 matiere/ ⁊ pourquoy ne uient on point a la cõ

162 740 1378 113 gnoissance de dieu par les urayes creatures/

166 831 1366 97 plus tost que par leurs figures ⁊ remẽbrãces?

170 902 1368 111 Car certainemẽt la gloire de dieu seroit plus

162 989 1374 109 cleremẽt cõgneue/ si elle estoit manifestee par

158 1074 1388 111 les creatures raisonnables ⁊ irraisonnables

158 1157 1388 115 que par celles qui sont sans ame ⁊ immobiles.

162 1237 1384 120 Quãt dõcques uous taillez ⁊ faictes les ima

168 1324 1378 113 ges ⁊ pourtraictures pour donner a entendre ⁊

162 1405 1382 123 cõgnoistre dieu/ certes uous faictes une chose

172 1502 287 103 indigne.

271 1563 1233 109 ¶ Lactance au .ui. liure de la uraye ado¬

540 1662 703 101 ration. Chap̃. premier.

178 1728 1421 130 ¶ La saincte ⁊ singuliere maieste ne requiert

180 1817 1409 114 autre chose de lhõme que innocence/ laquelle

180 1898 1388 121 sil offre a dieu/ il a assez fidelement ⁊ saincte¬

170 1985 1386 119 mẽt sacrifie. Et au chap̃. secõd Perse se mocq̃

170 2068 1398 117 a bon droict de la superstition des payens/ di¬

178 2149 1392 123 sant. De quel pris acheteras tu les aureilles

176 2238 1386 115 des dieux/ de poulmon ⁊ de trippes grasses.

180 2317 1388 119 Par ce il sentoit quil nestoit point besoing de

184 2401 1390 112 chair pour apaistre la maieste celeste/ mais du

176 2484 1411 113 ne pensee saincte ⁊ dung cueur anobly dhõne¬

192 2563 1403 121 stete naturelle. Telle est la religion celeste/ la¬

188 2648 1411 121 quele ne cõsiste point en choses corruptibles/

182 2733 1419 115 mais en uertꝰ de lame laq̃lle ꝑcede du ciel. Ce

182 2812 1401 125 est le uray seruice/ auquel la pẽsee du seruãt se

190 2897 1332 135 presente soymesme a dieu hostie sans tache.

1574 187 187 133 327

1233 2979 339 164 ¶ Augustin
