2267 3563
892 322 1000 133 ¶ Augustin au dixiesme liure de

1132 423 533 107 la cite de Dieu.

716 492 1370 141 ¶ Ceulx qui sont constituez immortelz ⁊ biẽ

702 577 1388 131 heureux es sieges celestes/ lesq̃lz ensemble se

696 676 1386 119 resiouy ssent de la participation de leur crea¬

694 748 1380 130 teur/ lesq̃lz sont sermes par leternite diceluy/

708 831 1380 127 ⁊ certains par sa uerite/ ⁊ sainctz par le don di

712 918 1380 121 celuy: a hõne cause ne uuellent pas que mous

720 995 1370 131 faisons a eulx quelque sacrifice: mais seule-

710 1076 1372 133 ment a celuy duquel ilz se congnoissent auec

694 1157 1384 133 nous estre le sacrifice. Car auec eulx sommes

692 1247 1402 128 nous ensemble la cite de dieu/ a laq̃lle est dit

719 1315 1369 148 en lax seaulme.? O cite de Dieu/ choses glo¬

722 1425 838 115 rieuses sont dictes de toy/ ⁊c.

865 1496 1061 129 Theophilacte sur sainct Iehan/ au

1096 1589 610 105 neufiesme chapitre.

726 1658 1350 135 ¶ Considerez aussi cõment il a dit/ q̃ si aucun

722 1739 1360 127 est adorateur de dieu/ incõtinent il a adiouste/

724 1827 1374 124 et qui fera sa uolunte. Car plusieurs adorent

724 1912 1376 124 dieu: mais ilz ne font pas la uolunte de dieu.

724 1989 1367 128 x Mais il faultq̃ tous les deux y soyet/ ascu

710 2066 1375 128 aoic ladoration de dieu/ ⁊ lacõplissemẽt de la

736 2149 1343 137 uolunte diuine: cest odrre la (ou ⁊ les oeuures:

733 2244 1358 134 ou (cõme sainct Paul le nõme) foy ⁊ bõne cõ¬

732 2323 1370 129 sciẽce: ou pour dire plus briefuemẽt/ specula¬

726 2405 1374 124 tiõ ⁊ actiõ. Car adõc ueritablemẽt uit la foy/

739 2488 1361 136 quãt elle a les oeuures plaisantes a dieu/ des¬

728 2577 1366 126 quelles est engẽdree la bonne consciẽce: comme

726 2656 1358 125 mauuaise ꝯsciẽce des mauuaises oeuures. Et

726 2737 1348 135 de rechief adõc uiuẽt les oeuures/ quãt la foy

726 2822 1346 135 est auec: mais quãt lung est separe de lautre/

730 2915 1174 143 adonc sont mortz ⁊ la foy ⁊ les oeuures.

1086 199 565 129 De lhonneur

427 1336 274 157 Ps̈.68.a

427 1974 271 143 La uene

427 2096 256 89 ratiõ de

430 2164 289 107 Dieu est

439 2262 271 101 faire se¬

439 2341 271 89 lõ sa uo

439 2424 220 85 lunte.

433 2508 286 119 1.tim̃.1.d

443 2785 244 116 Iac.2.b

1708 2985 366 126 ¶ Augustin
