2267 3563
273 151 1138 178 des sainctz. Chap̃.xxt.

275 322 1138 113 ¶ Augustin en la .ii. quinquagene en la

310 409 1060 107 yseaulme . lxxxu. au uerset Garde

364 490 926 109 mon ame/ car ie suis sainct. A.

152 572 1348 108 ¶ Ouant ie oys/ ie suis sainct: ie recongnois

130 651 1366 113 la uoix du Seigneur/ et de ceste part me tire.

124 738 1370 111 Certainement il parle inseparablemẽt de son

126 821 1374 105 corps/ quant il parle ainsi: ⁊ moy oseray ie di

132 908 1368 109 re/ car ie suis sainct? Si ie dis sainct cõe sain¬

132 985 1368 107 ctifiãt: et non ayant affaire de q̃lque sainctifi

124 1072 1376 111 cation: ie suis or gueilleux ⁊ mẽteur. Mais si

116 1152 1376 116 ie dis sainct/ cõme sainctifie/ selon ce qͥ est dit.

121 1226 1370 127 Soyes sainct pourtãt aussi q̃ ie suis saĩctͬ q̃

127 1309 1364 131 les fideles qͥ sõt le corps de Christ soyẽt assez

121 1395 1373 122 hardis ⁊ aussi que q̃lque autre hõme criãt des

130 1490 1376 116 fins de la terre auec sõ chief ⁊ soubz son chief

134 1569 1396 113 soit assez hordy de dire q̃cie (uis sainct. Car il

115 1656 1427 113 a receu la grace de saĩctete/ la grace de baptes¬

120 1730 1410 120 me ⁊ de remissiõ des pechez. Et auez urayemẽt

124 1817 1390 118 este telles choses/ dit lapomte/ en/ 1obrom pl¬¬

126 1900 1376 124 sieurs pechez ⁊ pesamtz ⁊ legiers/ ⁊ usitez ⁊ hor

116 1989 1386 117 ribles.7 Et auez urayement este telles choses:

116 2066 1388 119 mais uoꝰ estes lauez: ⁊ estes saĩctifiez. Si dõc

114 2149 1396 125 il les appelle saĩctifiez/ q̃ ung chascũ fidele die

112 2234 1394 123 ie suis sainct. Ceste chose nest pas lorgueil du

122 2319 1372 121 p̃sumptueux: mais est la cõfesse de celuy qui

112 2405 1385 112 nest pas ingrat.◊ Car si tu dis q̃ de toymesme

109 2482 1388 130 tu es sainct/ t es orgueilleux. De rechief toy

124 2571 1386 119 quies fidele en Christ et membre de Christ: si

112 2642 1403 137 tu dis que tu ne es point sainct: tu es ingrat

114 2735 1404 119 Car aussi dung autre coste tu cõmence a faire

108 2818 1394 115 iniure a nostre seigneur Iesuchrist. Car si toꝰ

110 2901 1378 135 les chrestiens et fideles/ qui sont baptisez en

1540 199 170 121 I28

1506 1214 264 128 Noꝰ noꝰ

1506 1327 261 92 pouuõs

1506 1404 282 95 bien dire

1518 1484 279 107 saĩct par

1542 1561 182 107 Iesu¬

1553 1638 182 122 christ.

1512 1980 255 119 1.cor.6.c.

1509 2381 279 122 Nul ne

1522 2484 279 91 est sainct

1538 2565 196 107 de soy

1536 2654 212 109 mesme.

1259 3016 239 93 Hy ont
