2267 3563
718 312 1386 137 luy ont uestu iceluy (cõme dit lapostre) Uous

726 399 1384 127 tous qui estes baptisez en Christ uous auez ue

730 484 1372 133 stu Christ. Silz sont faictz les mẽbres de son

726 570 1378 136 corps/ ⁊ qͥlz diẽt quilz ne soient pas sainctz ilz

716 651 1386 136 font iniure au chief/ duquel les mẽbres ne sõt

718 742 1384 128 pas sainctz. Regarde maintenant ou tu es: et

736 822 1370 140 prẽs la dignite de tõ chief. Car aussi estois tu

738 908 1376 119 tenebres en toymesme: mais maintenant es

748 979 1367 131 tu lumiere au seigneur. Uous auez aucunes¬

750 1076 1364 125 foys este tenebres/ mais estes uous demourez

722 1154 1390 128 fenebres? Le enluminateur est il uenu a ce que

718 1237 1400 136 uous demourissiez tenebres/ ou affin que fus¬

744 1340 744 114 siez foictz lumiere en luy?

924 1407 1004 121 ¶ Augustin sur sainct Jehan/ au

1047 1490 778 117 xxiii. traicte au .u. Chap̃.

752 1563 1360 141 ¶ Ceste est la religion Chrestienne/ q̃ ung seul

752 1652 1364 129 dieu soit adore/ ⁊ non plusieurs dieux: car riẽs

748 1733 1384 135 ne faict lame biẽheureuse sinõ ung seul dieu.

769 1811 1361 133 4 Elle est faicte bienheureuse par la participa

766 1897 1361 142 tion de dieu: ⁊ lame foible nest pas faicte biẽ¬

748 1977 1388 145 heurense par la parricpartõ dune saĩcte ame

751 2060 1379 143 ⁊ au ssi la saĩcte ame nest pas faicte biẽheureu

758 2149 1366 131 se par la ꝑticipatiõ dungãge: mais si lome foi

750 2230 1380 133 ble quiert destre faicte biẽheureuse/ q̃lle demã¬

756 2315 1380 135 de ce/ dont est faicte la saincte ame biẽheureu¬

764 2395 1372 138 se. Car tu ne seras point faict biẽheureux par

766 2478 1372 142 ung ange: mais tu seras faict bienheureux de

762 2565 1368 136 celuy duquel aussi lange est bienheureux/ ⁊c.

958 2658 1002 125 ¶ Origene sur les Nombres/ au

1178 2741 534 111 xxuii. Chapitre.

766 2808 1356 141 ¶ Ueritablemẽt la parolle qͥ sensuit me espo¬

762 2895 1366 161 uente/ ⁊ me rend timide a parler: que dung tel

445 831 271 148 Eph.5.e

1081 193 564 135 De lhonneur

439 1003 297 125 1.Pe.2.b

508 1831 231 116 Toute

475 1932 246 104 saĩctete

460 2004 276 121 est dung

469 2090 270 139 seul dieu

1904 2985 222 126 grand
