2267 3563
410 299 273 134 1.corĩ.2.a

410 483 282 122 colo.2.b

710 314 1375 122 les/ lesquelles plusieurs sainctz en sont igno¬

690 401 1396 113 rãs/ ⁊ aucuns de ceulx qͥ les scaiuent nen sont

701 478 1387 124 pas sainctz. Et q̃ iay faict memoire des muses

671 568 1421 112 cõe de deesses/ cõbien q̃ ce fut en moy esbatant.

667 651 1425 119 Et de ce q̃ iay dit de plusieͬs philosophes qui

667 734 1417 113 ne stoiẽt pas rẽplis de uraye piete/ que ceulx re

689 823 1286 107 splendissoient en la lumiere de uertu/ ⁊c.

789 902 1236 109 ¶ Hierosme/ au proesme du premier kiure

871 993 1033 101 de son exposition sur leoistre aux

989 1068 788 101 Ephesiens/ au .ix. Tome.

692 1137 1381 115 ¶ O Panlz⁊ Enstochium/ sil ya q̃lque cho¬

674 1226 1411 124 se qui puisse detenir lhõme saige en ceste uie/ ⁊

668 1321 1423 107 qͥ puist persuader de demourer dung franc cou

695 1398 1390 98 rcaige entre les angoisses ⁊ les tribulations de

704 1481 1372 107 ce monde: iestime que ce est le giemier ⁊ princi¬

704 1552 1366 119 pal/ q̃ la meditatiõ ⁊ la sciẽce des esceiptures.

700 1644 1378 109 Et cõme il soit q̃ principalemẽt nous soyons

700 1732 1382 104 differẽs a toutes autres choses ayant ame/ en

696 1819 1398 93 ce que nous sommes de ame raisonnable/ et

707 1891 1381 110 que nous pouuõs parler: ⁊ que toute raison ⁊

692 1980 1387 110 toute parolle soit comenue es liures diuins/

686 2060 1390 113 par lesq̃lz aussi nous congnoissons dieu/ ⁊ ne

663 2147 1409 105 ignorons point la cause pourquoy noꝰ sõmes

667 2232 1405 99 creez / ie mesmerueille que aucuns ont este qui

689 2312 1390 107 en soy dõnant a stolidite ⁊ a dormir nont pas

696 2393 1394 109 uoulu apprendre les choses excellentes/ mes¬

692 2480 1402 95 me ont estime ⁊ estimẽt tous ceulx qui ont tel¬

696 2561 1390 107 les estudes estre a reprendre. Ausquelz cõbien

694 2646 1392 105 que ie puisse respondre plus estroictement/ et

696 2729 1382 103 briefuement les delaisser ou offensez ou ap¬

707 2805 1357 116 paisez/ ie dis quil uault beaucoup myeulx

681 2897 1388 119 de lire les escriptures/ que de anheler en assem

940 174 845 134 Lutilite de la parolle

389 1140 270 118 A quoy

377 1238 243 110 proffĩte

377 1327 264 104 la medi¬

389 1401 282 107 tatiõ des

398 1490 279 110 escriptu

404 1585 151 104 res.

401 1873 243 128 Ps̈.1.a

392 1992 252 92 ⁊.118.m

389 2060 246 131 Ioã.5.g

410 2312 258 122 osee.4.b

389 2793 291 140 1.tim̃.6d

1805 2983 265 116 blant ⁊
