2267 3563
334 126 1127 155 des sainctz. Chap̃.xxii.

133 252 1417 160 grand Moyse seruiteur ⁊ amy de Dieu/ auq̃l

136 344 1392 138 Dieu a parle face a face/ par lequel signes et

142 429 1376 135 merueilleuses uertus ont este saictes: tant grã

140 514 1376 135 des choses ⁊ si perilleuses en sont dictes. Car

130 584 1388 155 quelle chose luy dit dieu? * Tu seras aussi (dit

120 684 1412 133 il) mis auec ton peuple/ ainsi que pareillemẽt

128 768 1396 124 ton frere Aaron a este mis en la mõtaigne de

140 851 1378 126 Or. Et expose comme la cause de la mort/ di¬

136 940 1390 126 sant. Pource que uous auez transgresse ma

132 1021 1382 131 parolle au desert de Sin: quant la synago¬

132 1106 1396 125 gue resista de me sainctifier. Uous ne mauez

132 1181 1386 135 point sainctifie deuãt eulx en leaue. Moyses

130 1270 1388 119 donc nen est il pas coulpable? Cestuy aussi a

128 1351 1394 133 encouru le crime de trangression: cestuy aussi

132 1439 1396 124 a este faict subiect au peche. Pourtant croy ie

136 1514 1391 127 que lapostre disoit cõfidentemẽt * que la mort

136 1599 1420 133 a regne depuis Adã iusq̃s a Moyses. Car elle

136 1680 1436 143 sest approchee iusq̃s a Moyse et ne la pas es¬

140 1765 1432 135 pargne. Et pourtãt/ cõme ie pẽse/ disoit il/ que

140 1850 1408 129 peche est entre au monde: ⁊ la mort par le pe¬

134 1933 1390 133 che auq̃l tous ont peche. Et de rechief. * Dieu

133 2022 1397 133 a enclos tous soubz peche/ affin quil ait mer¬

133 2096 1403 133 cy de tous. Mais graces a nostre seigneur Ie¬

136 2182 1400 139 suchrist/ leq̃l nous a deliure du corps de ceste

139 2268 1391 131 mort: tellement que la ou le delict a abonde/ la

152 2355 1378 129 grace y a superabonde. Car comment eut peu

142 2434 1394 135 Moyse deliurer aucun de pechez/ quãt aussi

148 2519 1376 123 a luy mesme est dit: pource q̃ uous auez trans¬

148 2610 1410 129 gresse ma parolle au desert de Sin: et ne ma¬

144 2686 1422 120 uez point sainctifie es eaues deuãt les enfans

140 2767 1422 134 de Israel: affin quil soit a tous manifeste: que

139 2847 1403 157 cestuy seul doibt estre requis leq̃l seul na pas

1542 139 178 110 329

1568 246 259 122 exo.33.b

1539 593 267 128 deu.32.g

1536 1247 243 139 rom̃.3.b

1556 1496 256 131 rom̃.5.c

1552 1939 263 117 Toꝰ hõ¬

1542 2036 270 95 mes sõt

1550 2128 256 89 pecheͬs.

1550 2194 280 104 rom̃.11.d

1547 2280 283 119 rom̃.7.d

1576 2541 255 123 Nu.20.b

1553 2817 265 146 Esa.53.b

1100 2935 438 115 Qq faict de
