2267 3563
726 292 1380 119 faict de peche/ et fraude na pas este trouue en

728 376 412 108 sa bouche/ ⁊c.

811 465 1244 107 ¶ Le mesme Origene/ sur les Nõbres au

859 554 1144 103 xxuiii. chapitre/ en la .xxiti homelie.

728 633 1368 107 ¶ Si lobseruation des sacrifices ⁊ les cõman

706 716 1388 105 demens de la loy instituez/ lesq̃lz furent dõnez

696 807 1408 103 en figure au peuple de Israel/ eussent peu de¬

692 886 1410 103 mourer iusques a maintenãt: sans doubte qͥlz

708 967 1396 105 oussent boute hors la foy de leuãgile: par La¬

724 1047 1378 112 quelle les gentilz sont conuertis a Dieu/ par

736 1134 1343 113 laduenemẽt de nostre seigñr Iesuchrist.? Car

710 1208 1375 122 es choses q̃ alors estoiẽt obsernees y auoit au¬

707 1297 1378 104 cune magnificque religiõ/ ⁊ plaine de toute re

721 1374 1364 113 uerẽce: lac̃de aussi de puime Iace rendoit les re

716 1464 1376 109 gardans tous estõnez. Car qͥ est celuy sil ueoit

716 1545 1394 107 ce quõ appelloit le saĩctuaire/ ⁊ sil ueoit lautel

720 1631 1392 112 ⁊ aussi les prestres debout parfaisant les sacri

726 1714 1382 109 fices ⁊ qͥl regardast tout lordre par lequel tort

718 1799 1388 105 tes choses estoiẽt faictes: quil ne estimast que

718 1882 1386 109 plainemẽt ceste fust la ueneratiõ par laquelle

718 1975 1394 93 dieu createur de toutes choses deburoit estre

708 2048 1392 111 adore ⁊ hõnore du gẽre humain? Mais graces

716 2131 1384 109 soit a la ueuue de christ: leq̃l retirãt noz ames

722 2213 1374 102 de tel regard nous a mene a la cõfideratiõ des

726 2296 1366 112 choses celestes/ ⁊ a la ꝯtẽplatiõ des choses spi

736 2381 1361 110 tuelles: ⁊ a aussi destruit les choses qͥ sẽbloiẽt

733 2449 1376 134 estre grãdes en la terre:? ⁊ a trãsfere la uenera

730 2532 1364 134 tiõ de dieu des choses uisibles aux choses in¬

736 2627 1349 107 uisibles/ et des choses tẽporelles aux eternel¬

733 2716 1355 104 les. Mais aussi en uerite le seigñr Iesuchrist

733 2793 1346 113 demãde les aureilles qͥ escoutẽt telles choses/

719 2874 1215 145 et les yeulx qui regardent telles choses.

1152 158 570 134 De lhonneur

439 1092 277 128 Lexcel¬

442 1214 247 83 lẽce des

430 1288 259 104 cerimo¬

424 1362 283 122 nies ð la

439 1452 166 109 loy.

442 2312 247 152 Ioã.4.c

439 2449 288 107 La uene

433 2523 277 113 ratiõ de

436 2612 283 95 dieu cõsi

439 2704 274 89 ste escho

442 2773 279 133 ses ĩuisi¬

439 2871 167 118 bles.

1704 2977 378 126 ¶ Hierosme
