<?xml version="1.0" encoding="UTF-8"?>
<alto xmlns:xsi="http://www.w3.org/2001/XMLSchema-instance"
      xmlns="http://www.loc.gov/standards/alto/ns-v4#"
      xsi:schemaLocation="http://www.loc.gov/standards/alto/ns-v4# http://www.loc.gov/standards/alto/v4/alto-4-2.xsd">
  <Description>
    <MeasurementUnit>pixel</MeasurementUnit>
    <sourceImageInformation>
      <fileName>242_a41ff_default.jpg</fileName>
      <fileIdentifier>https://www.e-rara.ch/i3f/v20/4106400/full/full/0/default.jpg</fileIdentifier>
    </sourceImageInformation>
  </Description>
  <Tags>
    <OtherTag ID="BT8" LABEL="DamageZone" DESCRIPTION="block type DamageZone"/><OtherTag ID="BT10" LABEL="DropCapitalZone" DESCRIPTION="block type DropCapitalZone"/><OtherTag ID="BT11" LABEL="GraphicZone" DESCRIPTION="block type GraphicZone"/><OtherTag ID="BT12" LABEL="MainZone" DESCRIPTION="block type MainZone"/><OtherTag ID="BT13" LABEL="MarginTextZone" DESCRIPTION="block type MarginTextZone"/><OtherTag ID="BT15" LABEL="NumberingZone" DESCRIPTION="block type NumberingZone"/><OtherTag ID="BT17" LABEL="QuireMarksZone" DESCRIPTION="block type QuireMarksZone"/><OtherTag ID="BT18" LABEL="RunningTitleZone" DESCRIPTION="block type RunningTitleZone"/><OtherTag ID="BT20" LABEL="StampZone" DESCRIPTION="block type StampZone"/><OtherTag ID="BT21" LABEL="TableZone" DESCRIPTION="block type TableZone"/><OtherTag ID="BT22" LABEL="TitlePageZone" DESCRIPTION="block type TitlePageZone"/>
    <OtherTag ID="LT8" LABEL="DefaultLine" DESCRIPTION="line type DefaultLine"/><OtherTag ID="LT9" LABEL="DropCapitalLine" DESCRIPTION="line type DropCapitalLine"/><OtherTag ID="LT10" LABEL="HeadingLine" DESCRIPTION="line type HeadingLine"/><OtherTag ID="LT11" LABEL="InterlinearLine" DESCRIPTION="line type InterlinearLine"/><OtherTag ID="LT311" LABEL="default" DESCRIPTION="line type default"/>
  </Tags>
  <Layout>
    <Page WIDTH="2267"
          HEIGHT="3563"
          PHYSICAL_IMG_NR="242"
          ID="eSc_dummypage_">
      <PrintSpace HPOS="0"
                  VPOS="0"
                  WIDTH="2267"
                  HEIGHT="3563">
        <TextBlock HPOS="373"
                   VPOS="160"
                   WIDTH="1144"
                   HEIGHT="143"
                   ID="eSc_textblock_2a6bb165"
                   TAGREFS="BT18">
          <Shape><Polygon POINTS="373 160 373 303 1517 303 1517 160"/></Shape>
          <TextLine ID="eSc_line_5a0f7cd7"
                    TAGREFS="LT10"
                    BASELINE="392 273 1498 259" 
                    HPOS="390"
                    VPOS="160"
                    WIDTH="1108"
                    HEIGHT="144">
            <Shape><Polygon POINTS="1201 160 1197 160 1160 182 1158 184 1158 182 1136 162 1122 162 1102 162 1083 162 1063 162 1043 164 1029 164 993 184 962 203 825 203 797 188 780 176 778 176 776 176 774 176 772 176 750 186 720 168 706 168 687 168 673 168 641 174 625 170 607 170 588 170 562 190 554 197 512 205 475 203 457 192 421 172 409 172 390 190 392 273 392 285 546 304 548 304 593 302 595 302 597 302 621 285 621 283 736 283 738 283 786 300 788 300 789 300 791 300 859 283 867 281 934 281 936 281 962 294 964 294 966 294 968 294 995 287 1011 298 1013 298 1015 298 1017 298 1019 298 1021 298 1021 296 1039 281 1041 281 1063 296 1065 296 1067 296 1069 296 1071 296 1118 281 1178 296 1180 296 1182 296 1183 296 1229 281 1243 292 1245 292 1247 292 1336 294 1338 294 1457 292 1459 292 1498 277 1498 259 1496 178 1441 160 1439 160 1437 160 1435 160 1379 180 1330 195 1312 180 1306 174 1304 174 1302 174 1300 174 1298 174 1282 180 1279 182 1279 180 1261 164 1261 162 1259 162 1257 162 1241 160 1221 160"/></Shape>
	    <String CONTENT="des sainctz. Chap̃.xxii."
                    HPOS="390"
                    VPOS="160"
                    WIDTH="1108"
                    HEIGHT="144"></String>
          </TextLine>
        </TextBlock>
        <TextBlock HPOS="131"
                   VPOS="299"
                   WIDTH="1464"
                   HEIGHT="2738"
                   ID="eSc_textblock_090379dc"
                   TAGREFS="BT12">
          <Shape><Polygon POINTS="135 316 131 3037 962 2989 1546 2987 1549 2898 1593 2789 1587 1622 1556 1481 1559 729 1588 702 1595 299"/></Shape>
          <TextLine ID="eSc_line_8f076fae"
                    TAGREFS="LT10"
                    BASELINE="263 401 641 385 1564 376" 
                    HPOS="261"
                    VPOS="294"
                    WIDTH="1303"
                    HEIGHT="129">
            <Shape><Polygon POINTS="263 401 263 407 293 421 295 421 296 423 390 423 390 421 392 421 421 407 423 407 429 407 520 419 522 419 524 419 554 407 560 405 572 407 621 415 623 415 625 415 645 407 655 403 667 407 696 415 698 415 700 415 768 407 807 401 843 405 890 413 892 413 894 413 922 405 950 399 1037 405 1092 409 1094 409 1096 409 1098 409 1102 405 1112 399 1160 405 1182 407 1183 407 1197 405 1243 395 1286 405 1300 407 1302 407 1304 407 1310 405 1330 395 1368 405 1372 405 1374 405 1376 405 1383 405 1459 391 1562 403 1564 376 1560 296 1500 294 1498 294 1496 294 1494 294 1492 296 1461 316 1421 316 1385 298 1381 296 1379 296 1378 296 1376 296 1374 296 1372 298 1346 314 1279 308 1277 308 1172 320 1065 302 1045 300 1043 300 1041 300 1039 300 1035 304 1009 324 934 324 890 306 887 304 885 304 883 304 881 304 879 304 879 306 859 326 782 326 724 308 718 306 716 306 714 306 576 308 574 308 568 310 520 332 471 332 449 312 447 310 445 310 443 310 441 310 271 314 261 320"/></Shape>
	    <String CONTENT="¶ Hiero. au .u. Tome sur Esa. au .ii. cha. B."
                    HPOS="261"
                    VPOS="294"
                    WIDTH="1303"
                    HEIGHT="129"></String>
          </TextLine>
          <TextLine ID="eSc_line_fb091283"
                    TAGREFS="LT8"
                    BASELINE="196 484 712 467 1556 457" 
                    HPOS="194"
                    VPOS="391"
                    WIDTH="1362"
                    HEIGHT="115">
            <Shape><Polygon POINTS="196 484 196 496 293 506 295 506 417 494 437 492 441 492 465 502 467 502 469 502 514 492 526 490 546 492 633 500 635 500 685 490 692 488 698 488 742 498 744 498 746 498 748 498 764 488 768 486 782 488 843 496 845 496 847 496 867 486 871 484 890 486 964 494 966 494 968 494 1003 484 1013 482 1029 484 1084 490 1086 490 1150 482 1166 481 1168 482 1180 490 1182 490 1183 490 1185 490 1187 490 1223 481 1235 479 1267 481 1360 486 1362 486 1556 475 1556 457 1550 401 1328 403 1279 391 1277 391 1275 391 1273 391 1245 407 1102 407 1083 393 1081 393 1079 393 1077 393 991 395 989 395 940 411 875 399 873 399 871 399 833 413 764 399 762 399 760 399 758 399 742 411 722 401 720 401 718 401 716 401 714 401 698 413 635 401 633 401 520 421 479 421 461 405 459 405 457 405 455 405 453 405 425 419 401 407 399 407 397 407 225 409 223 409 194 423 196 484"/></Shape>
	    <String CONTENT="¶ Et sa terre est rẽplie de ydoles/ ⁊c. La ou au"
                    HPOS="194"
                    VPOS="391"
                    WIDTH="1362"
                    HEIGHT="115"></String>
          </TextLine>
          <TextLine ID="eSc_line_54426e80"
                    TAGREFS="LT8"
                    BASELINE="190 562 1548 538" 
                    HPOS="188"
                    VPOS="471"
                    WIDTH="1360"
                    HEIGHT="116">
            <Shape><Polygon POINTS="190 562 190 577 298 587 300 587 302 587 304 587 318 576 320 576 322 576 378 585 380 585 382 585 411 574 415 574 423 574 500 583 502 583 504 583 552 572 554 572 556 572 611 581 613 581 722 570 750 579 752 579 754 579 756 579 758 579 776 568 865 577 867 577 985 564 1090 574 1092 574 1094 574 1138 562 1203 572 1205 572 1322 558 1431 568 1433 568 1528 566 1530 566 1532 566 1548 554 1548 538 1544 482 1457 471 1455 471 1453 471 1431 482 1427 484 1413 482 1344 475 1342 475 1340 475 1320 484 1316 486 1304 484 1259 477 1257 477 1255 477 1253 477 1241 486 1237 488 1090 490 1079 488 1049 479 1047 479 1045 479 1043 479 1041 479 1025 488 1021 490 997 488 908 481 906 481 904 481 902 481 902 482 894 490 890 492 871 490 799 482 797 482 710 484 708 484 706 484 694 492 689 496 675 492 641 484 639 484 637 484 576 486 574 486 572 486 564 494 560 498 550 494 528 486 526 486 524 486 459 496 411 502 374 496 332 490 330 490 328 490 298 498 271 504 188 500 190 562"/></Shape>
	    <String CONTENT="tresfoys estoit le tẽple ⁊ la religion de dieu la"
                    HPOS="188"
                    VPOS="471"
                    WIDTH="1360"
                    HEIGHT="116"></String>
          </TextLine>
          <TextLine ID="eSc_line_b7bce39e"
                    TAGREFS="LT8"
                    BASELINE="178 647 883 629 1556 623" 
                    HPOS="176"
                    VPOS="552"
                    WIDTH="1380"
                    HEIGHT="119">
            <Shape><Polygon POINTS="178 647 178 671 293 657 447 665 516 667 518 667 520 667 538 661 570 653 645 659 708 663 710 663 712 663 728 657 744 649 793 655 821 657 823 657 888 651 970 645 980 649 997 657 999 657 1001 657 1003 657 1027 647 1035 645 1063 647 1154 655 1156 655 1231 641 1241 641 1249 641 1310 653 1312 653 1314 653 1362 641 1536 645 1538 645 1540 645 1542 645 1556 635 1556 623 1552 564 1478 552 1477 552 1395 566 1391 566 1385 566 1310 552 1308 552 1235 554 1233 554 1197 570 1193 570 1189 570 1126 556 1124 556 1122 556 1096 570 1021 558 1019 558 944 574 940 574 936 574 888 560 887 560 885 560 883 560 843 576 839 576 837 576 799 562 797 562 795 562 793 562 758 572 718 564 716 564 714 564 712 564 712 566 696 577 643 568 641 568 639 568 637 568 625 579 623 579 611 579 518 572 516 572 514 572 512 572 500 581 498 583 324 583 298 583 219 572 217 572 215 572 176 583 178 647"/></Shape>
	    <String CONTENT="fut collocquee la statue de Adriã/ et lydole de"
                    HPOS="176"
                    VPOS="552"
                    WIDTH="1380"
                    HEIGHT="119"
                    WC="0.9918602469066778"></String>
          </TextLine>
          <TextLine ID="eSc_line_53d7b247"
                    TAGREFS="LT8"
                    BASELINE="172 730 1556 704" 
                    HPOS="170"
                    VPOS="641"
                    WIDTH="1386"
                    HEIGHT="117">
            <Shape><Polygon POINTS="172 730 172 758 255 746 332 754 354 756 356 756 358 756 368 754 407 742 564 748 645 750 647 750 649 750 671 744 704 736 726 742 740 748 742 748 744 748 746 748 748 748 756 742 764 736 914 732 982 736 1094 742 1096 742 1098 742 1122 732 1132 728 1199 730 1445 736 1447 736 1556 718 1556 704 1550 643 1306 653 1298 647 1290 641 1288 641 1286 641 1284 641 1229 649 1217 651 1207 651 1166 643 1164 643 1162 643 1138 651 1122 657 1086 653 1025 645 1023 645 976 655 958 659 952 657 932 647 930 647 928 647 926 647 898 657 887 661 837 659 702 651 700 651 615 663 590 667 510 667 205 661 203 661 201 661 170 671 172 730"/></Shape>
	    <String CONTENT="Iupiter: ce que plusieurs interpretẽt sur ce tes¬"
                    HPOS="170"
                    VPOS="641"
                    WIDTH="1386"
                    HEIGHT="117"
                    WC="0.9840671753883362"></String>
          </TextLine>
          <TextLine ID="eSc_line_699f12d3"
                    TAGREFS="LT8"
                    BASELINE="164 813 991 795 1538 795 1546 795" 
                    HPOS="160"
                    VPOS="709"
                    WIDTH="1385"
                    HEIGHT="137">
            <Shape><Polygon POINTS="163 810 166 846 196 831 415 840 487 840 487 837 502 825 528 837 549 840 585 822 635 834 662 837 828 819 956 834 956 831 974 816 1087 831 1191 813 1521 825 1545 807 1545 792 1539 709 1452 727 1360 712 1345 712 1236 730 1137 715 1063 733 751 721 644 739 401 727 386 745 160 745 163 810"/></Shape>
	    <String CONTENT="moignaige q̃ nous lisõs en leuãgile. * Et quãt"
                    HPOS="160"
                    VPOS="709"
                    WIDTH="1385"
                    HEIGHT="137"></String>
          </TextLine>
          <TextLine ID="eSc_line_4d3fca00"
                    TAGREFS="LT8"
                    BASELINE="180 896 976 878 1546 881" 
                    HPOS="175"
                    VPOS="795"
                    WIDTH="1370"
                    HEIGHT="131">
            <Shape><Polygon POINTS="1527 795 1488 810 1093 804 873 801 870 801 867 801 837 810 811 819 769 813 707 804 704 804 701 804 698 804 698 807 689 816 683 819 638 816 508 807 505 807 502 807 475 822 472 822 460 822 359 810 356 810 175 828 178 893 178 926 1090 899 1539 908 1545 878 1536 795 1527 795"/></Shape>
	    <String CONTENT="uoꝰ uerrez labominatiõ de la desolatiõ estant"
                    HPOS="175"
                    VPOS="795"
                    WIDTH="1370"
                    HEIGHT="131"
                    WC="0.9916559888961467"></String>
          </TextLine>
          <TextLine ID="eSc_line_024a3b53"
                    TAGREFS="LT8"
                    BASELINE="172 979 1546 956" 
                    HPOS="166"
                    VPOS="878"
                    WIDTH="1379"
                    HEIGHT="122">
            <Shape><Polygon POINTS="1244 878 1108 899 1019 881 941 902 861 884 825 905 808 887 796 887 754 902 677 887 555 908 540 908 514 890 502 890 430 911 410 911 303 896 166 914 169 1000 974 1000 974 997 1033 982 1134 994 1247 979 1369 991 1545 970 1536 887 1277 896 1244 878"/></Shape>
	    <String CONTENT="au sainct lieu. Et se sont enclinez a loeuure de"
                    HPOS="166"
                    VPOS="878"
                    WIDTH="1379"
                    HEIGHT="122"
                    WC="0.9916453597446283"></String>
          </TextLine>
          <TextLine ID="eSc_line_692f75f7"
                    TAGREFS="LT8"
                    BASELINE="164 1060 1031 1045 1543 1049" 
                    HPOS="160"
                    VPOS="964"
                    WIDTH="1382"
                    HEIGHT="125">
            <Shape><Polygon POINTS="163 1059 163 1089 707 1071 1078 1080 1111 1080 1114 1080 1123 1080 1227 1065 1253 1077 1256 1077 1259 1077 1375 1062 1536 1074 1542 1048 1539 982 1429 964 1426 964 1423 964 1420 964 1408 976 1393 964 1390 964 1387 964 1384 964 1381 964 1316 982 1313 982 1123 967 1120 967 1117 967 1069 982 644 973 641 973 522 991 516 991 514 991 395 976 392 976 389 976 356 994 350 997 160 997 163 1059"/></Shape>
	    <String CONTENT="leurs mains. * Et lhõme qui est en ame raison"
                    HPOS="160"
                    VPOS="964"
                    WIDTH="1382"
                    HEIGHT="125"></String>
          </TextLine>
          <TextLine ID="eSc_line_478a6d06"
                    TAGREFS="LT8"
                    BASELINE="164 1148 1160 1128 1543 1129" 
                    HPOS="160"
                    VPOS="1048"
                    WIDTH="1382"
                    HEIGHT="121">
            <Shape><Polygon POINTS="163 1146 163 1169 1539 1152 1542 1128 1536 1065 1301 1065 1215 1048 1212 1048 1209 1048 1206 1048 1206 1051 1203 1051 1188 1068 1132 1051 1129 1051 1126 1051 1123 1051 1120 1051 1099 1068 1028 1051 1025 1051 1022 1051 1019 1051 1016 1051 983 1071 918 1054 915 1054 912 1054 757 1074 478 1062 475 1062 472 1062 418 1080 374 1062 371 1062 368 1062 160 1086 163 1146"/></Shape>
	    <String CONTENT="nable a adore laerain ⁊ la pierre. Nous pou¬"
                    HPOS="160"
                    VPOS="1048"
                    WIDTH="1382"
                    HEIGHT="121"
                    WC="0.995334801348773"></String>
          </TextLine>
          <TextLine ID="eSc_line_d344d022"
                    TAGREFS="LT8"
                    BASELINE="164 1227 1098 1211 1547 1212" 
                    HPOS="160"
                    VPOS="1143"
                    WIDTH="1385"
                    HEIGHT="118">
            <Shape><Polygon POINTS="163 1226 163 1250 300 1261 303 1261 306 1261 329 1250 335 1247 335 1250 362 1261 365 1261 368 1261 371 1261 374 1261 389 1247 395 1244 469 1244 493 1247 573 1258 576 1258 751 1241 805 1238 811 1241 823 1252 825 1252 828 1252 831 1255 953 1255 953 1252 1129 1238 1158 1235 1164 1235 1194 1250 1197 1250 1200 1250 1203 1250 1253 1235 1265 1232 1277 1235 1313 1247 1316 1247 1319 1247 1542 1229 1545 1211 1539 1143 160 1146 163 1226"/></Shape>
	    <String CONTENT="uons selon le sẽs Anagogicque aussi dire: que"
                    HPOS="160"
                    VPOS="1143"
                    WIDTH="1385"
                    HEIGHT="118"
                    WC="0.997221465991891"></String>
          </TextLine>
          <TextLine ID="eSc_line_069a3efa"
                    TAGREFS="LT8"
                    BASELINE="164 1312 1162 1294 1547 1296" 
                    HPOS="160"
                    VPOS="1214"
                    WIDTH="1385"
                    HEIGHT="119">
            <Shape><Polygon POINTS="163 1309 163 1333 1164 1333 1164 1330 1542 1309 1545 1294 1539 1214 1111 1232 998 1220 980 1220 977 1220 974 1220 971 1220 944 1235 799 1223 772 1223 769 1223 766 1223 763 1223 733 1238 635 1226 623 1226 620 1226 618 1226 615 1226 561 1241 160 1235 163 1309"/></Shape>
	    <String CONTENT="tout enseignement contraire a uerite/ adore"
                    HPOS="160"
                    VPOS="1214"
                    WIDTH="1385"
                    HEIGHT="119"
                    WC="0.9882873587830122"></String>
          </TextLine>
          <TextLine ID="eSc_line_dc9eca21"
                    TAGREFS="LT8"
                    BASELINE="168 1397 1021 1377 1551 1380" 
                    HPOS="163"
                    VPOS="1303"
                    WIDTH="1387"
                    HEIGHT="119">
            <Shape><Polygon POINTS="166 1395 166 1422 1547 1389 1550 1377 1545 1303 163 1324 166 1395"/></Shape>
	    <String CONTENT="les oeuures de ses mains/ ⁊ constitue les ydo¬"
                    HPOS="163"
                    VPOS="1303"
                    WIDTH="1387"
                    HEIGHT="119"
                    WC="0.9976427244103473"></String>
          </TextLine>
          <TextLine ID="eSc_line_53f08660"
                    TAGREFS="LT8"
                    BASELINE="164 1480 1199 1460 1551 1466" 
                    HPOS="160"
                    VPOS="1377"
                    WIDTH="1390"
                    HEIGHT="131">
            <Shape><Polygon POINTS="1443 1377 1441 1377 1393 1392 1384 1392 1087 1383 1084 1383 1081 1383 1078 1383 1054 1398 1051 1398 1025 1398 695 1389 692 1389 689 1389 686 1389 665 1404 662 1404 638 1404 392 1395 389 1395 160 1410 163 1478 163 1508 1550 1475 1550 1463 1547 1392 1446 1377 1443 1377"/></Shape>
	    <String CONTENT="les en sa terre/ ⁊ q̃ lhõme si encline/ ⁊ q̃ le uiri¬"
                    HPOS="160"
                    VPOS="1377"
                    WIDTH="1390"
                    HEIGHT="131"
                    WC="0.9866184095541636"></String>
          </TextLine>
          <TextLine ID="eSc_line_14e9b991"
                    TAGREFS="LT8"
                    BASELINE="166 1563 1009 1543 1548 1540" 
                    HPOS="164"
                    VPOS="1472"
                    WIDTH="1384"
                    HEIGHT="119">
            <Shape><Polygon POINTS="166 1563 166 1591 289 1589 291 1589 293 1589 304 1579 338 1587 352 1589 354 1589 356 1589 358 1589 360 1587 380 1575 512 1581 584 1585 586 1585 588 1585 599 1579 617 1571 647 1577 671 1583 673 1583 675 1583 677 1583 683 1577 690 1571 712 1577 738 1581 740 1581 772 1575 805 1567 835 1573 873 1579 875 1579 877 1579 892 1571 902 1565 918 1571 942 1577 944 1577 946 1577 1057 1567 1112 1561 1128 1565 1168 1573 1170 1573 1172 1573 1213 1561 1225 1559 1241 1561 1308 1571 1310 1571 1312 1571 1340 1557 1342 1557 1395 1557 1425 1569 1427 1569 1429 1569 1431 1569 1463 1555 1484 1565 1486 1565 1488 1565 1548 1551 1548 1540 1544 1482 1217 1472 1215 1472 1213 1472 1176 1488 1174 1488 1170 1488 1067 1476 1065 1476 1063 1476 1061 1476 1047 1490 954 1492 946 1492 902 1478 900 1478 898 1478 799 1496 791 1496 788 1496 706 1482 704 1482 702 1482 665 1498 663 1498 586 1484 584 1484 487 1486 485 1486 483 1486 483 1488 473 1496 447 1488 445 1488 443 1488 441 1488 439 1488 439 1490 423 1502 346 1490 344 1490 271 1506 267 1506 265 1506 188 1492 186 1492 184 1492 182 1492 164 1502 166 1563"/></Shape>
	    <String CONTENT="le y est abaisse/ ⁊ qͥl ne se peult redresser/ de ce"
                    HPOS="164"
                    VPOS="1472"
                    WIDTH="1384"
                    HEIGHT="119"
                    WC="0.9863190089280789"></String>
          </TextLine>
          <TextLine ID="eSc_line_3618e666"
                    TAGREFS="LT8"
                    BASELINE="166 1646 841 1631 1562 1627" 
                    HPOS="164"
                    VPOS="1553"
                    WIDTH="1398"
                    HEIGHT="129">
            <Shape><Polygon POINTS="166 1646 166 1682 281 1678 283 1678 312 1664 399 1680 401 1680 403 1680 477 1652 601 1652 647 1664 649 1664 651 1664 774 1650 849 1674 851 1674 853 1674 855 1674 902 1648 946 1672 948 1672 950 1674 1001 1674 1019 1674 1019 1672 1021 1672 1114 1646 1148 1654 1150 1654 1152 1654 1229 1644 1302 1660 1304 1660 1306 1660 1348 1642 1397 1642 1478 1664 1480 1664 1482 1666 1560 1666 1562 1627 1558 1567 1449 1553 1447 1553 1342 1555 1340 1555 1306 1567 1300 1569 1292 1567 1251 1557 1249 1557 1247 1557 1245 1557 1243 1557 1231 1567 1229 1571 1160 1571 1138 1569 1075 1559 1073 1559 1029 1569 1025 1569 1021 1569 954 1561 952 1561 950 1561 934 1569 926 1573 912 1569 881 1561 879 1561 877 1561 827 1571 799 1575 780 1571 750 1563 748 1563 746 1563 706 1571 675 1577 621 1571 593 1569 591 1569 590 1569 588 1569 588 1571 586 1571 578 1579 164 1575 166 1646"/></Shape>
	    <String CONTENT="quil est lie du diable/ si le seigñr ne le redresse."
                    HPOS="164"
                    VPOS="1553"
                    WIDTH="1398"
                    HEIGHT="129"></String>
          </TextLine>
          <TextLine ID="eSc_line_f2aa572e"
                    TAGREFS="LT10"
                    BASELINE="265 1755 645 1737 1488 1730" 
                    HPOS="263"
                    VPOS="1656"
                    WIDTH="1225"
                    HEIGHT="121">
            <Shape><Polygon POINTS="265 1777 423 1777 423 1775 425 1775 431 1773 453 1763 556 1771 595 1773 597 1773 599 1773 601 1773 601 1771 603 1769 613 1759 659 1759 780 1767 823 1769 825 1769 881 1765 1021 1753 1083 1753 1090 1761 1094 1763 1094 1765 1096 1765 1098 1765 1100 1765 1102 1765 1116 1761 1150 1751 1201 1759 1229 1763 1231 1763 1233 1763 1243 1759 1259 1751 1486 1753 1488 1730 1486 1672 1453 1656 1451 1656 1449 1656 1447 1656 1417 1670 1379 1662 1378 1662 1314 1672 1298 1660 1296 1660 1294 1660 1193 1656 1191 1656 1189 1656 1150 1674 1102 1662 1100 1662 1098 1662 1096 1662 1065 1678 989 1678 892 1660 890 1660 888 1660 839 1674 795 1666 793 1666 791 1666 760 1682 744 1674 742 1674 740 1674 631 1684 574 1666 572 1666 570 1666 568 1666 504 1688 425 1688 399 1670 397 1670 395 1670 322 1670 320 1670 318 1670 263 1690 265 1755"/></Shape>
	    <String CONTENT="¶ Le mesme au .u. Tome/ sur Daniel."
                    HPOS="263"
                    VPOS="1656"
                    WIDTH="1225"
                    HEIGHT="121"></String>
          </TextLine>
          <TextLine ID="eSc_line_d9f192fa"
                    TAGREFS="LT10"
                    BASELINE="593 1823 1209 1815" 
                    HPOS="591"
                    VPOS="1745"
                    WIDTH="618"
                    HEIGHT="107">
            <Shape><Polygon POINTS="593 1852 748 1842 825 1846 898 1850 900 1850 902 1850 904 1850 912 1844 920 1840 948 1842 1007 1848 1009 1848 1047 1840 1057 1838 1075 1838 1174 1846 1176 1846 1178 1846 1209 1834 1209 1815 1207 1763 1176 1745 1174 1745 1142 1745 1140 1745 1138 1745 1136 1745 1116 1761 1065 1751 1063 1751 1061 1751 1059 1751 1045 1761 1027 1749 1025 1749 1023 1749 1021 1749 940 1763 900 1749 898 1749 896 1749 815 1759 746 1749 744 1749 742 1749 702 1767 667 1757 665 1757 663 1757 591 1769 593 1823"/></Shape>
	    <String CONTENT="au .iii. Chapitre .C."
                    HPOS="591"
                    VPOS="1745"
                    WIDTH="618"
                    HEIGHT="107"></String>
          </TextLine>
          <TextLine ID="eSc_line_1c967eae"
                    TAGREFS="LT8"
                    BASELINE="170 1969 788 1947 1562 1941" 
                    HPOS="168"
                    VPOS="1846"
                    WIDTH="1394"
                    HEIGHT="147">
            <Shape><Polygon POINTS="170 1969 170 1991 352 1993 354 1993 356 1993 370 1987 394 1973 491 1973 538 1981 576 1989 578 1989 617 1987 619 1987 621 1987 631 1979 643 1971 700 1977 722 1979 724 1979 726 1979 732 1977 750 1967 936 1965 958 1971 982 1977 984 1977 985 1977 1045 1967 1077 1963 1088 1967 1108 1973 1110 1973 1112 1973 1114 1973 1138 1965 1150 1961 1156 1965 1172 1977 1174 1977 1176 1977 1178 1977 1330 1975 1332 1975 1362 1959 1366 1957 1385 1959 1514 1971 1516 1971 1518 1971 1562 1953 1562 1941 1556 1862 1383 1864 1378 1862 1328 1848 1326 1848 1324 1848 1322 1848 1320 1848 1304 1862 1269 1864 1201 1868 1187 1864 1128 1846 1126 1846 1124 1846 1122 1846 1079 1862 993 1854 991 1854 989 1854 950 1868 942 1870 938 1868 926 1858 924 1858 922 1858 920 1858 918 1858 888 1868 869 1876 778 1876 766 1868 750 1856 748 1856 746 1856 702 1854 700 1854 613 1862 611 1862 591 1870 572 1880 548 1872 512 1858 510 1858 508 1858 477 1860 475 1860 473 1860 473 1862 461 1872 451 1884 397 1884 376 1872 352 1862 350 1862 348 1862 168 1874 170 1969"/></Shape>
	    <String CONTENT="¶ Quil te soit notoire Roy/ q̃ nous"
                    HPOS="168"
                    VPOS="1846"
                    WIDTH="1394"
                    HEIGHT="147"></String>
          </TextLine>
          <TextLine ID="eSc_line_8485a236"
                    TAGREFS="LT8"
                    BASELINE="160 2084 740 2064 1546 2056" 
                    HPOS="158"
                    VPOS="1967"
                    WIDTH="1388"
                    HEIGHT="149">
            <Shape><Polygon POINTS="160 2084 160 2116 211 2116 211 2114 213 2114 217 2114 275 2092 293 2106 295 2106 296 2106 298 2106 380 2096 423 2106 443 2110 445 2110 447 2110 449 2110 449 2108 453 2106 463 2096 483 2102 485 2102 487 2102 489 2102 534 2088 570 2102 588 2108 590 2108 591 2108 593 2108 595 2108 603 2100 607 2098 617 2100 653 2106 655 2106 657 2106 659 2106 671 2098 683 2090 702 2096 718 2102 720 2102 722 2102 724 2102 726 2102 734 2096 754 2084 859 2092 873 2092 875 2092 898 2090 1005 2080 1049 2086 1138 2098 1140 2098 1223 2096 1225 2096 1227 2096 1249 2080 1281 2090 1282 2090 1284 2090 1344 2076 1362 2072 1378 2074 1429 2084 1431 2084 1433 2084 1435 2084 1455 2072 1480 2080 1482 2080 1484 2080 1544 2068 1546 2056 1542 1987 1403 1967 1401 1967 1399 1967 1397 1967 1374 1989 1292 1989 1245 1975 1243 1975 1241 1975 1239 1975 1213 1989 1069 1993 1025 1973 1023 1973 1021 1973 962 1975 960 1975 912 1997 910 1997 904 1997 784 1981 782 1981 780 1981 754 1995 698 1979 696 1979 694 1979 576 2003 572 2003 568 2003 479 1983 477 1983 158 2009 160 2084"/></Shape>
	    <String CONTENT="ne adorõs point tes dieux/ ⁊ ne ado¬"
                    HPOS="158"
                    VPOS="1967"
                    WIDTH="1388"
                    HEIGHT="149"
                    WC="0.9970486309077289"></String>
          </TextLine>
          <TextLine ID="eSc_line_253470c7"
                    TAGREFS="LT8"
                    BASELINE="160 2199 760 2181 1554 2175" 
                    HPOS="158"
                    VPOS="2088"
                    WIDTH="1396"
                    HEIGHT="138">
            <Shape><Polygon POINTS="160 2199 160 2213 261 2226 263 2226 405 2220 407 2220 425 2211 433 2209 451 2211 502 2220 504 2220 506 2220 508 2220 518 2211 522 2207 578 2207 586 2211 595 2218 597 2218 599 2218 665 2220 667 2220 750 2209 801 2203 865 2203 877 2209 888 2216 890 2216 892 2216 894 2216 972 2207 1051 2199 1150 2199 1172 2207 1185 2211 1187 2211 1189 2211 1191 2211 1211 2207 1247 2197 1263 2205 1273 2211 1275 2211 1277 2211 1330 2205 1405 2197 1425 2205 1431 2207 1433 2207 1435 2207 1453 2205 1508 2195 1550 2203 1554 2175 1548 2110 1431 2110 1415 2100 1413 2100 1411 2100 1409 2100 1308 2110 1273 2088 1271 2088 1269 2088 1197 2088 1195 2088 1193 2088 1191 2088 1156 2114 1108 2104 1106 2104 1043 2116 954 2092 952 2092 950 2092 885 2094 883 2094 835 2118 772 2100 770 2100 768 2100 766 2100 764 2100 736 2118 700 2096 698 2096 696 2096 694 2096 542 2098 540 2098 469 2116 415 2100 413 2100 411 2100 409 2100 360 2125 285 2125 237 2106 235 2106 233 2106 231 2106 158 2129 160 2199"/></Shape>
	    <String CONTENT="rõs point la statue q̃ tu as esleuee ⁊c."
                    HPOS="158"
                    VPOS="2088"
                    WIDTH="1396"
                    HEIGHT="138"
                    WC="0.9796946906461949"></String>
          </TextLine>
          <TextLine ID="eSc_line_83672b07"
                    TAGREFS="LT8"
                    BASELINE="174 2315 657 2298 1538 2286" 
                    HPOS="170"
                    VPOS="2211"
                    WIDTH="1368"
                    HEIGHT="126">
            <Shape><Polygon POINTS="174 2315 174 2337 358 2325 378 2335 380 2335 382 2335 384 2335 429 2321 621 2327 623 2327 696 2315 887 2325 900 2325 902 2325 904 2325 906 2325 906 2323 922 2311 976 2323 980 2323 982 2323 985 2323 1045 2310 1182 2319 1193 2319 1195 2319 1203 2319 1282 2306 1316 2317 1320 2317 1322 2317 1324 2317 1326 2317 1330 2315 1358 2304 1463 2313 1469 2313 1471 2313 1473 2313 1475 2313 1490 2302 1532 2311 1538 2286 1532 2218 1235 2228 1178 2220 1114 2211 1112 2211 1110 2211 1083 2220 1049 2232 985 2222 942 2214 940 2214 890 2222 795 2238 772 2222 766 2218 764 2218 762 2218 760 2218 732 2222 647 2240 599 2224 597 2224 595 2224 593 2224 572 2232 524 2224 506 2222 504 2222 502 2222 496 2224 467 2238 443 2228 441 2228 439 2228 437 2228 364 2248 340 2248 316 2226 314 2226 312 2226 310 2226 170 2226 174 2315"/></Shape>
	    <String CONTENT="¶ Soit la statue (cõe a trãslate Symmachꝰ)"
                    HPOS="170"
                    VPOS="2211"
                    WIDTH="1368"
                    HEIGHT="126"
                    WC="0.9996501071886583"></String>
          </TextLine>
          <TextLine ID="eSc_line_1835a72d"
                    TAGREFS="LT8"
                    BASELINE="178 2393 908 2375 1538 2369" 
                    HPOS="176"
                    VPOS="2300"
                    WIDTH="1362"
                    HEIGHT="116">
            <Shape><Polygon POINTS="178 2393 178 2416 409 2403 492 2412 504 2412 506 2412 522 2410 633 2399 673 2408 675 2408 677 2408 687 2408 837 2395 1538 2395 1538 2369 1534 2311 1383 2300 1381 2300 1275 2313 1185 2304 1183 2304 1182 2304 1180 2304 1162 2317 1160 2317 1150 2317 1067 2306 1065 2306 1063 2306 1029 2319 1025 2319 1009 2319 865 2310 863 2310 861 2310 835 2321 831 2323 815 2321 724 2311 722 2311 720 2311 694 2323 690 2325 687 2323 663 2317 661 2317 659 2317 538 2327 522 2327 520 2327 508 2315 506 2315 504 2315 502 2315 500 2315 463 2327 457 2331 364 2331 358 2329 328 2319 326 2319 324 2319 322 2319 283 2331 273 2333 257 2331 203 2323 201 2323 199 2323 176 2331 178 2393"/></Shape>
	    <String CONTENT="soit limage dor (cõe toꝰ les autres lõt trãslate)"
                    HPOS="176"
                    VPOS="2300"
                    WIDTH="1362"
                    HEIGHT="116"
                    WC="0.9810747882494559"></String>
          </TextLine>
          <TextLine ID="eSc_line_cef0619e"
                    TAGREFS="LT8"
                    BASELINE="166 2480 740 2462 1546 2456" 
                    HPOS="164"
                    VPOS="2383"
                    WIDTH="1382"
                    HEIGHT="122">
            <Shape><Polygon POINTS="166 2480 166 2492 197 2503 199 2503 201 2505 269 2505 269 2503 271 2503 295 2492 298 2490 318 2492 407 2502 409 2502 411 2502 443 2492 461 2484 584 2484 591 2490 597 2496 599 2496 601 2496 603 2496 605 2496 621 2490 631 2486 641 2490 659 2498 661 2498 663 2498 665 2498 667 2498 667 2496 675 2490 683 2482 696 2490 704 2494 706 2494 708 2494 710 2494 712 2494 718 2490 730 2480 809 2480 849 2488 875 2494 877 2494 879 2494 892 2488 910 2482 993 2488 1053 2492 1055 2492 1057 2492 1059 2492 1065 2488 1081 2478 1213 2474 1302 2474 1314 2486 1316 2486 1318 2486 1320 2486 1326 2486 1417 2474 1433 2484 1435 2484 1437 2484 1439 2486 1546 2486 1546 2456 1542 2393 1488 2383 1486 2383 1484 2383 1461 2393 1449 2401 1294 2401 1284 2397 1267 2385 1265 2385 1263 2385 1261 2385 1096 2387 1094 2387 1092 2387 1077 2399 1051 2389 1049 2389 1047 2389 1045 2389 1005 2401 991 2405 982 2401 954 2389 952 2389 950 2389 948 2389 916 2403 904 2408 803 2408 789 2405 758 2393 756 2393 754 2393 752 2393 706 2407 694 2408 669 2407 566 2395 564 2395 562 2395 536 2408 528 2412 487 2408 366 2399 364 2399 269 2412 241 2416 229 2414 188 2401 186 2401 184 2401 182 2401 180 2401 164 2408 166 2480"/></Shape>
	    <String CONTENT="q̃ uueillons appeller: ceulx qͥ adorẽt dieu ne la"
                    HPOS="164"
                    VPOS="2383"
                    WIDTH="1382"
                    HEIGHT="122"
                    WC="0.9849602854251862"></String>
          </TextLine>
          <TextLine ID="eSc_line_bf55f1d3"
                    TAGREFS="LT8"
                    BASELINE="160 2559 1552 2539" 
                    HPOS="158"
                    VPOS="2470"
                    WIDTH="1394"
                    HEIGHT="115">
            <Shape><Polygon POINTS="160 2559 160 2575 269 2585 271 2585 273 2585 296 2575 302 2573 326 2575 435 2583 437 2583 439 2583 461 2573 463 2573 471 2573 566 2581 568 2581 675 2571 718 2567 754 2569 823 2577 825 2577 827 2577 847 2569 857 2565 902 2569 978 2575 980 2575 982 2575 984 2575 995 2567 1003 2563 1021 2567 1045 2573 1047 2573 1049 2573 1102 2567 1148 2561 1185 2565 1231 2571 1233 2571 1281 2565 1326 2559 1550 2561 1552 2539 1548 2482 1463 2470 1461 2470 1411 2482 1399 2486 1253 2486 1241 2482 1219 2474 1217 2474 1215 2474 1170 2482 1152 2486 1146 2482 1128 2474 1126 2474 1124 2474 1122 2474 1120 2474 1106 2482 1096 2490 928 2490 887 2484 847 2478 845 2478 843 2478 821 2484 793 2492 663 2484 599 2482 597 2482 595 2482 586 2486 556 2496 528 2486 522 2484 520 2484 518 2484 500 2486 407 2498 314 2488 312 2488 310 2488 263 2500 158 2488 160 2559"/></Shape>
	    <String CONTENT="doibuẽt pas adorer. Parquoy les iuges et les"
                    HPOS="158"
                    VPOS="2470"
                    WIDTH="1394"
                    HEIGHT="115"
                    WC="0.9996680829260084"></String>
          </TextLine>
          <TextLine ID="eSc_line_635c0e2d"
                    TAGREFS="LT8"
                    BASELINE="168 2644 1566 2618" 
                    HPOS="166"
                    VPOS="2553"
                    WIDTH="1400"
                    HEIGHT="119">
            <Shape><Polygon POINTS="168 2644 168 2660 259 2672 261 2672 263 2672 265 2672 281 2660 453 2666 455 2666 502 2656 560 2666 562 2666 621 2654 700 2664 702 2664 920 2648 1110 2656 1112 2656 1114 2656 1116 2656 1130 2646 1148 2654 1150 2654 1152 2654 1154 2654 1156 2654 1168 2644 1205 2652 1207 2652 1288 2642 1348 2652 1350 2652 1431 2640 1516 2648 1518 2648 1520 2648 1566 2634 1566 2618 1560 2567 1237 2571 1211 2553 1209 2553 1207 2553 1140 2553 1138 2553 1043 2571 1011 2557 1009 2557 1007 2557 1005 2557 950 2571 930 2561 928 2561 926 2561 924 2561 883 2577 847 2559 845 2559 843 2559 841 2559 807 2573 720 2561 718 2561 716 2561 714 2561 714 2563 698 2575 601 2563 599 2563 520 2565 518 2565 516 2565 489 2585 405 2567 403 2567 401 2567 334 2587 283 2569 281 2569 279 2569 166 2591 168 2644"/></Shape>
	    <String CONTENT="princes du siecle/ qͥ adorẽt les statues ⁊ yma¬"
                    HPOS="166"
                    VPOS="2553"
                    WIDTH="1400"
                    HEIGHT="119"
                    WC="0.9847174646953741"></String>
          </TextLine>
          <TextLine ID="eSc_line_57d56452"
                    TAGREFS="LT8"
                    BASELINE="162 2729 1576 2701" 
                    HPOS="160"
                    VPOS="2636"
                    WIDTH="1416"
                    HEIGHT="123">
            <Shape><Polygon POINTS="162 2729 162 2759 265 2741 510 2739 552 2749 558 2751 560 2751 562 2751 582 2749 687 2735 748 2745 764 2747 766 2747 1086 2739 1088 2739 1098 2737 1130 2727 1162 2735 1176 2737 1178 2737 1180 2737 1182 2737 1185 2733 1201 2725 1239 2733 1247 2733 1249 2733 1263 2731 1330 2723 1340 2729 1344 2735 1346 2735 1348 2735 1350 2735 1385 2729 1407 2725 1415 2727 1429 2733 1431 2733 1433 2733 1435 2733 1437 2733 1443 2727 1451 2721 1467 2727 1478 2731 1480 2731 1482 2731 1574 2723 1576 2701 1566 2636 1552 2646 1488 2638 1475 2638 1473 2638 1471 2638 1467 2640 1443 2648 1385 2642 1352 2638 1350 2638 1348 2638 1346 2638 1340 2642 1332 2650 1320 2644 1304 2636 1302 2636 1300 2636 1255 2646 1247 2646 1237 2646 1170 2638 1168 2638 1166 2638 1126 2648 1102 2654 1084 2650 1053 2642 1051 2642 991 2642 989 2642 987 2642 985 2642 972 2652 968 2654 958 2654 881 2644 879 2644 877 2644 875 2644 875 2646 863 2656 857 2662 750 2662 734 2660 685 2648 683 2648 681 2648 679 2648 663 2662 657 2664 633 2662 550 2654 548 2654 546 2654 544 2654 526 2664 524 2666 518 2666 463 2652 461 2652 459 2652 395 2668 364 2654 362 2654 360 2654 306 2656 304 2656 302 2656 302 2658 287 2672 160 2674 162 2729"/></Shape>
	    <String CONTENT="ges des Empereurs: quilz se entẽdent faire ce"
                    HPOS="160"
                    VPOS="2636"
                    WIDTH="1416"
                    HEIGHT="123"></String>
          </TextLine>
          <TextLine ID="eSc_line_e48eee9d"
                    TAGREFS="LT8"
                    BASELINE="158 2812 1570 2783" 
                    HPOS="156"
                    VPOS="2719"
                    WIDTH="1414"
                    HEIGHT="121">
            <Shape><Polygon POINTS="158 2812 158 2840 227 2840 227 2838 229 2838 231 2838 251 2826 324 2834 342 2836 344 2836 366 2834 449 2822 510 2830 530 2832 532 2832 558 2828 631 2818 687 2826 708 2828 710 2828 712 2828 714 2828 714 2826 716 2824 726 2816 772 2824 793 2826 795 2826 797 2826 799 2826 803 2822 819 2814 930 2820 997 2822 999 2822 1057 2816 1134 2808 1193 2812 1241 2816 1243 2816 1245 2816 1259 2810 1273 2806 1318 2810 1378 2814 1379 2814 1570 2802 1570 2783 1566 2729 1308 2719 1306 2719 1158 2737 1148 2737 1146 2737 1102 2723 1100 2723 1098 2723 1096 2723 1067 2739 1063 2741 938 2741 904 2727 902 2727 900 2727 898 2727 853 2743 851 2743 845 2743 714 2731 712 2731 627 2745 607 2735 605 2735 603 2735 514 2749 435 2737 433 2737 431 2737 397 2751 338 2739 336 2739 334 2739 279 2755 277 2757 156 2757 158 2812"/></Shape>
	    <String CONTENT="que les troys enfans nõt pas uoulu faire de¬"
                    HPOS="156"
                    VPOS="2719"
                    WIDTH="1414"
                    HEIGHT="121"></String>
          </TextLine>
          <TextLine ID="eSc_line_b52677f5"
                    TAGREFS="LT8"
                    BASELINE="158 2893 1544 2868" 
                    HPOS="154"
                    VPOS="2791"
                    WIDTH="1388"
                    HEIGHT="127">
            <Shape><Polygon POINTS="1241 2791 1238 2791 1191 2808 1188 2808 1182 2808 1087 2793 1084 2793 1081 2793 1078 2793 1060 2811 1057 2811 1033 2811 754 2802 751 2802 748 2802 701 2817 653 2802 650 2802 647 2802 546 2820 463 2805 460 2805 457 2805 454 2805 454 2808 436 2823 243 2811 240 2811 154 2829 157 2891 157 2918 1295 2891 1536 2900 1542 2865 1536 2802 1244 2791 1241 2791"/></Shape>
	    <String CONTENT="quoy en furẽt plaisãs a dieu. Et doibt estre no"
                    HPOS="154"
                    VPOS="2791"
                    WIDTH="1388"
                    HEIGHT="127"
                    WC="0.9924704785249672"></String>
          </TextLine>
          <TextLine ID="eSc_line_3f20adc0"
                    TAGREFS="LT8"
                    BASELINE="158 2986 736 2963 1533 2950" 
                    HPOS="154"
                    VPOS="2871"
                    WIDTH="1376"
                    HEIGHT="172">
            <Shape><Polygon POINTS="1277 2871 1191 2888 977 2880 834 2897 796 2883 784 2883 769 2900 742 2886 609 2900 522 2888 398 2909 279 2894 154 2915 157 3043 410 3043 454 3010 505 3031 525 3037 537 3037 594 2995 644 3013 656 3013 677 2998 763 3007 805 2984 1078 2981 1120 3010 1132 3010 1185 2981 1236 3013 1247 3013 1313 2981 1417 2981 1494 3004 1506 3004 1530 2984 1530 2948 1524 2883 1277 2871"/></Shape>
	    <String CONTENT="tee la ꝓpriete/ q̃ adorer les dieux est dit adorer"
                    HPOS="154"
                    VPOS="2871"
                    WIDTH="1376"
                    HEIGHT="172"></String>
          </TextLine>
        </TextBlock>
        <TextBlock HPOS="1595"
                   VPOS="175"
                   WIDTH="182"
                   HEIGHT="131"
                   ID="eSc_textblock_557d498f"
                   TAGREFS="BT15">
          <Shape><Polygon POINTS="1595 175 1595 306 1777 306 1777 175"/></Shape>
          <TextLine ID="eSc_line_9fd94322"
                    TAGREFS="LT8"
                    BASELINE="1605 271 1764 263" 
                    HPOS="1595"
                    VPOS="169"
                    WIDTH="166"
                    HEIGHT="127">
            <Shape><Polygon POINTS="1604 270 1604 296 1761 290 1761 261 1752 175 1595 169 1604 270"/></Shape>
	    <String CONTENT="330"
                    HPOS="1595"
                    VPOS="169"
                    WIDTH="166"
                    HEIGHT="127"></String>
          </TextLine>
        </TextBlock>
        <TextBlock HPOS="1556"
                   VPOS="726"
                   WIDTH="284"
                   HEIGHT="186"
                   ID="eSc_textblock_a744024b"
                   TAGREFS="BT13">
          <Shape><Polygon POINTS="1556 726 1556 912 1840 912 1840 726"/></Shape>
          <TextLine ID="eSc_line_cb1cb131"
                    TAGREFS="LT8"
                    BASELINE="1563 796 1821 807" 
                    HPOS="1559"
                    VPOS="700"
                    WIDTH="259"
                    HEIGHT="146">
            <Shape><Polygon POINTS="1562 795 1559 831 1812 846 1818 804 1812 703 1752 721 1726 706 1714 700 1711 700 1708 700 1562 712 1562 795"/></Shape>
	    <String CONTENT="Matth."
                    HPOS="1559"
                    VPOS="700"
                    WIDTH="259"
                    HEIGHT="146"
                    WC="0.9950728714466095"></String>
          </TextLine>
          <TextLine ID="eSc_line_77fe6bce"
                    TAGREFS="LT8"
                    BASELINE="1563 881 1714 882" 
                    HPOS="1559"
                    VPOS="828"
                    WIDTH="152"
                    HEIGHT="80">
            <Shape><Polygon POINTS="1562 878 1559 908 1708 905 1711 881 1708 828 1562 828 1562 878"/></Shape>
	    <String CONTENT="24.b"
                    HPOS="1559"
                    VPOS="828"
                    WIDTH="152"
                    HEIGHT="80"
                    WC="0.9999527782201767"></String>
          </TextLine>
        </TextBlock>
        <TextBlock HPOS="1557"
                   VPOS="979"
                   WIDTH="279"
                   HEIGHT="525"
                   ID="eSc_textblock_58ef3b5a"
                   TAGREFS="BT13">
          <Shape><Polygon POINTS="1559 979 1557 1504 1836 1504 1836 979"/></Shape>
          <TextLine ID="eSc_line_f35a807e"
                    TAGREFS="LT8"
                    BASELINE="1567 1049 1811 1051" 
                    HPOS="1565"
                    VPOS="959"
                    WIDTH="244"
                    HEIGHT="124">
            <Shape><Polygon POINTS="1565 1048 1565 1083 1809 1071 1809 1048 1809 985 1616 959 1613 959 1610 959 1565 979 1565 1048"/></Shape>
	    <String CONTENT="Noꝰ ne"
                    HPOS="1565"
                    VPOS="959"
                    WIDTH="244"
                    HEIGHT="124"
                    WC="0.9999718268712362"></String>
          </TextLine>
          <TextLine ID="eSc_line_e9e4bcfc"
                    TAGREFS="LT8"
                    BASELINE="1567 1129 1825 1130" 
                    HPOS="1565"
                    VPOS="1065"
                    WIDTH="259"
                    HEIGHT="92">
            <Shape><Polygon POINTS="1565 1128 1565 1157 1824 1157 1824 1128 1824 1068 1565 1065 1565 1128"/></Shape>
	    <String CONTENT="debuons"
                    HPOS="1565"
                    VPOS="1065"
                    WIDTH="259"
                    HEIGHT="92"
                    WC="0.9999870913369315"></String>
          </TextLine>
          <TextLine ID="eSc_line_82a7bded"
                    TAGREFS="LT8"
                    BASELINE="1569 1212 1819 1213" 
                    HPOS="1568"
                    VPOS="1140"
                    WIDTH="250"
                    HEIGHT="115">
            <Shape><Polygon POINTS="1568 1252 1815 1255 1818 1211 1818 1155 1776 1140 1773 1140 1770 1140 1684 1149 1625 1155 1571 1143 1568 1211 1568 1252"/></Shape>
	    <String CONTENT="poĩt ado"
                    HPOS="1568"
                    VPOS="1140"
                    WIDTH="250"
                    HEIGHT="115"
                    WC="0.9999877214431763"></String>
          </TextLine>
          <TextLine ID="eSc_line_6985c00c"
                    TAGREFS="LT8"
                    BASELINE="1569 1297 1807 1298" 
                    HPOS="1565"
                    VPOS="1241"
                    WIDTH="241"
                    HEIGHT="77">
            <Shape><Polygon POINTS="1568 1294 1565 1318 1803 1312 1806 1297 1803 1244 1568 1241 1568 1294"/></Shape>
	    <String CONTENT="rer lae-"
                    HPOS="1565"
                    VPOS="1241"
                    WIDTH="241"
                    HEIGHT="77"
                    WC="0.9451589360833168"></String>
          </TextLine>
          <TextLine ID="eSc_line_9b1049ff"
                    TAGREFS="LT8"
                    BASELINE="1565 1380 1829 1381" 
                    HPOS="1559"
                    VPOS="1303"
                    WIDTH="268"
                    HEIGHT="107">
            <Shape><Polygon POINTS="1562 1377 1559 1410 1824 1410 1827 1380 1827 1306 1562 1303 1562 1377"/></Shape>
	    <String CONTENT="raĩ ne les"
                    HPOS="1559"
                    VPOS="1303"
                    WIDTH="268"
                    HEIGHT="107"></String>
          </TextLine>
          <TextLine ID="eSc_line_dbe120ac"
                    TAGREFS="LT8"
                    BASELINE="1565 1466 1811 1470" 
                    HPOS="1559"
                    VPOS="1392"
                    WIDTH="250"
                    HEIGHT="131">
            <Shape><Polygon POINTS="1562 1463 1559 1514 1666 1499 1803 1523 1809 1469 1809 1401 1562 1392 1562 1463"/></Shape>
	    <String CONTENT="pierres."
                    HPOS="1559"
                    VPOS="1392"
                    WIDTH="250"
                    HEIGHT="131"
                    WC="0.931203082203865"></String>
          </TextLine>
        </TextBlock>
        <TextBlock HPOS="1551"
                   VPOS="2802"
                   WIDTH="281"
                   HEIGHT="267"
                   ID="eSc_textblock_c95ef455"
                   TAGREFS="BT13">
          <Shape><Polygon POINTS="1582 2804 1551 2904 1551 3069 1832 3069 1822 2802"/></Shape>
          <TextLine ID="eSc_line_47065c50"
                    TAGREFS="LT8"
                    BASELINE="1574 2868 1785 2864" 
                    HPOS="1568"
                    VPOS="2779"
                    WIDTH="214"
                    HEIGHT="115">
            <Shape><Polygon POINTS="1571 2865 1571 2894 1779 2883 1782 2862 1773 2779 1568 2782 1571 2865"/></Shape>
	    <String CONTENT="On ne"
                    HPOS="1568"
                    VPOS="2779"
                    WIDTH="214"
                    HEIGHT="115"
                    WC="0.9980005979537964"></String>
          </TextLine>
          <TextLine ID="eSc_line_0c60b350"
                    TAGREFS="LT8"
                    BASELINE="1560 2949 1807 2945" 
                    HPOS="1556"
                    VPOS="2883"
                    WIDTH="250"
                    HEIGHT="83">
            <Shape><Polygon POINTS="1559 2948 1559 2966 1806 2960 1806 2942 1800 2883 1556 2883 1559 2948"/></Shape>
	    <String CONTENT="doibt po"
                    HPOS="1556"
                    VPOS="2883"
                    WIDTH="250"
                    HEIGHT="83"></String>
          </TextLine>
          <TextLine ID="eSc_line_9a5cabd0"
                    TAGREFS="LT8"
                    BASELINE="1560 3040 1815 3028" 
                    HPOS="1553"
                    VPOS="2963"
                    WIDTH="259"
                    HEIGHT="116">
            <Shape><Polygon POINTS="1559 3037 1559 3073 1809 3079 1812 3025 1806 2963 1553 2963 1559 3037"/></Shape>
	    <String CONTENT="int hõno"
                    HPOS="1553"
                    VPOS="2963"
                    WIDTH="259"
                    HEIGHT="116"
                    WC="0.9984993206130134"></String>
          </TextLine>
        </TextBlock>
        <TextBlock HPOS="971"
                   VPOS="2979"
                   WIDTH="576"
                   HEIGHT="102"
                   ID="eSc_textblock_7289a8af"
                   TAGREFS="BT17">
          <Shape><Polygon POINTS="971 2979 971 3081 1545 3081 1547 2989"/></Shape>
          <TextLine ID="eSc_line_2f1ad183"
                    TAGREFS="LT8"
                    BASELINE="985 3050 1431 3046 1533 3041" 
                    HPOS="980"
                    VPOS="2963"
                    WIDTH="550"
                    HEIGHT="145">
            <Shape><Polygon POINTS="983 3049 983 3087 1010 3108 1013 3108 1016 3108 1019 3108 1188 3079 1194 3079 1197 3079 1369 3105 1372 3105 1527 3073 1530 3040 1524 2981 1443 2966 1441 2966 1369 2981 1360 2981 1351 2981 1286 2963 1283 2963 1280 2963 1277 2963 1221 2981 1218 2981 1215 2981 1200 2966 1200 2963 1197 2963 1194 2963 1191 2963 1188 2963 1185 2963 1161 2981 1155 2984 1134 2981 1072 2966 1069 2966 980 2978 983 3049"/></Shape>
	    <String CONTENT="Qq .ii. les yma¬"
                    HPOS="980"
                    VPOS="2963"
                    WIDTH="550"
                    HEIGHT="145"></String>
          </TextLine>
        </TextBlock>
      </PrintSpace>
    </Page>
  </Layout>
</alto>
