<?xml version="1.0" encoding="UTF-8"?>
<alto xmlns:xsi="http://www.w3.org/2001/XMLSchema-instance"
      xmlns="http://www.loc.gov/standards/alto/ns-v4#"
      xsi:schemaLocation="http://www.loc.gov/standards/alto/ns-v4# http://www.loc.gov/standards/alto/v4/alto-4-2.xsd">
  <Description>
    <MeasurementUnit>pixel</MeasurementUnit>
    <sourceImageInformation>
      <fileName>243_a99fc_default.jpg</fileName>
      <fileIdentifier>https://www.e-rara.ch/i3f/v20/4106401/full/full/0/default.jpg</fileIdentifier>
    </sourceImageInformation>
  </Description>
  <Tags>
    <OtherTag ID="BT8" LABEL="DamageZone" DESCRIPTION="block type DamageZone"/><OtherTag ID="BT10" LABEL="DropCapitalZone" DESCRIPTION="block type DropCapitalZone"/><OtherTag ID="BT11" LABEL="GraphicZone" DESCRIPTION="block type GraphicZone"/><OtherTag ID="BT12" LABEL="MainZone" DESCRIPTION="block type MainZone"/><OtherTag ID="BT13" LABEL="MarginTextZone" DESCRIPTION="block type MarginTextZone"/><OtherTag ID="BT15" LABEL="NumberingZone" DESCRIPTION="block type NumberingZone"/><OtherTag ID="BT17" LABEL="QuireMarksZone" DESCRIPTION="block type QuireMarksZone"/><OtherTag ID="BT18" LABEL="RunningTitleZone" DESCRIPTION="block type RunningTitleZone"/><OtherTag ID="BT20" LABEL="StampZone" DESCRIPTION="block type StampZone"/><OtherTag ID="BT21" LABEL="TableZone" DESCRIPTION="block type TableZone"/><OtherTag ID="BT22" LABEL="TitlePageZone" DESCRIPTION="block type TitlePageZone"/>
    <OtherTag ID="LT8" LABEL="DefaultLine" DESCRIPTION="line type DefaultLine"/><OtherTag ID="LT9" LABEL="DropCapitalLine" DESCRIPTION="line type DropCapitalLine"/><OtherTag ID="LT10" LABEL="HeadingLine" DESCRIPTION="line type HeadingLine"/><OtherTag ID="LT11" LABEL="InterlinearLine" DESCRIPTION="line type InterlinearLine"/><OtherTag ID="LT311" LABEL="default" DESCRIPTION="line type default"/>
  </Tags>
  <Layout>
    <Page WIDTH="2267"
          HEIGHT="3563"
          PHYSICAL_IMG_NR="243"
          ID="eSc_dummypage_">
      <PrintSpace HPOS="0"
                  VPOS="0"
                  WIDTH="2267"
                  HEIGHT="3563">
        <TextBlock HPOS="1064"
                   VPOS="155"
                   WIDTH="613"
                   HEIGHT="140"
                   ID="eSc_textblock_a5763899"
                   TAGREFS="BT18">
          <Shape><Polygon POINTS="1064 155 1064 295 1677 295 1677 155"/></Shape>
          <TextLine ID="eSc_line_d233b3ab"
                    TAGREFS="LT10"
                    BASELINE="1086 261 1649 255" 
                    HPOS="1084"
                    VPOS="162"
                    WIDTH="565"
                    HEIGHT="130">
            <Shape><Polygon POINTS="1623 182 1522 174 1520 174 1405 184 1395 184 1368 166 1362 166 1342 164 1322 164 1302 164 1284 162 1247 184 1243 186 1239 184 1180 164 1178 164 1108 164 1106 164 1104 164 1102 164 1102 166 1100 166 1084 209 1086 261 1086 292 1273 279 1294 287 1308 290 1310 290 1312 290 1314 290 1332 285 1344 281 1370 283 1447 290 1449 290 1451 290 1498 279 1550 288 1552 288 1554 288 1577 277 1625 288 1627 288 1629 288 1631 288 1633 288 1649 275 1649 255 1645 190 1639 188"/></Shape>
	    <String CONTENT="De lhonneur"
                    HPOS="1084"
                    VPOS="162"
                    WIDTH="565"
                    HEIGHT="130"
                    WC="0.9991548169742931"></String>
          </TextLine>
        </TextBlock>
        <TextBlock HPOS="665"
                   VPOS="299"
                   WIDTH="1475"
                   HEIGHT="2726"
                   ID="eSc_textblock_9f401957"
                   TAGREFS="BT12">
          <Shape><Polygon POINTS="707 299 708 590 665 840 669 993 698 1126 723 1158 723 1226 691 1274 693 1390 712 1432 717 1491 728 1578 727 1655 710 1714 711 1865 735 1923 734 1994 690 2071 694 2207 738 2252 739 2428 717 3025 2140 3001 2140 299"/></Shape>
          <TextLine ID="eSc_line_2121aad6"
                    TAGREFS="LT8"
                    BASELINE="715 382 2092 382" 
                    HPOS="713"
                    VPOS="288"
                    WIDTH="1378"
                    HEIGHT="127">
            <Shape><Polygon POINTS="713 380 713 409 2088 415 2091 380 2091 311 1833 288 1830 288 1726 302 1687 311 1345 311 1280 296 1247 290 1244 290 1241 290 1221 293 1164 308 1087 293 1057 288 1054 288 1051 288 1039 290 1004 308 989 290 986 290 986 288 983 288 980 288 929 288 927 288 924 288 921 288 921 290 900 311 799 311 778 290 778 288 775 288 772 288 713 288 713 380"/></Shape>
	    <String CONTENT="les images: lesquelles choses ne cõuiẽnent ne"
                    HPOS="713"
                    VPOS="288"
                    WIDTH="1378"
                    HEIGHT="127"
                    WC="0.9864818466470596"></String>
          </TextLine>
          <TextLine ID="eSc_line_1f905eac"
                    TAGREFS="LT8"
                    BASELINE="715 466 1880 461" 
                    HPOS="710"
                    VPOS="391"
                    WIDTH="1167"
                    HEIGHT="107">
            <Shape><Polygon POINTS="713 463 713 498 823 483 1871 489 1877 460 1871 403 710 391 713 463"/></Shape>
	    <String CONTENT="lune ne lautre aux seruiteurs de dieu."
                    HPOS="710"
                    VPOS="391"
                    WIDTH="1167"
                    HEIGHT="107"
                    WC="0.985714609685697"></String>
          </TextLine>
          <TextLine ID="eSc_line_4fa728c3"
                    TAGREFS="LT10"
                    BASELINE="806 551 2013 546" 
                    HPOS="802"
                    VPOS="466"
                    WIDTH="1209"
                    HEIGHT="115">
            <Shape><Polygon POINTS="805 573 2005 581 2011 543 2005 483 1770 466 1767 466 1616 481 1580 466 1577 466 1574 466 1571 466 1530 483 802 483 805 549"/></Shape>
	    <String CONTENT="¶ Au .iiii. Tome de Hierosme en lhome¬"
                    HPOS="802"
                    VPOS="466"
                    WIDTH="1209"
                    HEIGHT="115"></String>
          </TextLine>
          <TextLine ID="eSc_line_889b7752"
                    TAGREFS="LT10"
                    BASELINE="861 635 1914 629" 
                    HPOS="859"
                    VPOS="562"
                    WIDTH="1055"
                    HEIGHT="95">
            <Shape><Polygon POINTS="861 657 1912 657 1914 629 1910 576 1750 576 1728 562 1726 562 1724 562 1722 562 1720 562 1684 574 1671 562 1669 562 1667 562 1615 562 1613 562 1611 562 1556 576 1554 576 1265 564 1263 564 1261 564 1207 577 1205 577 1158 566 1156 566 1154 566 987 577 958 566 956 566 954 566 952 566 950 566 934 577 879 566 877 566 875 566 873 566 859 574 861 635"/></Shape>
	    <String CONTENT="lie de Augustin/ des pasteurs/ au"
                    HPOS="859"
                    VPOS="562"
                    WIDTH="1055"
                    HEIGHT="95"
                    WC="0.9980448267676614"></String>
          </TextLine>
          <TextLine ID="eSc_line_e1d1f371"
                    TAGREFS="LT10"
                    BASELINE="1098 718 1649 714" 
                    HPOS="1096"
                    VPOS="647"
                    WIDTH="553"
                    HEIGHT="101">
            <Shape><Polygon POINTS="1098 738 1140 748 1142 748 1144 748 1146 748 1158 738 1164 734 1302 734 1306 736 1328 744 1330 744 1332 744 1383 734 1393 732 1397 734 1427 746 1429 746 1431 748 1560 748 1560 746 1631 744 1633 744 1635 744 1649 730 1649 714 1643 657 1469 659 1467 659 1445 647 1443 647 1441 647 1393 657 1336 649 1334 649 1332 649 1330 649 1318 659 1261 649 1259 649 1166 661 1128 649 1126 649 1124 649 1122 649 1096 661 1098 718"/></Shape>
	    <String CONTENT="fueillet .cccxxiiii."
                    HPOS="1096"
                    VPOS="647"
                    WIDTH="553"
                    HEIGHT="101"></String>
          </TextLine>
          <TextLine ID="eSc_line_329d3a05"
                    TAGREFS="LT8"
                    BASELINE="694 811 1172 799 2084 799" 
                    HPOS="692"
                    VPOS="722"
                    WIDTH="1392"
                    HEIGHT="113">
            <Shape><Polygon POINTS="2080 734 2055 722 2053 722 2051 722 1906 736 1888 722 1886 722 1884 722 1823 722 1821 722 1819 722 1785 738 1783 738 1698 738 1623 738 1572 724 1570 724 1568 724 1566 724 1564 724 1546 738 1546 740 1413 740 1409 740 1395 730 1393 730 1391 730 1389 730 1320 740 1314 740 1306 740 1156 726 1154 726 1152 726 1150 726 1128 742 1009 742 972 728 970 728 968 728 966 728 932 742 918 730 918 728 916 728 914 728 730 728 728 728 726 728 692 742 694 811 694 835 964 821 1019 831 1035 833 1037 833 1039 833 1045 831 1069 819 1183 819 1199 827 1203 831 1205 831 1207 831 1209 831 1229 827 1271 819 1401 825 1465 827 1467 827 1469 827 1471 827 1475 823 1484 817 1554 823 1643 829 1645 829 1742 819 1772 817 1775 819 1791 829 1793 829 1795 829 1797 829 2001 827 2082 813 2084 799 2082 742 2080 734"/></Shape>
	    <String CONTENT="¶ Ainsi tout autheur de toute erreur soy esle¬"
                    HPOS="692"
                    VPOS="722"
                    WIDTH="1392"
                    HEIGHT="113"
                    WC="0.9871233844238779"></String>
          </TextLine>
          <TextLine ID="eSc_line_35b01279"
                    TAGREFS="LT8"
                    BASELINE="681 886 2092 878" 
                    HPOS="679"
                    VPOS="817"
                    WIDTH="1413"
                    HEIGHT="101">
            <Shape><Polygon POINTS="681 886 681 900 758 912 760 912 807 902 825 918 827 918 829 918 831 918 914 902 918 902 920 902 1029 918 1031 918 1033 918 1073 902 1081 900 1172 902 1356 908 1358 908 1360 908 1376 902 1389 898 1395 902 1405 912 1407 912 1409 912 1411 912 1413 912 1439 904 1457 898 1480 904 1530 914 1532 916 1690 916 1690 914 1692 914 1710 904 1722 898 1734 904 1750 912 1752 912 1754 914 1821 914 1821 912 1823 912 1825 912 1835 904 1847 896 1910 904 1971 912 1973 912 2092 904 2092 878 2088 829 2035 817 2033 817 2031 817 2009 829 2005 831 1837 831 1837 829 1774 817 1772 817 1700 819 1698 819 1696 819 1682 831 1680 833 1556 833 1534 833 1423 819 1421 819 1419 819 1393 829 1134 821 1132 821 1130 821 1102 835 869 835 736 823 734 823 732 823 679 837 681 886"/></Shape>
	    <String CONTENT="uãt par orgueil terrien/ il promet repos aux"
                    HPOS="679"
                    VPOS="817"
                    WIDTH="1413"
                    HEIGHT="101"
                    WC="0.9923862589730157"></String>
          </TextLine>
          <TextLine ID="eSc_line_7a3c06a9"
                    TAGREFS="LT8"
                    BASELINE="687 969 2104 962" 
                    HPOS="685"
                    VPOS="898"
                    WIDTH="1419"
                    HEIGHT="103">
            <Shape><Polygon POINTS="687 969 687 985 746 1001 748 1001 823 989 863 999 865 999 867 999 869 999 896 987 1098 999 1100 999 1102 999 1136 985 1340 999 1342 999 1344 999 1346 999 1362 985 1425 983 1552 997 1554 997 1698 987 1718 997 1720 997 1722 997 1724 997 1726 997 1742 987 1942 995 1944 995 1946 995 1971 981 2069 993 2070 993 2072 993 2104 977 2104 962 2100 910 1819 898 1817 898 1744 912 1469 912 1441 900 1439 900 1437 900 1435 900 1409 910 1338 902 1336 902 1334 902 1332 902 1320 912 1047 902 1045 902 1043 902 1041 902 1025 914 694 904 692 904 690 904 689 904 689 906 687 906 685 906 687 969"/></Shape>
	    <String CONTENT="brebis/ des bõnes pastures: ⁊ aucunesfoys les"
                    HPOS="685"
                    VPOS="898"
                    WIDTH="1419"
                    HEIGHT="103"
                    WC="0.9926512837409973"></String>
          </TextLine>
          <TextLine ID="eSc_line_059dc7fb"
                    TAGREFS="LT8"
                    BASELINE="706 1043 2106 1049" 
                    HPOS="704"
                    VPOS="981"
                    WIDTH="1402"
                    HEIGHT="99">
            <Shape><Polygon POINTS="706 1043 704 1062 726 1076 728 1076 730 1076 732 1076 1039 1064 1077 1064 1090 1066 1176 1078 1178 1078 1225 1068 1233 1066 1332 1066 1340 1068 1354 1078 1356 1078 1358 1078 1360 1078 1490 1070 1585 1066 1647 1074 1704 1080 1706 1080 1708 1080 1726 1074 1740 1070 1892 1076 1979 1080 1981 1080 1983 1080 1985 1080 1987 1078 2005 1068 2080 1068 2098 1080 2106 1049 2104 993 1973 985 1971 985 1928 991 1892 995 1872 991 1853 985 1851 985 1849 985 1813 989 1772 995 1740 989 1718 985 1716 985 1690 989 1651 995 1643 989 1639 985 1639 983 1637 983 1635 983 1633 983 1603 987 1572 993 1506 987 1461 983 1459 983 1378 985 1211 993 1183 985 1174 981 1172 981 1045 981 1043 981 1025 983 968 991 936 983 930 981 928 981 926 981 924 981 922 981 922 983 910 989 900 981 898 981 896 981 815 981 813 981 807 981 754 991 706 981 706 1043"/></Shape>
	    <String CONTENT="brebis trouuẽt la des pastures de la pluye de"
                    HPOS="704"
                    VPOS="981"
                    WIDTH="1402"
                    HEIGHT="99"></String>
          </TextLine>
          <TextLine ID="eSc_line_bbad5708"
                    TAGREFS="LT8"
                    BASELINE="718 1128 2088 1138" 
                    HPOS="716"
                    VPOS="1064"
                    WIDTH="1372"
                    HEIGHT="93">
            <Shape><Polygon POINTS="718 1128 716 1150 2084 1157 2088 1138 2086 1084 1995 1084 1993 1082 1968 1070 1966 1070 1964 1070 1898 1080 1888 1082 1886 1080 1871 1070 1869 1070 1867 1070 1865 1070 1863 1070 1825 1080 1823 1080 1821 1080 1795 1068 1793 1068 1791 1068 1718 1078 1706 1080 1700 1078 1676 1068 1675 1068 1673 1068 1625 1078 1621 1078 1615 1078 1581 1068 1579 1068 1577 1068 1576 1068 1574 1068 1564 1076 1562 1078 1562 1076 1544 1066 1542 1066 1540 1066 1538 1066 1536 1066 1504 1076 1498 1078 1492 1076 1471 1066 1469 1066 1467 1066 1465 1066 1439 1076 1429 1078 1419 1076 1387 1066 1385 1066 1383 1066 1381 1066 1354 1074 1342 1078 1332 1074 1312 1066 1310 1066 1308 1066 1306 1066 1282 1074 1277 1076 1273 1074 1265 1066 1265 1064 1263 1064 1261 1064 1152 1064 1150 1064 1148 1064 1146 1064 1136 1072 1132 1076 1114 1072 1084 1064 1083 1064 1081 1064 1079 1064 1061 1072 1049 1076 718 1068 718 1128"/></Shape>
	    <String CONTENT="dieu: ⁊ non pas de la durete de la montaigne."
                    HPOS="716"
                    VPOS="1064"
                    WIDTH="1372"
                    HEIGHT="93"
                    WC="0.9968867792023552"></String>
          </TextLine>
          <TextLine ID="eSc_line_85042f77"
                    TAGREFS="LT8"
                    BASELINE="735 1218 2080 1215" 
                    HPOS="730"
                    VPOS="1137"
                    WIDTH="1349"
                    HEIGHT="113">
            <Shape><Polygon POINTS="733 1217 733 1241 2073 1250 2079 1214 2073 1157 1892 1140 1889 1140 1886 1140 1883 1140 1883 1143 1871 1155 1868 1157 1729 1157 1720 1152 1696 1137 1693 1137 1690 1137 1687 1137 1684 1137 1634 1152 1616 1155 1604 1149 1571 1137 1568 1137 1565 1137 1562 1137 1530 1149 1512 1155 1482 1149 1438 1140 1435 1140 1295 1146 1108 1155 1084 1143 1072 1137 1069 1137 1066 1137 1033 1143 980 1152 730 1140 733 1217"/></Shape>
	    <String CONTENT="* Car iceulx aussi ont les escriptures ⁊ les sa¬"
                    HPOS="730"
                    VPOS="1137"
                    WIDTH="1349"
                    HEIGHT="113"></String>
          </TextLine>
          <TextLine ID="eSc_line_146daa52"
                    TAGREFS="LT8"
                    BASELINE="708 1302 2088 1302" 
                    HPOS="707"
                    VPOS="1241"
                    WIDTH="1378"
                    HEIGHT="98">
            <Shape><Polygon POINTS="707 1300 707 1327 2082 1339 2085 1300 2085 1241 707 1241 707 1300"/></Shape>
	    <String CONTENT="cremẽs. Ces choses ne uiẽnẽt point des mõtai¬"
                    HPOS="707"
                    VPOS="1241"
                    WIDTH="1378"
                    HEIGHT="98"></String>
          </TextLine>
          <TextLine ID="eSc_line_778cf2c1"
                    TAGREFS="LT8"
                    BASELINE="706 1384 2084 1387" 
                    HPOS="701"
                    VPOS="1324"
                    WIDTH="1381"
                    HEIGHT="89">
            <Shape><Polygon POINTS="704 1383 701 1413 2079 1410 2082 1386 2079 1327 704 1324 704 1383"/></Shape>
	    <String CONTENT="gnes: mais ueu q̃lles sont trouuees es mõtai¬"
                    HPOS="701"
                    VPOS="1324"
                    WIDTH="1381"
                    HEIGHT="89"
                    WC="0.9946529282175977"></String>
          </TextLine>
          <TextLine ID="eSc_line_488022c1"
                    TAGREFS="LT8"
                    BASELINE="725 1469 2084 1466" 
                    HPOS="721"
                    VPOS="1392"
                    WIDTH="1361"
                    HEIGHT="107">
            <Shape><Polygon POINTS="724 1466 724 1499 2079 1493 2082 1463 2076 1410 888 1392 885 1392 882 1392 879 1392 861 1407 772 1395 769 1395 766 1395 721 1410 724 1466"/></Shape>
	    <String CONTENT="gnes/ neãtmois demourẽt mal es mõtaignes."
                    HPOS="721"
                    VPOS="1392"
                    WIDTH="1361"
                    HEIGHT="107"
                    WC="0.999758011915467"></String>
          </TextLine>
          <TextLine ID="eSc_line_5ac6f9f8"
                    TAGREFS="LT8"
                    BASELINE="735 1546 2092 1553" 
                    HPOS="730"
                    VPOS="1484"
                    WIDTH="1361"
                    HEIGHT="95">
            <Shape><Polygon POINTS="733 1543 730 1576 2085 1579 2091 1552 2091 1484 733 1484 733 1543"/></Shape>
	    <String CONTENT="Car en errãt par les mõtaignes ⁊ en delaissãt"
                    HPOS="730"
                    VPOS="1484"
                    WIDTH="1361"
                    HEIGHT="95"
                    WC="0.993827057381471"></String>
          </TextLine>
          <TextLine ID="eSc_line_1755b17e"
                    TAGREFS="LT8"
                    BASELINE="736 1632 2080 1635" 
                    HPOS="730"
                    VPOS="1570"
                    WIDTH="1349"
                    HEIGHT="83">
            <Shape><Polygon POINTS="733 1630 730 1653 2076 1653 2079 1633 2076 1573 733 1570 733 1630"/></Shape>
	    <String CONTENT="le troppeau par les petites mõtaignes/ ilz de¬"
                    HPOS="730"
                    VPOS="1570"
                    WIDTH="1349"
                    HEIGHT="83"
                    WC="0.9917066236759754"></String>
          </TextLine>
          <TextLine ID="eSc_line_a86a541a"
                    TAGREFS="LT8"
                    BASELINE="730 1717 2088 1714" 
                    HPOS="724"
                    VPOS="1638"
                    WIDTH="1361"
                    HEIGHT="110">
            <Shape><Polygon POINTS="727 1716 727 1736 2079 1748 2085 1713 2079 1650 724 1638 727 1716"/></Shape>
	    <String CONTENT="laissẽt lunite: lunite delaisse les multitudes"
                    HPOS="724"
                    VPOS="1638"
                    WIDTH="1361"
                    HEIGHT="110"
                    WC="0.9950478698344941"></String>
          </TextLine>
          <TextLine ID="eSc_line_37f4e5f7"
                    TAGREFS="LT8"
                    BASELINE="730 1796 2094 1799" 
                    HPOS="724"
                    VPOS="1719"
                    WIDTH="1367"
                    HEIGHT="107">
            <Shape><Polygon POINTS="727 1793 724 1826 2088 1823 2091 1796 2088 1736 1931 1736 1931 1733 1916 1722 1916 1719 1913 1719 1910 1719 1907 1719 1904 1719 1862 1733 1859 1733 1824 1719 1821 1719 1818 1719 1815 1719 1761 1733 1755 1733 1735 1719 1732 1719 1729 1719 1726 1719 1628 1731 1610 1733 1592 1731 1515 1719 1512 1719 1455 1731 1438 1733 727 1728 727 1793"/></Shape>
	    <String CONTENT="ꝯtre les liõs ⁊ les loupz. Que dieu dõc les rap"
                    HPOS="724"
                    VPOS="1719"
                    WIDTH="1367"
                    HEIGHT="107"
                    WC="0.9881742864238973"></String>
          </TextLine>
          <TextLine ID="eSc_line_521d0a9c"
                    TAGREFS="LT8"
                    BASELINE="728 1884 2110 1880" 
                    HPOS="726"
                    VPOS="1809"
                    WIDTH="1384"
                    HEIGHT="101">
            <Shape><Polygon POINTS="728 1884 728 1908 853 1898 1279 1898 1284 1902 1290 1908 1292 1908 1294 1908 1296 1908 1324 1902 1348 1898 1370 1902 1415 1910 1417 1910 1510 1908 1512 1908 1514 1908 1524 1900 1528 1896 1538 1900 1560 1908 1562 1908 1564 1908 1566 1908 1593 1900 1607 1896 1714 1898 2084 1908 2086 1908 2088 1908 2090 1908 2110 1894 2110 1880 2106 1827 1900 1809 1898 1809 1807 1825 1785 1809 1783 1809 1781 1809 1740 1809 1738 1809 1736 1809 1704 1827 1593 1827 1548 1811 1546 1811 1544 1811 1542 1811 1506 1825 1433 1817 1431 1817 1326 1827 1320 1827 1316 1827 1237 1811 1235 1811 1162 1827 1142 1811 1140 1811 1138 1811 1136 1811 1067 1821 978 1811 976 1811 974 1811 930 1823 916 1811 914 1811 912 1811 843 1811 841 1811 839 1811 799 1827 799 1829 726 1829 728 1884"/></Shape>
	    <String CONTENT="pelle de la. Quil les rappelle maĩtenãt: uous"
                    HPOS="726"
                    VPOS="1809"
                    WIDTH="1384"
                    HEIGHT="101"
                    WC="0.9970885464485656"></String>
          </TextLine>
          <TextLine ID="eSc_line_cc96ce2f"
                    TAGREFS="LT8"
                    BASELINE="746 1966 885 1963 2106 1965" 
                    HPOS="742"
                    VPOS="1882"
                    WIDTH="1361"
                    HEIGHT="119">
            <Shape><Polygon POINTS="909 1882 742 1897 745 1965 745 2001 2100 1998 2103 1962 2100 1885 912 1882 909 1882"/></Shape>
	    <String CONTENT="orrez celuy qͥ les rappelle. * Mes brebis (dit il)"
                    HPOS="742"
                    VPOS="1882"
                    WIDTH="1361"
                    HEIGHT="119"></String>
          </TextLine>
          <TextLine ID="eSc_line_1bb11e34"
                    TAGREFS="LT8"
                    BASELINE="718 2050 2110 2046" 
                    HPOS="716"
                    VPOS="1981"
                    WIDTH="1394"
                    HEIGHT="99">
            <Shape><Polygon POINTS="718 2050 718 2068 754 2080 756 2080 758 2080 760 2080 795 2070 801 2068 815 2070 890 2078 892 2078 894 2078 918 2070 922 2068 924 2070 940 2080 942 2080 944 2080 946 2080 948 2080 987 2070 997 2068 1142 2068 1144 2070 1154 2080 1156 2080 1158 2080 1160 2080 1207 2070 1223 2068 1229 2072 1243 2078 1245 2078 1247 2078 1320 2072 1362 2068 1370 2072 1385 2080 1387 2080 1389 2080 1471 2072 1498 2070 1556 2072 1663 2078 1665 2078 1667 2078 1678 2074 1694 2066 1766 2074 1813 2078 1815 2078 2108 2074 2110 2046 2106 1995 1950 1981 1948 1981 1946 1981 1944 1981 1928 1993 1876 1983 1874 1983 1807 1993 1779 1981 1777 1981 1775 1981 1774 1981 1726 1993 1643 1981 1641 1981 1639 1981 1603 1995 1496 1995 1453 1981 1451 1981 1449 1981 1447 1981 1445 1981 1433 1993 1403 1983 1401 1983 1399 1983 1255 1995 1239 1983 1237 1983 1235 1983 1233 1983 1170 1993 1114 1983 1112 1983 1110 1983 1069 1995 952 1983 950 1983 873 1993 841 1983 839 1983 837 1983 716 1997 718 2050"/></Shape>
	    <String CONTENT="ont erre sur toute mõtaigne/ ⁊ sur toute haul¬"
                    HPOS="716"
                    VPOS="1981"
                    WIDTH="1394"
                    HEIGHT="99"></String>
          </TextLine>
          <TextLine ID="eSc_line_23ab8796"
                    TAGREFS="LT8"
                    BASELINE="704 2135 2100 2129" 
                    HPOS="702"
                    VPOS="2056"
                    WIDTH="1398"
                    HEIGHT="101">
            <Shape><Polygon POINTS="704 2135 704 2157 2098 2153 2100 2129 2096 2076 1920 2076 1884 2056 1882 2056 1880 2056 1878 2056 1829 2070 1803 2056 1801 2056 1799 2056 1797 2056 1760 2074 1696 2064 1694 2064 1629 2076 1484 2064 1482 2064 1411 2076 1376 2058 1374 2058 1257 2058 1255 2058 1253 2058 1251 2058 1235 2072 1189 2058 1187 2058 1185 2058 1183 2058 1182 2058 1182 2060 1162 2076 1083 2060 1081 2060 999 2072 972 2060 970 2060 857 2060 855 2060 853 2060 851 2060 851 2062 835 2074 748 2064 746 2064 744 2064 702 2078 704 2135"/></Shape>
	    <String CONTENT="te mõtaignette: cestadire sur toute elatiõ ð or¬"
                    HPOS="702"
                    VPOS="2056"
                    WIDTH="1398"
                    HEIGHT="101"></String>
          </TextLine>
          <TextLine ID="eSc_line_a42d0923"
                    TAGREFS="LT8"
                    BASELINE="724 2213 2096 2216" 
                    HPOS="724"
                    VPOS="2145"
                    WIDTH="1372"
                    HEIGHT="93">
            <Shape><Polygon POINTS="724 2213 724 2238 2094 2234 2096 2216 2092 2151 1865 2159 1823 2151 1799 2147 1797 2147 1795 2147 1793 2147 1787 2151 1775 2161 1694 2161 1684 2151 1680 2147 1678 2147 1676 2147 1603 2147 1601 2147 1599 2147 1597 2147 1591 2153 1579 2161 1417 2161 1411 2153 1403 2147 1403 2145 1401 2145 1399 2145 1397 2145 1182 2153 1096 2157 1077 2155 1023 2145 1021 2145 970 2155 958 2157 952 2155 926 2145 924 2145 922 2145 920 2145 900 2155 896 2157 888 2155 849 2145 847 2145 845 2145 843 2145 821 2155 817 2157 724 2157 724 2213"/></Shape>
	    <String CONTENT="gueil terriẽne: mais il ya aussi des bõnes mõ"
                    HPOS="724"
                    VPOS="2145"
                    WIDTH="1372"
                    HEIGHT="93"></String>
          </TextLine>
          <TextLine ID="eSc_line_3bc0b07c"
                    TAGREFS="LT8"
                    BASELINE="745 2299 2102 2294" 
                    HPOS="739"
                    VPOS="2217"
                    WIDTH="1361"
                    HEIGHT="113">
            <Shape><Polygon POINTS="742 2298 742 2321 2094 2330 2100 2292 2094 2235 1827 2217 1824 2217 1821 2217 1818 2217 1818 2220 1803 2235 1610 2235 1565 2217 1562 2217 1559 2217 1556 2217 1512 2232 977 2220 974 2220 739 2238 742 2298"/></Shape>
	    <String CONTENT="taignes. * Iay leue mes yeulx aux mõtaignes"
                    HPOS="739"
                    VPOS="2217"
                    WIDTH="1361"
                    HEIGHT="113"></String>
          </TextLine>
          <TextLine ID="eSc_line_e3aecaf1"
                    TAGREFS="LT8"
                    BASELINE="745 2383 1387 2379 2110 2385" 
                    HPOS="739"
                    VPOS="2301"
                    WIDTH="1370"
                    HEIGHT="115">
            <Shape><Polygon POINTS="742 2381 739 2402 944 2402 977 2416 980 2416 983 2416 2106 2405 2109 2384 2103 2312 950 2315 742 2301 742 2381"/></Shape>
	    <String CONTENT="dõt me uiẽdra ayde? Mais regarde q̃ tõ esperã"
                    HPOS="739"
                    VPOS="2301"
                    WIDTH="1370"
                    HEIGHT="115"
                    WC="0.9994084445797667"></String>
          </TextLine>
          <TextLine ID="eSc_line_9632ee32"
                    TAGREFS="LT8"
                    BASELINE="746 2465 2108 2462" 
                    HPOS="742"
                    VPOS="2387"
                    WIDTH="1364"
                    HEIGHT="116">
            <Shape><Polygon POINTS="745 2464 745 2491 1815 2503 1818 2503 1833 2500 1889 2488 1963 2503 1975 2503 1978 2503 1990 2503 2067 2488 2097 2503 2106 2461 2100 2390 852 2387 849 2387 742 2402 745 2464"/></Shape>
	    <String CONTENT="ce nest pas aux mõtaignes. Mon ayde (dit il)"
                    HPOS="742"
                    VPOS="2387"
                    WIDTH="1364"
                    HEIGHT="116"
                    WC="0.9778723226653205"></String>
          </TextLine>
          <TextLine ID="eSc_line_aec1ec8d"
                    TAGREFS="LT8"
                    BASELINE="745 2549 2118 2549" 
                    HPOS="742"
                    VPOS="2473"
                    WIDTH="1373"
                    HEIGHT="110">
            <Shape><Polygon POINTS="742 2547 742 2583 2115 2571 2115 2547 2115 2488 2082 2473 2079 2473 2076 2473 2073 2473 2070 2473 2053 2488 1191 2473 1188 2473 1185 2473 1155 2488 1126 2473 1123 2473 805 2473 802 2473 799 2473 742 2488 742 2547"/></Shape>
	    <String CONTENT="est du seigͬ qͥ a faict le ciel ⁊ la terre. Ne pense"
                    HPOS="742"
                    VPOS="2473"
                    WIDTH="1373"
                    HEIGHT="110"
                    WC="0.9936112944896405"></String>
          </TextLine>
          <TextLine ID="eSc_line_6b986261"
                    TAGREFS="LT8"
                    BASELINE="745 2629 2108 2632" 
                    HPOS="739"
                    VPOS="2565"
                    WIDTH="1367"
                    HEIGHT="101">
            <Shape><Polygon POINTS="742 2627 739 2663 2100 2666 2106 2630 2100 2565 742 2565 742 2627"/></Shape>
	    <String CONTENT="poĩt q̃ tu faces iiure aux sainctes mõtaignes/"
                    HPOS="739"
                    VPOS="2565"
                    WIDTH="1367"
                    HEIGHT="101"
                    WC="0.9957398201028506"></String>
          </TextLine>
          <TextLine ID="eSc_line_30e68b74"
                    TAGREFS="LT8"
                    BASELINE="736 2717 2098 2711" 
                    HPOS="734"
                    VPOS="2646"
                    WIDTH="1364"
                    HEIGHT="101">
            <Shape><Polygon POINTS="736 2717 736 2731 766 2747 768 2747 770 2747 849 2733 849 2731 1197 2731 1219 2735 1267 2745 1269 2745 1271 2745 1302 2735 1322 2731 1346 2737 1387 2745 1389 2745 1391 2745 1421 2737 1429 2735 1437 2737 1471 2745 1473 2745 1475 2745 1477 2745 1478 2745 1486 2737 1490 2733 1496 2737 1508 2745 1510 2745 1512 2745 1514 2747 1637 2747 1637 2745 1639 2745 1641 2745 1649 2739 1657 2735 1730 2739 1801 2743 1803 2743 1805 2743 1815 2739 1843 2731 1871 2741 1880 2743 1882 2743 1884 2743 2098 2741 2098 2711 2094 2660 1892 2660 1829 2646 1827 2646 1825 2646 1823 2646 1809 2658 1714 2648 1712 2648 1710 2648 1688 2658 1619 2646 1617 2646 1536 2660 1455 2646 1453 2646 1451 2646 1419 2660 1314 2646 1312 2646 1227 2660 1191 2646 1189 2646 1187 2646 1185 2646 1136 2662 1055 2648 1053 2648 974 2658 845 2648 843 2648 734 2664 736 2717"/></Shape>
	    <String CONTENT="quãt tu dis/ mõ ayde nest poĩt des mõtaignes:"
                    HPOS="734"
                    VPOS="2646"
                    WIDTH="1364"
                    HEIGHT="101"></String>
          </TextLine>
          <TextLine ID="eSc_line_a8896be3"
                    TAGREFS="LT8"
                    BASELINE="734 2800 2096 2796" 
                    HPOS="732"
                    VPOS="2727"
                    WIDTH="1364"
                    HEIGHT="101">
            <Shape><Polygon POINTS="734 2800 736 2828 772 2816 797 2828 799 2828 801 2828 803 2828 809 2828 871 2816 1174 2824 1370 2828 1372 2828 1413 2820 1451 2814 1508 2820 1572 2826 1574 2826 1625 2818 1643 2816 1649 2818 1663 2824 1665 2824 1667 2824 1669 2824 1671 2824 1671 2822 1676 2818 1680 2814 1768 2816 2021 2826 2023 2826 2094 2812 2096 2796 2090 2733 1752 2741 1724 2735 1698 2731 1696 2731 1694 2731 1678 2737 1667 2741 1659 2737 1645 2727 1643 2727 1641 2727 1639 2727 1637 2727 1635 2727 1623 2737 1615 2743 1520 2743 1514 2737 1502 2727 1500 2727 1498 2727 1496 2727 1427 2739 1421 2739 1407 2739 1241 2729 1239 2729 1237 2729 1203 2741 1197 2743 1195 2741 1178 2729 1176 2729 1174 2729 1172 2729 1110 2743 1104 2743 1100 2743 1067 2729 1065 2729 1063 2729 954 2739 930 2729 928 2729 926 2729 924 2729 922 2729 910 2741 894 2729 892 2729 890 2729 888 2729 887 2729 843 2745 732 2745 734 2800"/></Shape>
	    <String CONTENT="mais du seigñr qͥ a faict le ciel ⁊ la terre. * Icel"
                    HPOS="732"
                    VPOS="2727"
                    WIDTH="1364"
                    HEIGHT="101"></String>
          </TextLine>
          <TextLine ID="eSc_line_0833994d"
                    TAGREFS="LT8"
                    BASELINE="730 2880 2094 2884" 
                    HPOS="730"
                    VPOS="2812"
                    WIDTH="1364"
                    HEIGHT="103">
            <Shape><Polygon POINTS="730 2880 730 2907 912 2899 958 2909 970 2911 972 2911 974 2911 980 2909 1005 2901 1118 2909 1144 2911 1146 2911 1148 2911 1150 2911 1150 2909 1172 2899 1298 2899 1358 2909 1360 2909 1409 2899 1473 2899 1484 2911 1486 2913 1488 2913 1490 2913 1492 2913 1504 2911 1552 2901 1599 2911 1607 2913 1609 2915 1750 2915 1750 2913 1752 2913 1754 2913 1766 2903 1815 2913 1821 2913 1823 2913 1829 2913 1892 2901 1960 2913 1962 2913 1964 2913 1966 2913 2005 2901 2017 2913 2019 2913 2021 2913 2023 2915 2092 2915 2094 2884 2092 2822 2059 2814 2057 2814 2055 2814 2037 2820 2021 2826 2005 2820 1983 2814 1981 2814 1979 2814 1977 2814 1966 2820 1954 2826 1938 2820 1918 2814 1916 2814 1914 2814 1878 2820 1845 2826 1827 2820 1813 2814 1811 2814 1809 2814 1807 2814 1787 2820 1766 2826 1748 2820 1736 2814 1734 2814 1732 2814 1702 2818 1661 2826 1631 2818 1615 2814 1613 2814 1611 2814 1562 2818 1475 2826 1455 2818 1447 2814 1445 2814 1443 2814 1441 2814 1433 2818 1411 2826 1378 2816 1366 2814 1364 2814 1362 2814 1338 2816 1290 2824 1281 2816 1277 2812 1275 2812 1273 2812 1271 2812 1203 2816 1081 2824 946 2814 904 2812 902 2812 900 2812 898 2812 896 2814 879 2826 815 2826 730 2814 730 2880"/></Shape>
	    <String CONTENT="les mõtaignes crient a toy ceste chose. Cestoit"
                    HPOS="730"
                    VPOS="2812"
                    WIDTH="1364"
                    HEIGHT="103"
                    WC="0.9993840803702673"></String>
          </TextLine>
          <TextLine ID="eSc_line_c07a4751"
                    TAGREFS="LT8"
                    BASELINE="731 2967 2096 2967" 
                    HPOS="730"
                    VPOS="2894"
                    WIDTH="1364"
                    HEIGHT="140">
            <Shape><Polygon POINTS="730 2966 730 3031 867 3010 962 3028 992 3031 995 3031 998 3031 1001 3031 1007 3025 1025 3013 1063 3025 1069 3025 1072 3025 1075 3025 1087 3025 1197 3001 1230 3019 1241 3028 1244 3028 1247 3028 1250 3028 1253 3028 1256 3028 1256 3025 1265 3019 1280 3004 1351 3004 1396 3016 1446 3031 1449 3031 1452 3031 1455 3031 1521 3013 1524 3013 1530 3013 1586 3031 1589 3031 1592 3034 1821 3034 1821 3031 1824 3031 1827 3031 1827 3028 1851 3004 1856 3001 2094 3001 2094 2966 2094 2906 730 2894 730 2966"/></Shape>
	    <String CONTENT="la mõtaigne qͥ cryoit. * Ie oys q̃ diuisiõs sont"
                    HPOS="730"
                    VPOS="2894"
                    WIDTH="1364"
                    HEIGHT="140"></String>
          </TextLine>
        </TextBlock>
        <TextBlock HPOS="408"
                   VPOS="312"
                   WIDTH="296"
                   HEIGHT="280"
                   ID="eSc_textblock_614e981e"
                   TAGREFS="BT13">
          <Shape><Polygon POINTS="408 312 408 592 704 592 704 312"/></Shape>
          <TextLine ID="eSc_line_0b613e7f"
                    TAGREFS="LT8"
                    BASELINE="425 382 700 382" 
                    HPOS="424"
                    VPOS="299"
                    WIDTH="274"
                    HEIGHT="113">
            <Shape><Polygon POINTS="424 380 424 403 695 412 698 380 698 314 641 299 638 299 635 299 424 302 424 380"/></Shape>
	    <String CONTENT="rer ny a¬"
                    HPOS="424"
                    VPOS="299"
                    WIDTH="274"
                    HEIGHT="113"
                    WC="0.9964360064930387"></String>
          </TextLine>
          <TextLine ID="eSc_line_3a3f2897"
                    TAGREFS="LT8"
                    BASELINE="429 467 700 466" 
                    HPOS="424"
                    VPOS="394"
                    WIDTH="274"
                    HEIGHT="95">
            <Shape><Polygon POINTS="427 466 427 489 695 483 698 463 689 394 424 394 427 466"/></Shape>
	    <String CONTENT="dorer les"
                    HPOS="424"
                    VPOS="394"
                    WIDTH="274"
                    HEIGHT="95"
                    WC="0.9999999337726169"></String>
          </TextLine>
          <TextLine ID="eSc_line_861b4339"
                    TAGREFS="LT8"
                    BASELINE="429 552 701 551" 
                    HPOS="427"
                    VPOS="475"
                    WIDTH="271"
                    HEIGHT="115">
            <Shape><Polygon POINTS="427 549 427 584 695 590 698 549 695 475 427 486 427 549"/></Shape>
	    <String CONTENT="images."
                    HPOS="427"
                    VPOS="475"
                    WIDTH="271"
                    HEIGHT="115"
                    WC="0.9999997956412179"></String>
          </TextLine>
        </TextBlock>
        <TextBlock HPOS="422"
                   VPOS="1142"
                   WIDTH="302"
                   HEIGHT="689"
                   ID="eSc_textblock_1f3591ba"
                   TAGREFS="BT13">
          <Shape><Polygon POINTS="422 1142 422 1831 680 1831 677 1673 721 1651 724 1587 711 1538 711 1435 693 1411 690 1337 662 1266 717 1234 718 1153"/></Shape>
          <TextLine ID="eSc_line_31d3d32e"
                    TAGREFS="LT8"
                    BASELINE="435 1219 710 1218" 
                    HPOS="433"
                    VPOS="1107"
                    WIDTH="274"
                    HEIGHT="143">
            <Shape><Polygon POINTS="433 1217 433 1250 707 1235 707 1217 704 1128 585 1131 567 1125 528 1107 525 1107 522 1107 433 1119 433 1217"/></Shape>
	    <String CONTENT="Les he¬"
                    HPOS="433"
                    VPOS="1107"
                    WIDTH="274"
                    HEIGHT="143"
                    WC="0.9860571622848511"></String>
          </TextLine>
          <TextLine ID="eSc_line_600e3e58"
                    TAGREFS="LT8"
                    BASELINE="435 1302 650 1302" 
                    HPOS="433"
                    VPOS="1226"
                    WIDTH="214"
                    HEIGHT="101">
            <Shape><Polygon POINTS="433 1300 433 1321 644 1327 647 1300 644 1226 433 1241 433 1300"/></Shape>
	    <String CONTENT="reticq̃s"
                    HPOS="433"
                    VPOS="1226"
                    WIDTH="214"
                    HEIGHT="101"
                    WC="0.9931675419211388"></String>
          </TextLine>
          <TextLine ID="eSc_line_2ac8ff35"
                    TAGREFS="LT8"
                    BASELINE="429 1383 685 1384" 
                    HPOS="424"
                    VPOS="1300"
                    WIDTH="259"
                    HEIGHT="116">
            <Shape><Polygon POINTS="427 1380 424 1416 680 1416 683 1383 680 1300 427 1324 427 1380"/></Shape>
	    <String CONTENT="ont aus¬"
                    HPOS="424"
                    VPOS="1300"
                    WIDTH="259"
                    HEIGHT="116"
                    WC="0.9760013967752457"></String>
          </TextLine>
          <TextLine ID="eSc_line_f804de30"
                    TAGREFS="LT8"
                    BASELINE="433 1470 706 1469" 
                    HPOS="427"
                    VPOS="1386"
                    WIDTH="277"
                    HEIGHT="131">
            <Shape><Polygon POINTS="430 1469 430 1496 606 1490 632 1511 632 1514 635 1514 638 1514 641 1517 701 1517 704 1466 698 1395 451 1386 448 1386 445 1386 442 1386 427 1398 430 1469"/></Shape>
	    <String CONTENT="si les es¬"
                    HPOS="427"
                    VPOS="1386"
                    WIDTH="277"
                    HEIGHT="131"
                    WC="0.9557305455207825"></String>
          </TextLine>
          <TextLine ID="eSc_line_d2e54076"
                    TAGREFS="LT8"
                    BASELINE="437 1545 670 1546" 
                    HPOS="436"
                    VPOS="1490"
                    WIDTH="232"
                    HEIGHT="89">
            <Shape><Polygon POINTS="436 1543 436 1579 668 1573 668 1543 668 1493 436 1490 436 1543"/></Shape>
	    <String CONTENT="criptu¬"
                    HPOS="436"
                    VPOS="1490"
                    WIDTH="232"
                    HEIGHT="89"
                    WC="0.9991799337523324"></String>
          </TextLine>
          <TextLine ID="eSc_line_a2cebecf"
                    TAGREFS="LT8"
                    BASELINE="441 1631 716 1632" 
                    HPOS="439"
                    VPOS="1567"
                    WIDTH="274"
                    HEIGHT="98">
            <Shape><Polygon POINTS="439 1630 439 1665 713 1656 713 1630 713 1567 439 1567 439 1630"/></Shape>
	    <String CONTENT="res ⁊ les"
                    HPOS="439"
                    VPOS="1567"
                    WIDTH="274"
                    HEIGHT="98"
                    WC="0.9978586965137057"></String>
          </TextLine>
          <TextLine ID="eSc_line_de118e25"
                    TAGREFS="LT8"
                    BASELINE="445 1718 663 1717" 
                    HPOS="442"
                    VPOS="1641"
                    WIDTH="220"
                    HEIGHT="98">
            <Shape><Polygon POINTS="442 1716 442 1739 662 1739 662 1716 662 1659 442 1641 442 1716"/></Shape>
	    <String CONTENT="sacre¬"
                    HPOS="442"
                    VPOS="1641"
                    WIDTH="220"
                    HEIGHT="98"
                    WC="0.9994267125924429"></String>
          </TextLine>
          <TextLine ID="eSc_line_b302f611"
                    TAGREFS="LT8"
                    BASELINE="445 1795 663 1796" 
                    HPOS="442"
                    VPOS="1742"
                    WIDTH="220"
                    HEIGHT="89">
            <Shape><Polygon POINTS="442 1793 442 1831 662 1823 662 1793 662 1742 442 1742 442 1793"/></Shape>
	    <String CONTENT="mens."
                    HPOS="442"
                    VPOS="1742"
                    WIDTH="220"
                    HEIGHT="89"
                    WC="0.9992979407310486"></String>
          </TextLine>
        </TextBlock>
        <TextBlock HPOS="420"
                   VPOS="1891"
                   WIDTH="315"
                   HEIGHT="102"
                   ID="eSc_textblock_3466851d"
                   TAGREFS="BT13">
          <Shape><Polygon POINTS="420 1891 420 1993 731 1989 735 1902"/></Shape>
          <TextLine ID="eSc_line_07944ebb"
                    TAGREFS="LT8"
                    BASELINE="441 1971 725 1966" 
                    HPOS="436"
                    VPOS="1876"
                    WIDTH="288"
                    HEIGHT="134">
            <Shape><Polygon POINTS="439 1968 439 2010 531 2010 534 2010 537 2010 543 2004 558 1992 591 2001 635 2010 638 2010 641 2010 724 1986 724 1965 716 1876 561 1897 537 1891 469 1876 466 1876 463 1876 460 1876 436 1891 439 1968"/></Shape>
	    <String CONTENT="Eze.34b"
                    HPOS="436"
                    VPOS="1876"
                    WIDTH="288"
                    HEIGHT="134"></String>
          </TextLine>
        </TextBlock>
        <TextBlock HPOS="435"
                   VPOS="2224"
                   WIDTH="303"
                   HEIGHT="446"
                   ID="eSc_textblock_d0029437"
                   TAGREFS="BT13">
          <Shape><Polygon POINTS="435 2224 435 2670 729 2670 738 2404 737 2245"/></Shape>
          <TextLine ID="eSc_line_408a49de"
                    TAGREFS="LT8"
                    BASELINE="451 2300 730 2299" 
                    HPOS="448"
                    VPOS="2212"
                    WIDTH="279"
                    HEIGHT="109">
            <Shape><Polygon POINTS="448 2298 448 2321 727 2321 727 2298 727 2235 448 2212 448 2298"/></Shape>
	    <String CONTENT="Ps̈.120a"
                    HPOS="448"
                    VPOS="2212"
                    WIDTH="279"
                    HEIGHT="109"></String>
          </TextLine>
          <TextLine ID="eSc_line_5d1b6913"
                    TAGREFS="LT8"
                    BASELINE="453 2385 730 2383" 
                    HPOS="448"
                    VPOS="2301"
                    WIDTH="279"
                    HEIGHT="118">
            <Shape><Polygon POINTS="499 2301 496 2301 493 2301 448 2318 451 2384 451 2419 724 2405 727 2381 719 2301 561 2315 546 2312 502 2301 499 2301"/></Shape>
	    <String CONTENT="Qui sõt"
                    HPOS="448"
                    VPOS="2301"
                    WIDTH="279"
                    HEIGHT="118"
                    WC="0.9967809319496155"></String>
          </TextLine>
          <TextLine ID="eSc_line_5322629d"
                    TAGREFS="LT8"
                    BASELINE="453 2466 730 2465" 
                    HPOS="451"
                    VPOS="2405"
                    WIDTH="276"
                    HEIGHT="100">
            <Shape><Polygon POINTS="451 2464 451 2505 727 2505 727 2464 727 2407 451 2405 451 2464"/></Shape>
	    <String CONTENT="les mon"
                    HPOS="451"
                    VPOS="2405"
                    WIDTH="276"
                    HEIGHT="100"
                    WC="0.9999997104917254"></String>
          </TextLine>
          <TextLine ID="eSc_line_456add23"
                    TAGREFS="LT8"
                    BASELINE="453 2549 706 2549" 
                    HPOS="451"
                    VPOS="2476"
                    WIDTH="253"
                    HEIGHT="95">
            <Shape><Polygon POINTS="451 2547 451 2571 704 2571 704 2547 701 2476 451 2485 451 2547"/></Shape>
	    <String CONTENT="taignes"
                    HPOS="451"
                    VPOS="2476"
                    WIDTH="253"
                    HEIGHT="95"
                    WC="0.9999227183205741"></String>
          </TextLine>
          <TextLine ID="eSc_line_ec9bcc19"
                    TAGREFS="LT8"
                    BASELINE="453 2628 706 2629" 
                    HPOS="451"
                    VPOS="2571"
                    WIDTH="253"
                    HEIGHT="104">
            <Shape><Polygon POINTS="451 2627 451 2663 570 2660 591 2672 594 2675 597 2675 600 2675 603 2675 606 2675 615 2672 644 2660 698 2675 704 2627 704 2571 451 2571 451 2627"/></Shape>
	    <String CONTENT="de dieu."
                    HPOS="451"
                    VPOS="2571"
                    WIDTH="253"
                    HEIGHT="104"
                    WC="0.9930085688829422"></String>
          </TextLine>
        </TextBlock>
        <TextBlock HPOS="444"
                   VPOS="2904"
                   WIDTH="272"
                   HEIGHT="179"
                   ID="eSc_textblock_335a35fd"
                   TAGREFS="BT13">
          <Shape><Polygon POINTS="444 2904 444 3083 716 3083 716 2904"/></Shape>
          <TextLine ID="eSc_line_15d9b10b"
                    TAGREFS="LT8"
                    BASELINE="451 2967 711 2967" 
                    HPOS="448"
                    VPOS="2888"
                    WIDTH="262"
                    HEIGHT="122">
            <Shape><Polygon POINTS="448 2966 448 3004 707 3010 710 2966 710 2900 511 2888 508 2888 505 2888 448 2903 448 2966"/></Shape>
	    <String CONTENT="1.corin.1."
                    HPOS="448"
                    VPOS="2888"
                    WIDTH="262"
                    HEIGHT="122"
                    WC="0.9506736695766449"></String>
          </TextLine>
          <TextLine ID="eSc_line_ee70209f"
                    TAGREFS="LT8"
                    BASELINE="457 3048 580 3052" 
                    HPOS="455"
                    VPOS="2979"
                    WIDTH="125"
                    HEIGHT="110">
            <Shape><Polygon POINTS="457 3048 455 3083 516 3078 576 3089 580 3052 580 2986 457 2979 457 3048"/></Shape>
	    <String CONTENT="b.c."
                    HPOS="455"
                    VPOS="2979"
                    WIDTH="125"
                    HEIGHT="110"
                    WC="0.9999977052211761"></String>
          </TextLine>
        </TextBlock>
        <TextBlock HPOS="1843"
                   VPOS="2996"
                   WIDTH="264"
                   HEIGHT="92"
                   ID="eSc_textblock_d1dcac2b"
                   TAGREFS="BT17">
          <Shape><Polygon POINTS="1843 2996 1843 3088 2107 3088 2107 2996"/></Shape>
          <TextLine ID="eSc_line_0d4b767f"
                    TAGREFS="LT8"
                    BASELINE="1853 3054 2098 3050" 
                    HPOS="1851"
                    VPOS="2983"
                    WIDTH="247"
                    HEIGHT="110">
            <Shape><Polygon POINTS="1853 3054 1853 3078 1962 3078 1993 3087 2001 3089 2003 3089 2005 3089 2007 3089 2009 3089 2009 3087 2019 3080 2035 3089 2037 3091 2039 3091 2041 3091 2043 3093 2098 3093 2098 3050 2092 2992 2025 2994 2013 2988 2005 2985 2003 2985 2001 2985 1999 2985 1989 2988 1970 2996 1948 2986 1946 2986 1944 2986 1942 2986 1940 2986 1922 2996 1910 2986 1908 2985 1908 2983 1906 2983 1904 2983 1902 2983 1851 2983 1853 3054"/></Shape>
	    <String CONTENT="faictes"
                    HPOS="1851"
                    VPOS="2983"
                    WIDTH="247"
                    HEIGHT="110"
                    WC="0.9999564715794155"></String>
          </TextLine>
        </TextBlock>
      </PrintSpace>
    </Page>
  </Layout>
</alto>
