2267 3563
188 370 1372 107 faictes entre uous: tellemẽt q̃ ung chascun de

192 453 1358 107 uoꝰdit? Ie suis de Paul/ Ie suis de Apobo/ Ie

184 536 1368 109 suis de Cephas/ ⁊ moy ie suis de Christ. Essie

166 625 1392 99 ue les yeulx en icelle mõtaigne/ ⁊ si demoure

154 704 1398 99 en icelle/ escoute qͥl dit/ escoute aussi ce qͥ sẽsuit.

162 787 1388 99 Paul est il crucifie pour uous? Apres dõc q̃ tu

170 876 1374 103 auras esleue tes yeulx aux montaignes sca-

162 952 1384 101 uoir dõt te uiẽt laide/ cestadire: aux autheurs

158 1037 1390 107 des diuines e scriptures: escoute celuy qͥ de tou

151 1116 1388 110 tes ses forces ⁊ de tout sõ cueͬ crie.  Seigñr qͥ

156 1201 1380 109 est sẽblable a toy? affin q̃ tout asseure sãs q̃lq̃

152 1298 1402 85 iniure des mõtaignes tu die. Mon ayde est du

170 1371 1378 103 seigͬ/ qͥ a faict le ciel ⁊ la terre. Adõc ne se cour

154 1456 1390 93 roucerõt point les mõtaignes seulemẽt: mais

154 1532 1402 101 lors te aymerõt/ ⁊ alors te fauoriserõt.4 Si tu

151 1612 1417 110 metz tõ esperãce en icedes/ elles serõt ꝯtristees.

154 1710 1429 101 Lãge demõstrãt a lhõme plusieͬs choses diui

157 1775 1417 101 nes ⁊ merueilleuses/ estoit adore de lhõe/ cõme

164 1872 1392 103 leuãt ses yeulx en la montaigne: mais cestuy

154 1941 1388 107 le renuoyãt au seigͬ.?Ne uueille (dit il) faire

154 2030 1388 113 telle chose: adore le seigneur. Car ie suis serui

160 2123 1317 101 teur auec toy ⁊ le seruiteur de tes freres/ ⁊c.

251 2203 1267 108 ¶ Ambroise/ au .iiii. Tome sur la ꝑseaul¬

312 2292 1091 101 me. cxuiii. au .x. sermon/ au uerset.

178 2357 1372 125 ¶ Ceulx qͥ te craignẽt me uerrõt ⁊ se resiouy¬

157 2449 1405 104 rõt: pour ce q̃ iay espere en tes parolles. 7Mais

163 2532 1411 116 celuy qui uoit le iuste/ il doibt scauoir quelle

166 2618 1414 104 chose i uoit: il ne le uoit pas au corps ne au

166 2704 1414 107 uestemẽt/ ne ou patrimoine ne au uisage/ mais

169 2785 1393 103 le uoit par dedẽs. I ne le uoit point/ dis ie/ sil

160 2868 1402 107 ne uoit sa pẽsee/ sil nentend sa parolle/ sil na

170 2959 1388 111 la puissance de comprendre ses sens/ sil na la

382 229 1100 147 des /ainctz. Chap̃.xxti.

1634 225 142 178 Szi

1565 1086 250 161 Ps̈.34.b

1637 1514 214 127 Dont

1592 1612 256 113 uiẽt aux

1592 1704 256 107 saĩctz tri

1583 1796 172 107 stesse.

1565 1944 262 119 Apoc.19.

1565 2042 161 101 b.22.b

1568 2351 280 131 Ps̈.118.br

1616 2455 229 101 Quelle

1607 2550 166 86 chose

1598 2621 238 110 noꝰ deb¬

1598 2707 235 95 uons ue¬

1580 2782 229 121 oir aux

1577 2868 223 163 sainctz.

908 3042 652 121 Oq iii puissance
