2267 3563
696 346 1390 129 puissance de prendre la sapiẽce de son traicte.

700 431 1384 129 Parquoy adonc se resiouyra il quãt il regar

700 518 1378 119 dera ces choses quãt il cõgnoistra ces choses.

694 599 1380 127 Pareillemẽt donc aussi nous/ si nous ouyõs

683 680 1387 125 quelque part le iuste/ hastõs nous de le ueoir

689 768 1381 122 ͬcõme ceste femme qui ouyt dire que le seigñr

677 853 1403 124 Iesuchrist estoit a ssis a table en la maison du

698 942 1386 117 pharisien: ⁊ entra dedens/ et oingnit ses predz

700 1019 1382 117 doignemẽt: soyons les imitateurs dicelle Car

700 1100 1363 125 qͥ doubte la figure de leglise estre en icelle fem¬

687 1181 1366 125 me: St donc le iuste est q̃ lque part assis/ sil est

677 1270 1360 117 mengeãt q̃lque part: hastõs nous de le ueoir.

694 1349 1375 121 Cest chose precieuse de ueoir lhõme iuste: telle

706 1435 1364 114 mẽt que tu le uoye selon lymage de Dieu. Ce

706 1516 1353 121 qui est dehors ne ꝓffite riens: ce qui est dedens/

722 1601 1341 121 guerist.7 Mais aussi en celuy qͥ est por dehors

730 1686 1340 119 souuẽt nous y regardons celuy qui est par de¬

720 1767 1366 117 dens: cõme si nous uoyõs au poure celuy qui

712 1850 1380 121 a faict le poure a sa similitude: ⁊ q̃ nous lhon

704 1937 1392 117 norons au poure/ duquel il a dit.? Uous ma¬

692 2030 1392 105 uez donne a menger: car ce que uous auez don

694 2100 1386 113 ne a lung diceulx: uous me lauez donne. Ce¬

714 2191 1368 113 luy uroyemẽt q coiõne Cymage de lempereur

716 2266 1370 121 il hõnore lempereur duquel il a couronne ly¬

714 2353 1388 119 mage: et celuy qui aura contemne la figure de

718 2440 1386 109 lempereur: il sera repute auoir faict iniure a

718 2517 1386 123 lempereur duquel il aura desprise la figure.

722 2602 1376 123 Les gentilz adorẽt le boys: pour ce qͥlz estimẽt

730 2681 1361 130 q̃ ce soit lymage de dieu: mais lymage de dieu

733 2767 1352 121 inuisible nest pas en ce quon uoit: mais est to¬

727 2847 1358 122 tallement en ce quon ne uoit point. Uois tu

716 2927 1375 157 donc/ q̃ nous cheminõs entre beancoup dyma

417 819 224 113 Luc.7.f

995 217 561 133 De lhonneur

429 1642 240 121 Lhõneͬ

425 1732 275 106 de lyma

441 1823 251 106 ge de di¬

425 1916 121 79 eu.

417 1991 279 119 mat.27d

427 2707 280 131 1.cor.11.b

430 2805 271 92 Lyma¬

436 2888 271 93 de Dieu

436 2954 259 122 nest poĩt

449 3052 236 121 uisible.

1878 3022 214 109 ges de
