<?xml version="1.0" encoding="UTF-8"?>
<alto xmlns:xsi="http://www.w3.org/2001/XMLSchema-instance"
      xmlns="http://www.loc.gov/standards/alto/ns-v4#"
      xsi:schemaLocation="http://www.loc.gov/standards/alto/ns-v4# http://www.loc.gov/standards/alto/v4/alto-4-2.xsd">
  <Description>
    <MeasurementUnit>pixel</MeasurementUnit>
    <sourceImageInformation>
      <fileName>246_8c3da_default.jpg</fileName>
      <fileIdentifier>https://www.e-rara.ch/i3f/v20/4106404/full/full/0/default.jpg</fileIdentifier>
    </sourceImageInformation>
  </Description>
  <Tags>
    <OtherTag ID="BT8" LABEL="DamageZone" DESCRIPTION="block type DamageZone"/><OtherTag ID="BT10" LABEL="DropCapitalZone" DESCRIPTION="block type DropCapitalZone"/><OtherTag ID="BT11" LABEL="GraphicZone" DESCRIPTION="block type GraphicZone"/><OtherTag ID="BT12" LABEL="MainZone" DESCRIPTION="block type MainZone"/><OtherTag ID="BT13" LABEL="MarginTextZone" DESCRIPTION="block type MarginTextZone"/><OtherTag ID="BT15" LABEL="NumberingZone" DESCRIPTION="block type NumberingZone"/><OtherTag ID="BT17" LABEL="QuireMarksZone" DESCRIPTION="block type QuireMarksZone"/><OtherTag ID="BT18" LABEL="RunningTitleZone" DESCRIPTION="block type RunningTitleZone"/><OtherTag ID="BT20" LABEL="StampZone" DESCRIPTION="block type StampZone"/><OtherTag ID="BT21" LABEL="TableZone" DESCRIPTION="block type TableZone"/><OtherTag ID="BT22" LABEL="TitlePageZone" DESCRIPTION="block type TitlePageZone"/>
    <OtherTag ID="LT8" LABEL="DefaultLine" DESCRIPTION="line type DefaultLine"/><OtherTag ID="LT9" LABEL="DropCapitalLine" DESCRIPTION="line type DropCapitalLine"/><OtherTag ID="LT10" LABEL="HeadingLine" DESCRIPTION="line type HeadingLine"/><OtherTag ID="LT11" LABEL="InterlinearLine" DESCRIPTION="line type InterlinearLine"/><OtherTag ID="LT311" LABEL="default" DESCRIPTION="line type default"/>
  </Tags>
  <Layout>
    <Page WIDTH="2267"
          HEIGHT="3563"
          PHYSICAL_IMG_NR="246"
          ID="eSc_dummypage_">
      <PrintSpace HPOS="0"
                  VPOS="0"
                  WIDTH="2267"
                  HEIGHT="3563">
        <TextBlock HPOS="152"
                   VPOS="307"
                   WIDTH="1475"
                   HEIGHT="2723"
                   ID="eSc_textblock_15bcbc69"
                   TAGREFS="BT12">
          <Shape><Polygon POINTS="152 308 164 3030 1627 2989 1613 1628 1570 1582 1574 1400 1599 1379 1599 1059 1570 1013 1572 638 1599 307"/></Shape>
          <TextLine ID="eSc_line_f2232182"
                    TAGREFS="LT8"
                    BASELINE="192 385 1574 366" 
                    HPOS="190"
                    VPOS="298"
                    WIDTH="1384"
                    HEIGHT="117">
            <Shape><Polygon POINTS="249 314 229 318 209 324 192 326 190 328 192 385 192 407 465 415 467 415 469 415 502 405 985 407 987 407 989 407 1021 395 1025 395 1039 395 1124 405 1126 405 1182 393 1189 393 1199 393 1292 403 1294 403 1296 403 1330 391 1334 389 1572 387 1574 366 1568 310 1213 312 1160 298 1158 298 1156 298 1154 298 1112 316 916 316 894 304 892 304 890 304 888 304 887 304 847 318 803 304 801 304 799 304 728 314 609 306 607 306 518 320 498 308 496 308 494 308 492 308 423 318 328 310 326 310 257 310 249 314"/></Shape>
	    <String CONTENT="ges de Christ? Gardons que ne soyons tro¬¬¬"
                    HPOS="190"
                    VPOS="298"
                    WIDTH="1384"
                    HEIGHT="117"
                    WC="0.9972754453503808"></String>
          </TextLine>
          <TextLine ID="eSc_line_a4b0f9a4"
                    TAGREFS="LT8"
                    BASELINE="194 469 1558 451" 
                    HPOS="192"
                    VPOS="391"
                    WIDTH="1366"
                    HEIGHT="107">
            <Shape><Polygon POINTS="194 469 194 488 291 498 293 498 295 498 322 488 336 498 338 498 340 498 342 498 344 498 364 488 370 486 395 488 465 494 467 494 560 486 603 484 615 486 643 494 645 494 647 494 734 486 797 481 847 486 894 490 896 490 1096 488 1098 488 1100 488 1100 486 1102 486 1104 484 1108 479 1193 484 1251 486 1253 486 1255 486 1257 486 1261 482 1271 475 1281 482 1282 482 1284 482 1286 482 1290 482 1405 473 1556 481 1558 451 1554 401 1257 391 1255 391 1185 403 1104 393 1102 393 1100 393 1073 405 1067 405 861 397 859 397 788 409 782 409 756 409 463 403 461 403 413 413 411 413 376 403 374 403 372 403 370 403 326 415 322 415 310 405 308 405 306 405 304 405 302 405 300 405 291 415 289 417 192 417 194 469"/></Shape>
	    <String CONTENT="uez oster la couronne a lymage/ laq̃lle couron"
                    HPOS="192"
                    VPOS="391"
                    WIDTH="1366"
                    HEIGHT="107"
                    WC="0.9906158369520436"></String>
          </TextLine>
          <TextLine ID="eSc_line_08b65ae9"
                    TAGREFS="LT8"
                    BASELINE="190 554 1546 538" 
                    HPOS="188"
                    VPOS="467"
                    WIDTH="1358"
                    HEIGHT="116">
            <Shape><Polygon POINTS="190 554 190 574 352 583 354 583 544 574 649 568 669 572 692 579 694 579 696 579 740 572 776 566 801 572 823 577 825 577 827 577 928 572 993 568 1011 572 1033 576 1035 576 1057 572 1094 562 1112 570 1118 574 1120 574 1122 574 1138 570 1178 562 1275 570 1304 572 1306 572 1320 570 1378 558 1542 568 1546 538 1540 467 1433 469 1431 469 1429 469 1417 479 1372 469 1370 469 1368 469 1336 484 1237 471 1235 471 1233 471 1199 486 972 475 970 475 968 475 930 490 831 490 799 477 797 477 795 477 793 477 791 477 772 490 704 479 702 479 700 479 649 492 609 479 607 479 605 479 524 494 473 481 471 481 469 481 415 490 318 482 316 482 314 482 312 482 293 496 188 482 190 554"/></Shape>
	    <String CONTENT="ne Christ a mis sur ung chasaun. Gardons q̃"
                    HPOS="188"
                    VPOS="467"
                    WIDTH="1358"
                    HEIGHT="116"
                    WC="0.9926603062208309"></String>
          </TextLine>
          <TextLine ID="eSc_line_0cfae2dc"
                    TAGREFS="LT8"
                    BASELINE="180 633 1550 615" 
                    HPOS="178"
                    VPOS="554"
                    WIDTH="1372"
                    HEIGHT="111">
            <Shape><Polygon POINTS="180 633 180 653 235 665 237 665 293 653 324 665 326 665 328 665 330 665 332 665 332 663 344 651 362 661 364 661 366 661 455 651 479 663 481 663 483 663 570 649 572 649 574 649 607 659 609 659 611 659 665 647 671 647 683 647 805 657 807 657 960 643 976 643 978 643 1003 655 1005 655 1007 655 1067 643 1069 643 1071 643 1231 653 1233 653 1235 653 1237 653 1237 651 1249 639 1251 639 1263 639 1383 651 1385 651 1387 651 1423 637 1427 637 1431 637 1465 647 1467 647 1469 647 1550 635 1550 615 1544 566 1429 566 1399 554 1397 554 1395 554 1257 556 1255 556 1253 556 1237 566 1148 558 1146 558 1094 570 1084 572 1073 570 1007 560 1005 560 1003 560 1001 560 989 572 987 574 920 576 716 576 714 574 704 566 702 566 700 566 698 566 641 576 625 577 619 576 597 566 595 566 512 566 510 566 508 566 483 577 479 579 475 577 459 568 457 568 455 568 330 568 328 568 178 579 180 633"/></Shape>
	    <String CONTENT="nous ne ostons riens a ceulx ausquelz nous"
                    HPOS="178"
                    VPOS="554"
                    WIDTH="1372"
                    HEIGHT="111"
                    WC="0.9987837360018775"></String>
          </TextLine>
          <TextLine ID="eSc_line_5f29a99c"
                    TAGREFS="LT8"
                    BASELINE="176 714 1560 704" 
                    HPOS="172"
                    VPOS="641"
                    WIDTH="1387"
                    HEIGHT="98">
            <Shape><Polygon POINTS="175 712 175 739 1556 727 1559 703 1553 644 172 641 175 712"/></Shape>
	    <String CONTENT="debuons adiouster.? Mais q̃ pis uault/ nous"
                    HPOS="172"
                    VPOS="641"
                    WIDTH="1387"
                    HEIGHT="98"
                    WC="0.9913765496985857"></String>
          </TextLine>
          <TextLine ID="eSc_line_e5dad38c"
                    TAGREFS="LT8"
                    BASELINE="176 801 1560 788" 
                    HPOS="172"
                    VPOS="727"
                    WIDTH="1387"
                    HEIGHT="92">
            <Shape><Polygon POINTS="175 798 175 819 1559 807 1559 786 1553 727 172 727 175 798"/></Shape>
	    <String CONTENT="ne deshonnorons point seulemẽt les poures:"
                    HPOS="172"
                    VPOS="727"
                    WIDTH="1387"
                    HEIGHT="92"
                    WC="0.9985643957936486"></String>
          </TextLine>
          <TextLine ID="eSc_line_a1edba7e"
                    TAGREFS="LT8"
                    BASELINE="186 884 1560 870" 
                    HPOS="181"
                    VPOS="798"
                    WIDTH="1378"
                    HEIGHT="122">
            <Shape><Polygon POINTS="184 881 187 920 234 905 463 914 519 917 522 917 1556 893 1559 869 1553 816 1238 798 1236 798 1233 798 1176 816 888 801 885 801 882 801 879 801 858 819 665 804 662 804 555 819 525 804 522 804 519 804 516 804 472 822 326 810 323 810 181 825 184 881"/></Shape>
	    <String CONTENT="mais auec ce que les deshonnorons/ nous les"
                    HPOS="181"
                    VPOS="798"
                    WIDTH="1378"
                    HEIGHT="122"
                    WC="0.9857226111168085"></String>
          </TextLine>
          <TextLine ID="eSc_line_47bbc933"
                    TAGREFS="LT8"
                    BASELINE="186 965 1560 954" 
                    HPOS="181"
                    VPOS="884"
                    WIDTH="1378"
                    HEIGHT="110">
            <Shape><Polygon POINTS="184 964 184 985 1185 994 1188 994 1559 973 1559 953 1550 884 181 893 184 964"/></Shape>
	    <String CONTENT="destruisons/ persecutons/ et ignorons quelles"
                    HPOS="181"
                    VPOS="884"
                    WIDTH="1378"
                    HEIGHT="110"
                    WC="0.9918615063031514"></String>
          </TextLine>
          <TextLine ID="eSc_line_ddafe35d"
                    TAGREFS="LT8"
                    BASELINE="180 1053 1550 1033" 
                    HPOS="178"
                    VPOS="969"
                    WIDTH="1372"
                    HEIGHT="113">
            <Shape><Polygon POINTS="180 1053 180 1070 247 1082 249 1082 308 1068 314 1068 316 1068 332 1080 334 1080 336 1080 338 1080 340 1080 342 1080 354 1068 356 1066 492 1066 502 1066 720 1076 722 1076 861 1060 877 1072 879 1072 881 1072 883 1072 885 1072 924 1062 997 1072 999 1072 1136 1057 1185 1068 1187 1068 1189 1070 1245 1070 1245 1068 1247 1068 1277 1055 1324 1066 1326 1066 1328 1066 1330 1066 1374 1055 1439 1064 1441 1064 1443 1064 1445 1064 1465 1053 1520 1064 1522 1064 1524 1064 1550 1049 1550 1033 1544 969 1378 983 1322 971 1310 969 1308 969 1288 971 1203 983 1096 973 1084 973 1083 973 1075 973 995 989 890 989 873 975 871 975 869 975 867 975 859 977 793 991 776 979 774 979 772 979 770 979 768 979 734 989 671 979 669 979 667 979 665 979 665 981 649 993 552 985 550 985 548 985 528 995 512 981 510 981 508 981 506 981 433 997 178 985 180 1053"/></Shape>
	    <String CONTENT="imures nous assamblons a limage de dieu/"
                    HPOS="178"
                    VPOS="969"
                    WIDTH="1372"
                    HEIGHT="113"
                    WC="0.9943700537085534"></String>
          </TextLine>
          <TextLine ID="eSc_line_4f3bd903"
                    TAGREFS="LT8"
                    BASELINE="176 1136 1552 1118" 
                    HPOS="174"
                    VPOS="1055"
                    WIDTH="1378"
                    HEIGHT="108">
            <Shape><Polygon POINTS="176 1136 176 1163 1550 1142 1552 1118 1548 1064 1393 1055 1391 1055 1300 1066 1286 1068 1281 1068 1245 1057 1243 1057 1241 1057 1104 1070 1075 1072 1071 1070 1057 1060 1055 1060 1053 1060 1051 1060 1049 1060 1015 1070 966 1060 964 1060 962 1060 936 1072 932 1076 732 1076 730 1076 720 1066 718 1066 716 1066 714 1066 641 1076 629 1078 627 1076 613 1066 611 1066 609 1066 552 1066 550 1066 548 1066 546 1066 530 1078 528 1078 449 1068 447 1068 368 1080 326 1068 324 1068 322 1068 197 1070 196 1070 174 1080 176 1136"/></Shape>
	    <String CONTENT="quãt nous estimons que ceulx qui sont faictz"
                    HPOS="174"
                    VPOS="1055"
                    WIDTH="1378"
                    HEIGHT="108"
                    WC="0.9807507051361932"></String>
          </TextLine>
          <TextLine ID="eSc_line_84e25d60"
                    TAGREFS="LT8"
                    BASELINE="174 1217 1558 1201" 
                    HPOS="172"
                    VPOS="1138"
                    WIDTH="1386"
                    HEIGHT="111">
            <Shape><Polygon POINTS="174 1217 174 1245 253 1239 285 1247 296 1249 298 1249 300 1249 302 1249 304 1249 308 1245 324 1237 425 1243 477 1247 479 1247 481 1247 496 1243 534 1233 768 1239 892 1241 894 1241 926 1237 966 1229 999 1235 1035 1241 1037 1241 1039 1241 1055 1233 1071 1227 1088 1233 1106 1239 1108 1239 1110 1239 1180 1231 1229 1227 1249 1231 1279 1237 1281 1239 1356 1239 1356 1237 1358 1237 1374 1229 1385 1223 1403 1229 1427 1235 1429 1235 1431 1235 1558 1225 1558 1201 1554 1146 1439 1138 1437 1138 1435 1138 1433 1138 1421 1148 1413 1154 1362 1154 1352 1148 1332 1140 1330 1140 1247 1140 1245 1140 1243 1140 1215 1150 1205 1155 1079 1155 1067 1152 1035 1142 1033 1142 1031 1142 1029 1142 997 1154 989 1157 839 1159 831 1155 819 1150 817 1150 815 1150 746 1157 724 1159 722 1157 704 1146 702 1146 700 1146 698 1146 696 1146 649 1159 637 1161 619 1159 532 1148 530 1148 528 1148 526 1148 526 1150 512 1161 491 1152 489 1152 487 1152 485 1152 483 1152 467 1161 465 1163 457 1161 405 1150 403 1150 401 1150 348 1163 338 1165 324 1163 237 1152 235 1152 172 1165 174 1217"/></Shape>
	    <String CONTENT="a lymage de dieu doibuent estre molestez. Car"
                    HPOS="172"
                    VPOS="1138"
                    WIDTH="1386"
                    HEIGHT="111"
                    WC="0.9884628878699409"></String>
          </TextLine>
          <TextLine ID="eSc_line_ae5eba37"
                    TAGREFS="LT8"
                    BASELINE="178 1302 1568 1288" 
                    HPOS="176"
                    VPOS="1231"
                    WIDTH="1392"
                    HEIGHT="101">
            <Shape><Polygon POINTS="178 1302 178 1322 285 1322 300 1332 302 1332 304 1332 306 1332 368 1320 376 1318 390 1330 392 1330 394 1330 395 1332 524 1332 524 1330 526 1330 528 1330 544 1318 546 1318 728 1328 730 1328 851 1314 859 1314 867 1314 952 1326 954 1326 956 1326 993 1312 995 1312 1009 1324 1011 1324 1013 1324 1015 1324 1142 1314 1164 1324 1166 1324 1168 1324 1241 1312 1421 1320 1423 1320 1566 1306 1568 1288 1564 1241 1219 1231 1217 1231 1215 1231 1185 1241 1116 1233 1114 1233 1112 1233 1110 1233 1094 1245 837 1245 811 1235 809 1235 807 1235 805 1235 803 1235 791 1247 677 1247 580 1237 578 1237 415 1239 413 1239 368 1251 205 1241 203 1241 201 1241 176 1251 178 1302"/></Shape>
	    <String CONTENT="celuy qui se mocque du poure/ il prouocque a"
                    HPOS="176"
                    VPOS="1231"
                    WIDTH="1392"
                    HEIGHT="101"
                    WC="0.9998004206202247"></String>
          </TextLine>
          <TextLine ID="eSc_line_7b6d636a"
                    TAGREFS="LT8"
                    BASELINE="178 1387 1576 1371" 
                    HPOS="176"
                    VPOS="1302"
                    WIDTH="1400"
                    HEIGHT="117">
            <Shape><Polygon POINTS="178 1387 178 1405 459 1419 461 1419 463 1419 465 1419 487 1405 520 1415 522 1415 524 1415 588 1405 607 1417 609 1417 611 1417 613 1419 698 1419 698 1417 700 1417 734 1401 823 1415 825 1415 827 1415 875 1399 877 1399 885 1399 1025 1413 1027 1413 1029 1413 1031 1413 1051 1397 1053 1397 1156 1397 1201 1411 1203 1411 1205 1411 1207 1411 1247 1399 1376 1409 1378 1409 1379 1409 1381 1409 1403 1393 1429 1405 1431 1405 1433 1405 1435 1405 1437 1405 1449 1393 1451 1393 1576 1393 1576 1371 1572 1320 1532 1320 1512 1302 1510 1302 1508 1302 1423 1302 1421 1302 1419 1302 1417 1302 1405 1314 1381 1304 1379 1304 1378 1304 1376 1304 1334 1320 1243 1306 1241 1306 1239 1306 1209 1322 964 1308 962 1308 855 1326 748 1310 746 1310 615 1328 572 1312 570 1312 568 1312 455 1332 394 1332 362 1316 360 1316 358 1316 356 1316 322 1334 275 1334 221 1318 219 1318 217 1318 215 1318 176 1334 178 1387"/></Shape>
	    <String CONTENT="rourroux celuy qͥ la faict. Mais cestuy uiẽdra"
                    HPOS="176"
                    VPOS="1302"
                    WIDTH="1400"
                    HEIGHT="117"
                    WC="0.9996252009209167"></String>
          </TextLine>
          <TextLine ID="eSc_line_6378b164"
                    TAGREFS="LT8"
                    BASELINE="182 1472 1558 1452" 
                    HPOS="178"
                    VPOS="1380"
                    WIDTH="1378"
                    HEIGHT="116">
            <Shape><Polygon POINTS="181 1469 181 1496 1553 1478 1556 1451 1550 1398 1381 1380 1378 1380 1375 1380 1372 1380 1372 1383 1357 1398 1161 1398 1096 1383 1093 1383 1090 1383 1087 1383 1039 1401 879 1386 876 1386 873 1386 834 1404 828 1404 721 1389 719 1389 716 1389 713 1389 713 1392 698 1404 463 1392 460 1392 178 1410 181 1469"/></Shape>
	    <String CONTENT="qui dira.? Iay eu fain/ si ne mauez point don¬"
                    HPOS="178"
                    VPOS="1380"
                    WIDTH="1378"
                    HEIGHT="116"
                    WC="0.988381678643434"></String>
          </TextLine>
          <TextLine ID="eSc_line_8734bab4"
                    TAGREFS="LT8"
                    BASELINE="180 1557 1558 1540" 
                    HPOS="175"
                    VPOS="1472"
                    WIDTH="1381"
                    HEIGHT="110">
            <Shape><Polygon POINTS="178 1555 178 1582 1325 1582 1325 1579 1556 1558 1556 1538 1550 1475 701 1472 698 1472 175 1493 178 1555"/></Shape>
	    <String CONTENT="ne a mẽger: iay eu soif/ si ne mauez poit dõne"
                    HPOS="175"
                    VPOS="1472"
                    WIDTH="1381"
                    HEIGHT="110"
                    WC="0.9879428769151369"></String>
          </TextLine>
          <TextLine ID="eSc_line_f5e51153"
                    TAGREFS="LT8"
                    BASELINE="182 1637 1554 1623" 
                    HPOS="180"
                    VPOS="1559"
                    WIDTH="1374"
                    HEIGHT="105">
            <Shape><Polygon POINTS="182 1637 182 1652 237 1664 239 1664 376 1652 449 1662 451 1662 453 1662 475 1652 524 1662 526 1662 645 1650 764 1660 766 1660 833 1648 962 1658 964 1658 1059 1646 1156 1656 1158 1656 1342 1654 1395 1642 1421 1652 1423 1652 1425 1652 1427 1652 1447 1642 1459 1652 1461 1652 1463 1652 1465 1652 1554 1638 1554 1623 1550 1575 1478 1559 1477 1559 1403 1571 1383 1559 1381 1559 1379 1559 1378 1559 1376 1559 1318 1575 1213 1563 1211 1563 1009 1577 968 1563 966 1563 964 1563 962 1563 916 1579 881 1565 879 1565 788 1565 786 1565 784 1565 782 1565 762 1579 479 1569 477 1569 475 1569 473 1569 459 1581 392 1573 390 1573 388 1573 386 1573 372 1583 356 1571 354 1571 352 1571 277 1571 275 1571 273 1571 271 1571 247 1587 180 1587 182 1637"/></Shape>
	    <String CONTENT="a boire: iestoye malade si ne mauez point ui¬"
                    HPOS="180"
                    VPOS="1559"
                    WIDTH="1374"
                    HEIGHT="105"
                    WC="0.9850173075993855"></String>
          </TextLine>
          <TextLine ID="eSc_line_5ddcee50"
                    TAGREFS="LT8"
                    BASELINE="190 1726 1593 1704" 
                    HPOS="188"
                    VPOS="1635"
                    WIDTH="1405"
                    HEIGHT="120">
            <Shape><Polygon POINTS="190 1726 190 1755 447 1739 516 1747 550 1751 552 1751 554 1751 556 1751 562 1745 576 1737 623 1745 659 1749 661 1749 663 1749 665 1749 671 1743 677 1737 833 1733 873 1737 932 1745 934 1745 1077 1743 1079 1743 1081 1743 1081 1741 1090 1732 1092 1732 1102 1732 1201 1741 1203 1741 1205 1741 1207 1741 1221 1732 1332 1735 1334 1735 1336 1735 1338 1735 1352 1726 1354 1726 1362 1726 1572 1735 1574 1735 1576 1735 1577 1735 1593 1722 1593 1704 1589 1654 1488 1635 1486 1635 1484 1635 1482 1635 1461 1654 1459 1656 1231 1656 1225 1654 1187 1640 1185 1640 1183 1640 1182 1640 1180 1640 1162 1654 1158 1658 1124 1656 987 1642 985 1642 944 1644 942 1644 940 1644 924 1656 912 1664 778 1664 746 1656 700 1646 698 1646 696 1646 657 1658 621 1666 560 1658 532 1654 530 1654 528 1654 516 1658 502 1662 496 1658 487 1650 485 1650 483 1650 481 1650 188 1658 190 1726"/></Shape>
	    <String CONTENT="site. Et cõbien sont ces choses icy de moindre"
                    HPOS="188"
                    VPOS="1635"
                    WIDTH="1405"
                    HEIGHT="120"
                    WC="0.9830192936227676"></String>
          </TextLine>
          <TextLine ID="eSc_line_1033e491"
                    TAGREFS="LT8"
                    BASELINE="190 1807 1597 1785" 
                    HPOS="188"
                    VPOS="1722"
                    WIDTH="1409"
                    HEIGHT="105">
            <Shape><Polygon POINTS="190 1807 190 1827 1597 1807 1597 1785 1593 1735 1348 1722 1346 1722 1344 1722 1298 1737 1296 1737 1225 1724 1223 1724 1221 1724 1219 1724 1197 1739 1193 1739 1152 1728 1150 1728 1148 1728 1017 1741 1005 1741 1003 1741 972 1728 970 1728 968 1728 871 1743 863 1743 857 1743 819 1732 817 1732 815 1732 813 1732 766 1743 758 1745 750 1743 704 1732 702 1732 700 1732 639 1745 637 1745 635 1745 607 1733 605 1733 603 1733 601 1733 574 1745 566 1749 516 1747 374 1737 372 1737 324 1749 312 1751 302 1749 267 1739 265 1739 263 1739 188 1749 190 1807"/></Shape>
	    <String CONTENT="imporance/ q̃ f disoit: uous mauez faict in¬"
                    HPOS="188"
                    VPOS="1722"
                    WIDTH="1409"
                    HEIGHT="105"
                    WC="0.9798719733953476"></String>
          </TextLine>
          <TextLine ID="eSc_line_6f6483cc"
                    TAGREFS="LT8"
                    BASELINE="192 1888 1595 1868" 
                    HPOS="190"
                    VPOS="1805"
                    WIDTH="1405"
                    HEIGHT="113">
            <Shape><Polygon POINTS="192 1888 192 1918 332 1906 803 1906 1174 1906 1174 1904 1595 1886 1595 1868 1591 1819 1500 1805 1498 1805 1496 1805 1453 1819 1449 1819 1435 1819 1336 1811 1334 1811 1221 1819 1172 1823 1132 1821 1033 1811 1031 1811 952 1821 944 1821 938 1821 896 1813 894 1813 892 1813 877 1821 865 1827 835 1821 811 1817 809 1817 807 1817 805 1817 799 1821 788 1829 609 1830 453 1823 403 1821 401 1821 384 1823 314 1834 190 1825 192 1888"/></Shape>
	    <String CONTENT="iures/ uous mauez desuestu/ uous mauez ba¬"
                    HPOS="190"
                    VPOS="1805"
                    WIDTH="1405"
                    HEIGHT="113"
                    WC="0.9878538038049426"></String>
          </TextLine>
          <TextLine ID="eSc_line_4d8e9d8d"
                    TAGREFS="LT8"
                    BASELINE="190 1973 1585 1957" 
                    HPOS="188"
                    VPOS="1890"
                    WIDTH="1397"
                    HEIGHT="115">
            <Shape><Polygon POINTS="190 1973 190 2005 310 1991 403 2001 409 2001 411 2001 413 2001 415 2001 463 1989 502 1999 510 2001 512 2001 514 2001 530 1999 588 1987 661 1995 692 1999 694 1999 696 1999 714 1995 754 1985 803 1993 835 1997 837 1997 839 1997 855 1991 873 1985 950 1989 1041 1995 1043 1995 1045 1995 1047 1995 1057 1987 1067 1981 1160 1981 1180 1985 1221 1993 1223 1993 1225 1993 1265 1983 1281 1979 1310 1981 1397 1991 1399 1991 1401 1991 1403 1991 1403 1989 1413 1979 1415 1979 1423 1979 1528 1989 1530 1989 1532 1989 1585 1975 1585 1957 1581 1894 1342 1890 1340 1890 1338 1890 1336 1890 1330 1896 1322 1904 1267 1904 1257 1898 1239 1890 1237 1890 1235 1890 1233 1890 1211 1898 1195 1906 1053 1908 964 1908 956 1902 950 1896 948 1896 946 1896 944 1896 883 1904 837 1908 823 1904 797 1896 795 1896 793 1896 791 1896 789 1896 782 1904 776 1910 706 1910 637 1906 518 1900 516 1900 514 1900 496 1908 489 1912 455 1910 360 1900 358 1900 356 1900 354 1900 340 1910 336 1914 322 1912 279 1902 277 1902 188 1912 190 1973"/></Shape>
	    <String CONTENT="stu? Que si aucun Rnferrogre/ disant. Quãt"
                    HPOS="188"
                    VPOS="1890"
                    WIDTH="1397"
                    HEIGHT="115"
                    WC="0.9718945871951968"></String>
          </TextLine>
          <TextLine ID="eSc_line_3455c323"
                    TAGREFS="LT8"
                    BASELINE="186 2058 1574 2038" 
                    HPOS="184"
                    VPOS="1979"
                    WIDTH="1390"
                    HEIGHT="105">
            <Shape><Polygon POINTS="186 2058 186 2084 1572 2058 1574 2038 1568 1979 184 1995 186 2058"/></Shape>
	    <String CONTENT="tauons nous faict iniures/ quant tauõs nous"
                    HPOS="184"
                    VPOS="1979"
                    WIDTH="1390"
                    HEIGHT="105"
                    WC="0.9945356859402223"></String>
          </TextLine>
          <TextLine ID="eSc_line_e9cd0da2"
                    TAGREFS="LT8"
                    BASELINE="194 2139 1574 2123" 
                    HPOS="192"
                    VPOS="2058"
                    WIDTH="1382"
                    HEIGHT="113">
            <Shape><Polygon POINTS="194 2139 196 2171 231 2159 277 2169 279 2169 372 2157 492 2165 524 2167 526 2167 528 2167 530 2167 530 2165 532 2165 540 2157 738 2161 881 2163 883 2163 885 2163 898 2157 910 2153 968 2157 1053 2161 1055 2161 1057 2161 1075 2153 1088 2149 1120 2153 1166 2159 1168 2159 1207 2151 1231 2147 1304 2149 1457 2155 1459 2155 1461 2155 1463 2155 1473 2145 1475 2145 1572 2145 1574 2123 1568 2062 1502 2070 1492 2062 1488 2058 1486 2058 1484 2058 1482 2058 1461 2062 1433 2068 1415 2062 1401 2058 1399 2058 1397 2058 1395 2058 1381 2062 1356 2072 1344 2064 1342 2060 1340 2060 1338 2060 1265 2060 1263 2060 1261 2060 1259 2060 1255 2064 1243 2072 1223 2064 1217 2062 1215 2062 1213 2062 1211 2062 1209 2062 1207 2064 1195 2076 1053 2076 801 2068 726 2066 724 2066 722 2066 720 2066 720 2068 718 2068 704 2080 439 2072 437 2072 358 2084 322 2072 320 2072 318 2072 316 2072 312 2072 267 2082 192 2074 194 2139"/></Shape>
	    <String CONTENT="despouille/ quant aussi te auons nous bastu?"
                    HPOS="192"
                    VPOS="2058"
                    WIDTH="1382"
                    HEIGHT="113"
                    WC="0.964535958387635"></String>
          </TextLine>
          <TextLine ID="eSc_line_56499d51"
                    TAGREFS="LT8"
                    BASELINE="194 2226 1591 2207" 
                    HPOS="192"
                    VPOS="2139"
                    WIDTH="1399"
                    HEIGHT="115">
            <Shape><Polygon POINTS="194 2226 194 2254 334 2242 437 2250 469 2252 471 2252 473 2252 483 2250 512 2240 661 2246 738 2248 740 2248 742 2248 752 2244 768 2236 825 2242 863 2246 865 2246 867 2246 879 2242 894 2236 956 2240 1025 2244 1027 2244 1029 2244 1051 2238 1073 2232 1110 2236 1154 2242 1156 2242 1591 2226 1591 2207 1587 2153 1524 2139 1522 2139 1435 2153 1429 2153 1407 2139 1405 2139 1403 2139 1401 2139 1399 2139 1372 2151 1314 2139 1312 2139 1310 2139 1308 2139 1308 2141 1294 2153 1292 2155 1286 2153 1229 2141 1227 2141 1225 2141 1201 2153 1197 2155 1191 2153 1154 2143 1152 2143 1150 2143 1148 2143 1146 2143 1146 2145 1134 2155 1130 2157 1110 2155 1033 2143 1031 2143 940 2155 890 2161 861 2155 847 2153 845 2153 807 2155 710 2163 692 2155 677 2149 675 2149 673 2149 629 2157 609 2159 599 2157 584 2151 582 2151 580 2151 578 2151 576 2151 576 2153 570 2157 560 2167 528 2167 516 2157 510 2151 508 2151 506 2151 504 2151 461 2157 390 2167 366 2157 356 2153 354 2153 352 2153 350 2153 340 2157 328 2163 192 2159 194 2226"/></Shape>
	    <String CONTENT="Il dira. Quãt uous lauez faict a lung de ces"
                    HPOS="192"
                    VPOS="2139"
                    WIDTH="1399"
                    HEIGHT="115"
                    WC="0.9957351326942444"></String>
          </TextLine>
          <TextLine ID="eSc_line_4708e2bf"
                    TAGREFS="LT8"
                    BASELINE="194 2311 1601 2290" 
                    HPOS="192"
                    VPOS="2220"
                    WIDTH="1409"
                    HEIGHT="121">
            <Shape><Polygon POINTS="194 2311 196 2341 241 2329 342 2329 356 2337 356 2339 358 2339 360 2339 362 2341 413 2341 413 2339 415 2339 417 2339 419 2337 431 2327 578 2333 657 2335 659 2335 661 2335 663 2335 669 2331 681 2321 738 2321 752 2329 758 2333 760 2333 762 2333 764 2333 766 2333 786 2327 809 2321 875 2325 956 2331 958 2331 960 2331 985 2323 1003 2317 1047 2321 1104 2327 1106 2327 1176 2319 1217 2313 1225 2317 1237 2325 1239 2325 1241 2325 1243 2327 1344 2327 1344 2325 1346 2325 1348 2325 1366 2313 1370 2311 1374 2313 1387 2321 1389 2321 1391 2323 1391 2321 1393 2321 1409 2313 1413 2311 1437 2311 1550 2319 1552 2319 1601 2308 1601 2290 1595 2220 1455 2236 1336 2226 1306 2224 1304 2224 1302 2224 1300 2224 1298 2226 1279 2238 1150 2230 1128 2230 1126 2230 1110 2232 1037 2242 997 2234 962 2228 960 2228 958 2228 938 2236 918 2244 827 2238 710 2232 708 2232 706 2232 704 2232 704 2234 694 2242 689 2248 657 2244 593 2234 591 2234 590 2234 566 2246 556 2250 530 2246 459 2236 457 2236 455 2236 453 2236 453 2238 439 2248 437 2252 427 2250 397 2240 395 2240 394 2240 342 2252 334 2252 328 2252 265 2240 263 2240 192 2254 194 2311"/></Shape>
	    <String CONTENT="plus petis/ uous lauez faict a moy. Pourtãt"
                    HPOS="192"
                    VPOS="2220"
                    WIDTH="1409"
                    HEIGHT="121"
                    WC="0.9930149045857516"></String>
          </TextLine>
          <TextLine ID="eSc_line_75aa3b60"
                    TAGREFS="LT8"
                    BASELINE="199 2391 1591 2371" 
                    HPOS="197"
                    VPOS="2308"
                    WIDTH="1394"
                    HEIGHT="114">
            <Shape><Polygon POINTS="199 2391 199 2422 338 2408 473 2420 475 2420 477 2420 514 2407 698 2416 700 2416 702 2416 760 2403 883 2414 885 2414 970 2403 1017 2408 1019 2408 1021 2408 1023 2408 1033 2401 1047 2410 1049 2410 1051 2410 1053 2410 1055 2410 1088 2401 1205 2408 1207 2408 1209 2408 1239 2397 1310 2408 1312 2408 1314 2408 1350 2395 1423 2407 1425 2407 1427 2407 1453 2393 1587 2405 1591 2371 1587 2317 1387 2308 1385 2308 1383 2308 1344 2319 1314 2308 1312 2308 1310 2308 1308 2308 1282 2321 1281 2323 1217 2323 1215 2321 1174 2310 1172 2310 1170 2310 1168 2310 1166 2310 1148 2323 1144 2323 1112 2323 855 2315 853 2315 851 2315 819 2327 795 2315 793 2315 791 2315 789 2315 754 2327 750 2329 740 2329 665 2317 663 2317 661 2317 617 2329 611 2331 601 2331 526 2319 524 2319 522 2319 475 2331 469 2333 455 2333 338 2321 336 2321 334 2321 293 2335 289 2337 197 2337 199 2391"/></Shape>
	    <String CONTENT="gardõs nous plus diligẽment/ q̃ ne faisons a"
                    HPOS="197"
                    VPOS="2308"
                    WIDTH="1394"
                    HEIGHT="114"
                    WC="0.9933652748232302"></String>
          </TextLine>
          <TextLine ID="eSc_line_8f637987"
                    TAGREFS="LT8"
                    BASELINE="209 2472 1585 2456" 
                    HPOS="207"
                    VPOS="2393"
                    WIDTH="1378"
                    HEIGHT="107">
            <Shape><Polygon POINTS="209 2472 209 2498 465 2500 467 2500 469 2500 471 2500 473 2498 483 2490 524 2496 550 2500 552 2500 554 2500 566 2496 591 2488 643 2496 663 2498 665 2498 685 2496 746 2486 871 2494 885 2494 887 2494 888 2494 890 2494 904 2484 960 2492 962 2492 1071 2482 1215 2492 1237 2492 1239 2492 1247 2492 1310 2480 1376 2490 1379 2490 1381 2490 1385 2490 1455 2478 1471 2488 1473 2488 1475 2488 1477 2488 1538 2478 1579 2488 1585 2456 1576 2393 1558 2405 1453 2395 1413 2393 1411 2393 1385 2397 1330 2407 1275 2399 1241 2395 1239 2395 1205 2401 1168 2407 1124 2403 1077 2397 1075 2397 1073 2397 1071 2397 1061 2403 1047 2410 942 2405 845 2401 843 2401 841 2401 823 2408 811 2412 768 2408 720 2405 718 2405 669 2410 637 2414 631 2410 621 2403 619 2403 617 2403 552 2403 550 2403 548 2403 522 2412 512 2416 467 2414 324 2407 322 2407 207 2418 209 2472"/></Shape>
	    <String CONTENT="aucun aussi la moindre contumelie: affin que"
                    HPOS="207"
                    VPOS="2393"
                    WIDTH="1378"
                    HEIGHT="107"
                    WC="0.989449067549272"></String>
          </TextLine>
          <TextLine ID="eSc_line_02440818"
                    TAGREFS="LT8"
                    BASELINE="197 2561 1595 2541" 
                    HPOS="196"
                    VPOS="2472"
                    WIDTH="1399"
                    HEIGHT="107">
            <Shape><Polygon POINTS="197 2561 197 2579 1595 2567 1595 2541 1589 2482 1500 2484 1496 2482 1475 2472 1473 2472 1471 2472 1469 2472 1467 2472 1453 2484 1447 2488 1312 2488 1296 2486 1174 2476 1172 2476 1170 2476 1168 2476 1152 2486 1096 2478 1094 2478 1043 2490 1029 2492 1013 2490 960 2482 958 2482 780 2494 736 2496 708 2494 580 2486 578 2486 576 2486 536 2498 532 2498 528 2498 475 2486 473 2486 417 2500 411 2500 405 2500 334 2488 332 2488 330 2488 328 2488 316 2498 271 2490 269 2490 196 2502 197 2561"/></Shape>
	    <String CONTENT="ne soyons trouuez contumelieux au mesme"
                    HPOS="196"
                    VPOS="2472"
                    WIDTH="1399"
                    HEIGHT="107"
                    WC="0.9991270823356433"></String>
          </TextLine>
          <TextLine ID="eSc_line_e2160faf"
                    TAGREFS="LT8"
                    BASELINE="221 2642 1593 2620" 
                    HPOS="219"
                    VPOS="2555"
                    WIDTH="1374"
                    HEIGHT="119">
            <Shape><Polygon POINTS="221 2642 221 2664 344 2674 346 2674 348 2674 350 2674 368 2664 370 2662 374 2662 405 2672 407 2672 409 2672 554 2660 597 2658 653 2660 841 2666 843 2666 948 2656 950 2656 960 2664 962 2664 964 2664 966 2664 968 2664 970 2664 982 2654 985 2654 1001 2654 1075 2660 1077 2660 1079 2660 1094 2654 1104 2650 1183 2652 1340 2658 1342 2658 1344 2658 1364 2650 1374 2646 1383 2650 1401 2656 1403 2656 1405 2656 1593 2646 1593 2620 1589 2571 1524 2555 1522 2555 1520 2555 1467 2571 1463 2571 1459 2571 1401 2561 1399 2561 1397 2561 1366 2569 1348 2555 1346 2555 1344 2555 1342 2555 1239 2571 1213 2575 1187 2571 1092 2559 1090 2559 1015 2561 1013 2561 1011 2561 999 2573 997 2573 993 2573 954 2567 952 2567 950 2567 948 2567 942 2573 934 2579 906 2573 857 2563 855 2563 853 2563 823 2573 807 2579 791 2573 768 2565 766 2565 764 2565 762 2565 738 2573 710 2583 683 2575 659 2567 657 2567 655 2567 653 2567 625 2575 584 2585 564 2575 554 2569 552 2569 500 2569 498 2569 496 2569 485 2575 461 2589 392 2589 374 2575 370 2571 368 2571 366 2571 364 2571 362 2571 348 2575 312 2589 289 2575 283 2573 281 2573 279 2573 219 2575 221 2642"/></Shape>
	    <String CONTENT="seigñr en felles choses frespetites. Mais par"
                    HPOS="219"
                    VPOS="2555"
                    WIDTH="1374"
                    HEIGHT="119"
                    WC="0.9990925516771234"></String>
          </TextLine>
          <TextLine ID="eSc_line_ba22b007"
                    TAGREFS="LT8"
                    BASELINE="203 2725 1606 2706" 
                    HPOS="199"
                    VPOS="2633"
                    WIDTH="1405"
                    HEIGHT="119">
            <Shape><Polygon POINTS="202 2722 202 2749 1117 2752 1120 2752 1123 2752 1126 2752 1149 2737 1304 2749 1307 2749 1310 2749 1375 2734 1556 2746 1559 2746 1562 2746 1604 2728 1604 2704 1595 2633 199 2648 202 2722"/></Shape>
	    <String CONTENT="q̃lle raison il a dit. C Ceulx qui me uerrõt se"
                    HPOS="199"
                    VPOS="2633"
                    WIDTH="1405"
                    HEIGHT="119"
                    WC="0.9782810838272175"></String>
          </TextLine>
          <TextLine ID="eSc_line_ce1f4a5a"
                    TAGREFS="LT8"
                    BASELINE="199 2808 1599 2789" 
                    HPOS="197"
                    VPOS="2723"
                    WIDTH="1402"
                    HEIGHT="119">
            <Shape><Polygon POINTS="199 2808 199 2840 283 2832 310 2842 314 2842 316 2842 318 2842 320 2842 324 2840 358 2828 437 2838 439 2838 441 2838 485 2826 601 2826 627 2836 629 2836 631 2836 633 2836 635 2836 639 2836 683 2824 738 2834 756 2836 758 2836 786 2832 853 2824 871 2832 879 2834 881 2834 883 2834 1138 2830 1140 2830 1152 2826 1180 2818 1207 2826 1217 2828 1219 2828 1221 2828 1247 2824 1322 2814 1368 2822 1385 2826 1387 2826 1411 2822 1465 2812 1595 2818 1599 2789 1593 2723 1360 2725 1358 2725 1348 2727 1310 2739 1235 2731 1201 2727 1199 2727 1197 2727 1185 2731 1160 2741 1144 2733 1136 2729 1134 2729 1132 2729 1130 2729 1116 2733 1088 2741 1071 2735 1059 2729 1057 2729 1055 2729 1053 2729 1051 2729 1043 2735 1027 2745 869 2745 819 2739 758 2733 756 2733 754 2733 734 2741 720 2747 700 2743 675 2737 673 2737 639 2743 615 2749 597 2745 566 2737 564 2737 562 2737 560 2737 540 2747 534 2749 522 2747 479 2737 477 2737 475 2737 455 2749 449 2751 405 2749 257 2741 255 2741 197 2753 199 2808"/></Shape>
	    <String CONTENT="esiouyrõt Iuy mesme lexpose/ disant. Poͬce q̃"
                    HPOS="197"
                    VPOS="2723"
                    WIDTH="1402"
                    HEIGHT="119"
                    WC="0.9930388746054276"></String>
          </TextLine>
          <TextLine ID="eSc_line_d7ea7fd3"
                    TAGREFS="LT8"
                    BASELINE="207 2895 1595 2872" 
                    HPOS="205"
                    VPOS="2812"
                    WIDTH="1390"
                    HEIGHT="113">
            <Shape><Polygon POINTS="207 2895 207 2915 415 2925 417 2925 419 2925 441 2913 451 2909 471 2913 504 2921 506 2921 508 2921 524 2913 534 2909 570 2913 607 2917 609 2917 611 2917 625 2913 639 2907 647 2913 655 2919 657 2919 659 2919 661 2919 698 2911 732 2905 752 2911 774 2919 776 2919 778 2919 780 2919 782 2919 782 2917 789 2911 795 2905 825 2911 861 2917 863 2917 920 2909 989 2901 1043 2909 1063 2911 1065 2911 1067 2911 1075 2909 1096 2901 1106 2909 1110 2911 1112 2911 1114 2911 1116 2911 1118 2911 1120 2911 1124 2909 1142 2897 1201 2907 1227 2911 1229 2911 1231 2911 1233 2911 1237 2907 1255 2895 1318 2907 1338 2909 1340 2909 1342 2909 1344 2909 1348 2907 1368 2893 1459 2903 1461 2903 1463 2903 1465 2903 1484 2891 1593 2903 1595 2872 1589 2812 205 2832 207 2895"/></Shape>
	    <String CONTENT="iay espere en tes parolles: cest adire/ ilz mont"
                    HPOS="205"
                    VPOS="2812"
                    WIDTH="1390"
                    HEIGHT="113"
                    WC="0.9959708228707314"></String>
          </TextLine>
          <TextLine ID="eSc_line_08a59a37"
                    TAGREFS="LT8"
                    BASELINE="209 2983 1585 2959" 
                    HPOS="207"
                    VPOS="2888"
                    WIDTH="1378"
                    HEIGHT="126">
            <Shape><Polygon POINTS="209 2983 209 3008 435 3014 437 3014 491 3006 554 2996 635 2996 653 3004 661 3008 663 3008 665 3008 726 3002 788 2998 837 3002 894 3006 896 3006 936 3000 1017 2988 1086 2998 1112 3002 1114 3002 1116 3002 1118 3002 1118 3000 1122 2998 1134 2988 1235 2994 1237 2994 1284 2985 1304 2996 1306 2996 1308 2996 1310 2996 1312 2996 1356 2983 1581 2992 1585 2959 1583 2899 1542 2888 1540 2888 1538 2888 1467 2901 1451 2903 1437 2901 1378 2888 1376 2888 1374 2888 1372 2888 1348 2903 1344 2905 1338 2903 1312 2893 1310 2893 1308 2893 1247 2905 1227 2907 1209 2905 1124 2891 1122 2891 1120 2891 1088 2907 1083 2911 987 2911 982 2909 966 2899 964 2899 962 2899 960 2899 825 2911 780 2915 774 2913 754 2899 752 2899 750 2899 667 2899 665 2899 663 2899 661 2899 643 2911 496 2903 494 2903 492 2903 445 2917 433 2923 308 2923 300 2921 281 2907 279 2907 277 2907 223 2907 221 2907 219 2907 217 2907 207 2915 209 2983"/></Shape>
	    <String CONTENT="ueu par dedẽs/ ilz mont touche par dedens: ilz"
                    HPOS="207"
                    VPOS="2888"
                    WIDTH="1378"
                    HEIGHT="126"
                    WC="0.9836441899867768"></String>
          </TextLine>
        </TextBlock>
        <TextBlock HPOS="370"
                   VPOS="162"
                   WIDTH="1138"
                   HEIGHT="149"
                   ID="eSc_textblock_6214bda1"
                   TAGREFS="BT18">
          <Shape><Polygon POINTS="370 162 370 311 1508 301 1506 162"/></Shape>
          <TextLine ID="eSc_line_22ab58d7"
                    TAGREFS="LT10"
                    BASELINE="382 271 1478 261" 
                    HPOS="380"
                    VPOS="162"
                    WIDTH="1098"
                    HEIGHT="142">
            <Shape><Polygon POINTS="382 271 382 285 447 296 449 296 451 296 475 287 536 304 538 304 540 304 542 304 544 304 566 288 582 302 584 302 586 302 588 302 669 285 758 302 760 302 762 302 764 302 764 300 780 285 817 283 821 283 861 283 912 283 940 296 942 296 944 296 946 296 948 296 966 287 980 298 980 300 982 300 984 300 985 300 1079 298 1081 298 1083 298 1104 283 1180 298 1182 298 1183 298 1185 298 1205 281 1237 298 1239 298 1241 298 1328 296 1330 296 1332 296 1352 285 1441 296 1443 296 1445 296 1478 277 1478 261 1475 164 1405 162 1403 162 1401 162 1399 162 1399 164 1397 164 1376 188 1282 188 1237 166 1233 164 1231 164 1229 164 1213 166 1138 176 1124 166 1122 164 1120 164 1118 164 1116 164 1100 166 1063 174 1047 166 1039 164 1037 164 1035 164 1033 164 1021 168 938 192 813 192 730 180 728 180 675 192 625 170 617 168 615 168 613 168 544 170 542 170 540 170 540 172 510 195 449 195 427 174 427 172 425 172 423 172 421 172 390 172 380 182"/></Shape>
	    <String CONTENT="des sainctz. Chap̃.xxti."
                    HPOS="380"
                    VPOS="162"
                    WIDTH="1098"
                    HEIGHT="142"
                    WC="0.9877387856443723"></String>
          </TextLine>
        </TextBlock>
        <TextBlock HPOS="1584"
                   VPOS="190"
                   WIDTH="177"
                   HEIGHT="110"
                   ID="eSc_textblock_16bed865"
                   TAGREFS="BT15">
          <Shape><Polygon POINTS="1584 190 1584 300 1761 300 1761 190"/></Shape>
          <TextLine ID="eSc_line_57010832"
                    TAGREFS="LT8"
                    BASELINE="1605 271 1742 263" 
                    HPOS="1599"
                    VPOS="186"
                    WIDTH="143"
                    HEIGHT="118">
            <Shape><Polygon POINTS="1605 271 1609 304 1639 294 1742 296 1742 263 1734 186 1599 190 1605 271"/></Shape>
	    <String CONTENT="I"
                    HPOS="1599"
                    VPOS="186"
                    WIDTH="143"
                    HEIGHT="118"
                    WC="0.9999293088912964"></String>
          </TextLine>
        </TextBlock>
        <TextBlock HPOS="1571"
                   VPOS="628"
                   WIDTH="278"
                   HEIGHT="370"
                   ID="eSc_textblock_10d0b57d"
                   TAGREFS="BT13">
          <Shape><Polygon POINTS="1571 628 1571 998 1849 998 1849 628"/></Shape>
          <TextLine ID="eSc_line_c694b592"
                    TAGREFS="LT8"
                    BASELINE="1582 704 1831 702" 
                    HPOS="1577"
                    VPOS="602"
                    WIDTH="253"
                    HEIGHT="134">
            <Shape><Polygon POINTS="1580 703 1580 736 1827 730 1830 700 1821 602 1577 617 1580 703"/></Shape>
	    <String CONTENT="Liniure"
                    HPOS="1577"
                    VPOS="602"
                    WIDTH="253"
                    HEIGHT="134"
                    WC="0.944655282156808"></String>
          </TextLine>
          <TextLine ID="eSc_line_7c7ce2b8"
                    TAGREFS="LT8"
                    BASELINE="1582 787 1837 785" 
                    HPOS="1577"
                    VPOS="709"
                    WIDTH="259"
                    HEIGHT="104">
            <Shape><Polygon POINTS="1580 786 1580 810 1833 813 1836 783 1827 709 1577 718 1580 786"/></Shape>
	    <String CONTENT="de lyma"
                    HPOS="1577"
                    VPOS="709"
                    WIDTH="259"
                    HEIGHT="104"
                    WC="0.9999662382262093"></String>
          </TextLine>
          <TextLine ID="eSc_line_97dd735d"
                    TAGREFS="LT8"
                    BASELINE="1582 870 1744 868" 
                    HPOS="1577"
                    VPOS="810"
                    WIDTH="164"
                    HEIGHT="80">
            <Shape><Polygon POINTS="1580 869 1580 890 1741 884 1741 866 1732 810 1577 810 1580 869"/></Shape>
	    <String CONTENT="ce de"
                    HPOS="1577"
                    VPOS="810"
                    WIDTH="164"
                    HEIGHT="80"
                    WC="0.9995686054229737"></String>
          </TextLine>
          <TextLine ID="eSc_line_450ec45e"
                    TAGREFS="LT8"
                    BASELINE="1582 954 1766 952" 
                    HPOS="1577"
                    VPOS="869"
                    WIDTH="187"
                    HEIGHT="119">
            <Shape><Polygon POINTS="1580 953 1580 988 1764 979 1764 950 1755 869 1577 869 1580 953"/></Shape>
	    <String CONTENT="Dieu."
                    HPOS="1577"
                    VPOS="869"
                    WIDTH="187"
                    HEIGHT="119"
                    WC="0.9999999761581421"></String>
          </TextLine>
        </TextBlock>
        <TextBlock HPOS="1569"
                   VPOS="1393"
                   WIDTH="310"
                   HEIGHT="180"
                   ID="eSc_textblock_2b71adc9"
                   TAGREFS="BT13">
          <Shape><Polygon POINTS="1569 1393 1569 1573 1879 1573 1879 1393"/></Shape>
          <TextLine ID="eSc_line_a689f683"
                    TAGREFS="LT8"
                    BASELINE="1578 1452 1855 1448" 
                    HPOS="1574"
                    VPOS="1374"
                    WIDTH="280"
                    HEIGHT="110">
            <Shape><Polygon POINTS="1577 1451 1577 1484 1854 1484 1854 1445 1845 1374 1574 1380 1577 1451"/></Shape>
	    <String CONTENT="mat.25.d"
                    HPOS="1574"
                    VPOS="1374"
                    WIDTH="280"
                    HEIGHT="110"
                    WC="0.9999984502792358"></String>
          </TextLine>
          <TextLine ID="eSc_line_45f70713"
                    TAGREFS="LT8"
                    BASELINE="1578 1539 1857 1536" 
                    HPOS="1574"
                    VPOS="1463"
                    WIDTH="282"
                    HEIGHT="110">
            <Shape><Polygon POINTS="1577 1538 1577 1573 1854 1573 1856 1535 1848 1463 1574 1475 1577 1538"/></Shape>
	    <String CONTENT="pro.17.a"
                    HPOS="1574"
                    VPOS="1463"
                    WIDTH="282"
                    HEIGHT="110"
                    WC="0.9999847263097763"></String>
          </TextLine>
        </TextBlock>
        <TextBlock HPOS="1617"
                   VPOS="2626"
                   WIDTH="261"
                   HEIGHT="120"
                   ID="eSc_textblock_660d55d5"
                   TAGREFS="BT13">
          <Shape><Polygon POINTS="1617 2626 1622 2746 1878 2740 1878 2626"/></Shape>
          <TextLine ID="eSc_line_445bf44c"
                    TAGREFS="LT8"
                    BASELINE="1631 2706 1867 2703" 
                    HPOS="1625"
                    VPOS="2609"
                    WIDTH="240"
                    HEIGHT="155">
            <Shape><Polygon POINTS="1628 2704 1628 2764 1687 2764 1687 2761 1690 2761 1693 2761 1693 2758 1726 2731 1862 2752 1865 2701 1854 2609 1824 2624 1625 2615 1628 2704"/></Shape>
	    <String CONTENT="Ps̈.18.b."
                    HPOS="1625"
                    VPOS="2609"
                    WIDTH="240"
                    HEIGHT="155"
                    WC="0.9549665517277188"></String>
          </TextLine>
        </TextBlock>
        <TextBlock HPOS="1090"
                   VPOS="2985"
                   WIDTH="516"
                   HEIGHT="102"
                   ID="eSc_textblock_f4208660"
                   TAGREFS="BT17">
          <Shape><Polygon POINTS="1101 3005 1090 3087 1606 3087 1606 2994 1165 2985"/></Shape>
          <TextLine ID="eSc_line_611cff82"
                    TAGREFS="LT8"
                    BASELINE="1106 3056 1593 3046" 
                    HPOS="1104"
                    VPOS="2979"
                    WIDTH="489"
                    HEIGHT="114">
            <Shape><Polygon POINTS="1106 3056 1106 3081 1195 3093 1197 3093 1282 3087 1284 3087 1286 3087 1286 3085 1296 3080 1304 3070 1393 3070 1405 3076 1419 3087 1421 3087 1423 3087 1425 3087 1427 3087 1449 3076 1457 3072 1465 3076 1490 3085 1492 3085 1494 3085 1591 3072 1593 3046 1587 2986 1528 2992 1520 2988 1500 2979 1498 2979 1496 2979 1494 2979 1492 2979 1492 2981 1482 2990 1477 2994 1467 2990 1439 2981 1437 2981 1435 2981 1378 2994 1364 2996 1360 2994 1336 2979 1334 2979 1332 2979 1330 2979 1249 2990 1205 2979 1203 2979 1201 2979 1148 2981 1146 2981 1104 3000 1106 3056"/></Shape>
	    <String CONTENT="Qq iiii mont"
                    HPOS="1104"
                    VPOS="2979"
                    WIDTH="489"
                    HEIGHT="114"
                    WC="0.9819566557804743"></String>
          </TextLine>
        </TextBlock>
      </PrintSpace>
    </Page>
  </Layout>
</alto>
