2267 3563
724 318 1394 111 mont regarde par dedẽs: la ou iay prins lespe

724 405 1400 95 rãce de tes parolles/ la ou iay apperceu tes pa

724 490 1394 107 rolles. Biẽheureux dõc sont ceulx qui uoyẽt

728 576 1382 106 le iuste/ ⁊ sen resiouyssent/ pour ce qͥlz ont espe

739 650 1364 107 rance es parolles de dieu.7 Mais cõbien sont

721 739 1379 113 en grand nombre ceulx qui hayent les iustes:

713 819 1396 116 pour ce que ceulx qui sont iustes scrutinent di

719 905 1387 107 ligẽment les parolles de dieu? et quãt ilz oyẽt

730 994 1367 101 aucuns saiges/ ilz ont de coustume de insidele

730 1078 1107 97 ment les euiter a cause de la doctrine.

881 1155 1116 105 ¶ OmRoise qau .iii. Tome/ de la moit

1156 1241 459 105 de Theodos/e.

710 1327 1393 101 ¶ Helaine donc trouua le tiltre: elle adora le

733 1422 1367 89 roy/ ⁊ non pas le doys: car icelle est lerreur des

736 1499 1352 92 gẽtilz ⁊ la uanite des infideles. Mais adora

736 1582 1311 98 celuy qui a pẽdu au boys/ escript au tilre ⁊c.

742 1647 1337 113 ¶ Iehã Chrysostome au .uii. Tome sur saĩct

834 1748 1156 98 Matthieu: en la .iiii. homelie en la fin.

736 1820 1358 112 ¶ Pourtant a le sainct esprit prins lespece de

730 1915 1373 98 la colõbe: pour ce que sur toutes autres bestes:

736 2001 1361 89 icelle est la uenerateresse de charite. Car les

727 2078 1361 104 sermiteͬ8 du diadle peuuẽt auoir en simulatiõ

721 2164 1361 89 toutes les especes de iustice/ q̃ les seruiteurs

745 2241 1343 104 de dieu ont en uerite. Car le diable en a des de¬

736 2330 1349 89 bõnaires ⁊ des hũbles il en a des chastes ⁊ des

727 2402 1376 106 aumosmiers ⁊ des ieunãs/ ⁊ toute espece de biẽ

733 2497 1367 101 q̃ dieu a cree poͬ le salut des hõmes: le diable

727 2580 1376 101 aussi a introduit telles especes pour seduire:

736 2654 1361 104 affin qͥl y ait cõfusion entre le bien urayemẽt

736 2737 1343 107 faict/ ⁊ le bien faict par simulatiõ: affin q̃ les

722 2832 1362 97 hõmes simples lesq̃lz bõnemẽt ne peuuent en

720 2911 1356 129 tẽdre la differẽce du uray bien ⁊ du biẽ simule/

448 635 282 131 Le con¬

454 754 241 89 temne¬

445 822 244 104 mẽt des

439 899 259 116 Hões sai

445 997 146 116 ges.

1033 182 552 136 De lhonneur

436 1318 253 116 Helaine

439 1410 247 110 na pas

445 1481 271 107 adore le

445 1582 268 89 bois ma

445 1650 268 104 is celuy

445 1733 285 101 qui a pẽ

442 1823 217 95 du au

442 1903 190 116 boys.

442 1980 271 110 Les iu¬

445 2075 274 101 stes ⁊ les

436 2152 247 104 iniustes

439 2244 274 98 peuuẽt a

442 2330 271 83 uoir les

442 2422 262 81 mesmes

445 2488 271 101 espece de

448 2568 241 104 saĩctete

439 2660 282 110 exterio¬

448 2752 131 95 res.

1781 3010 301 109 quant ilz
