2267 3563
348 134 1093 151 des sainctz. Chap̃.xxii.

142 275 1398 124 quãt ilz cherchẽt les hões de dieu bõs/ ilz tom¬

142 356 1385 130 bent entre les seducteurs du diable. * Mais il

145 442 1385 128 ny a q̃ la seulle charite du sainct esprit/ laq̃lle

145 522 1385 131 lesprit ĩmũde ne peult ensuyure. Dõc toute es

139 611 1388 125 pece de iustice est trouuee aux mauuais: mais

133 697 1388 125 le sainct esprit a reserue poͬ luy seul/ la seule

142 774 1379 131 grace de uraye charite: tellemẽt q̃ par la iustice

136 872 1385 107 ou tesmoignaige de ꝑsõne nest ainsi ꝯgneu la

136 956 1367 118 ou est le saĩct esprit/ q̃ par la grace de charite.

148 1066 1384 155 ¶ Ioan.4.C. ¶ Mais lheure uiẽ

138 1197 1386 139 dra/ ⁊ est maintenãt/ quãt les urays

134 1316 1398 132 adorateurs adorerõt le pere en espe¬

144 1443 600 108 rit et en uerite.

146 1532 1384 124 ¶ Chrysostome au .ii. Tome en la .xxxii. ho¬

203 1623 1287 110 melie sur le .iiii. chapitre de saĩct Iehã .C.

144 1702 1408 119 ¶ Il excepte icy ⁊ les Samaritaĩs ⁊ les Iuifz

142 1789 1400 111 des urays adorateurs: ⁊ combien quil ait iuge

136 1868 1396 119 les Iuifz estre les meilleurs/ toutsefoys les a

134 1953 1396 117 iuge estre beaucoup pires que ceulx a uenir

136 2036 1394 113 dautãt que la figure est moindre que la chose

144 2118 1396 118 uraye. Et signifie son eglise pource que icelle

136 2203 1406 118 est la uraie ueneratiõ est deue a dieu. Car aussi

142 2286 1394 119 le pere demande telz adorateurs: si donc long

142 2371 1386 121 temps deuant il demãdoit telz/ toutesfoys ne

140 2454 1386 113 leur ordonna point telle maniere: mais pour¬

139 2532 1391 116 ce le permist il/ affin aussi quil les induist a la

142 2621 1405 113 uerite. Qui sont donc les urays adorateurs?

151 2701 1394 119 * Qui ne determinent point en quelque lieu

136 2788 1397 109 ladoration diuine: qͥ adorẽt dieu en esprit com

136 2877 1376 148 me aussi Paul disoit. * Auq̃l ie sers en esprit.

1595 144 137 119 333

1556 341 253 125 Seule

1539 445 249 95 charite

1545 525 190 92 diuise

1545 605 231 107 les filz

1536 688 264 104 du roy¬

1536 774 264 104 aulme ⁊

1536 849 252 113 du dia¬

1533 941 127 113 ble.

1550 2520 262 110 la uraye

1562 2621 238 89 adorati¬

1553 2693 247 109 on de di¬

1539 2785 222 106 eu nest

1530 2865 264 113 pas cor¬

1530 2963 225 107 porelle.

1206 2954 300 142 en leuan¬
