2267 3563
1138 176 641 134 De la sepulture

772 296 1367 131 en leuangile de son filz. Et derechief. * Mes

781 406 1361 107 freres ie uous prie par la misericorde de dieu:

762 484 1382 111 q̃ uous exhibez uoz corps hostie uiuante sain

748 572 1400 106 cte/ plaisante a dieu: que uostre seruice soit rai¬

746 655 1394 109 sonnable. En ce quil dit seruir en esprit/ il si¬

744 740 1400 103 gnifie que le seruice nest pas corporel. Et fault

752 823 1390 103 que ceste ueneration soit dune chose incorpo¬

764 904 1382 107 ree: ⁊ fault quelle soit offerte par une chose in¬

768 997 1380 101 corporee qui est en nous/ cest adire/ par lame/ ⁊

770 1072 697 109 par la purete de lame.

770 1233 1372 164 ¶ De la sepulture des

940 1383 1016 141 mortz. Chap̃.xxiii.

948 1563 1012 107 ¶ Chrysostome au .ii. Tome en la

1025 1652 873 107 .lxxxiiii. Homelie/ sur le .xx.

1094 1733 743 105 chap̃. de sainct Iehã.B.

1093 1814 1058 118 Oy/ quant tu as ouy que le seigñr

1087 1909 1064 98 est resuscite tout nud: ie te prie: cesse

1090 1983 1055 113 de la superfluite de despẽs/ insensee

1066 2066 1079 113 quãt a la sepulture. * Quelle chose

772 2146 1367 113 ueult estre ceste superfluite/ ⁊ telz despẽs inuti

787 2238 1355 110 les: ce q̃ uient en grand detrimẽt a ceulx qͥ les

781 2324 1358 104 font: ⁊ ne font nulle utilite aux mortz: mais

781 2399 1364 115 plꝰ tost dõmaige? Car aussi la sepulture sum¬

781 2488 1361 110 ptueuse aucunesfoys est cause/ que les larrõs

781 2568 1361 107 deffouissent le corps/ ⁊ le iectent au loing tout

781 2648 1352 116 nud ⁊ sans ensepuelir: mais aussi cõbien mõ¬

762 2739 1370 111 stre elle la uaine gloire/ combien grande force

758 2826 1370 105 aussi monstre elle en lamentation/ ⁊ combien

758 2911 1378 123 grande forsenerie? Parquoy plusieurs aussi

772 1805 291 371 T

484 302 223 113 Ro.1.b

487 397 255 125 Ro.12.a

549 2057 208 131 Trop

484 2167 220 101 grandz

481 2250 261 92 despens

478 2318 282 113 en la se¬

484 2410 258 95 pulture

484 2485 285 107 ðs mortz

490 2580 270 95 sont re¬

481 2663 285 119 prouuez.

1811 2994 341 119 affin que
