2267 3563
180 271 1039 111 blant ⁊ augmentant les richesses.

386 354 948 121 ¶ Heerosme au .uiii.Tome/ sur

477 441 770 113 la. lxxxui. pseaulme. A.

207 534 1343 148 ¶ Les fondemẽs dicelle sõt es sain¬

188 665 1073 126 ctes montaignes/ au uerset.

181 763 1378 127 ¶ Le seigneur recitera en lescripture des peu¬

186 853 1380 118 ples/ ⁊ des princes: de ceulx qui ont este en icel

192 940 1374 115 le. Il na pas dit/ qͥ sont en icelle/ mais qui ont

186 1017 1384 117 este en icelle. Le seigñr recitera. Et cõment reci

180 1098 1396 121 tera il? Non point par parolle: mais par lescri

175 1178 1393 134 pture.7 En q̃lle escripture? En lescripture des

178 1255 1384 140 peuples. Il ne suffit pas en celle des peuples/

178 1353 1375 110 mais aussi dit en celle des princes. Et de quelz

181 1425 1390 133 princes? De ceulx qͥ sont en elle. Il na pas dit

184 1511 1402 122 cela: mais de ceulx qͥ ont este en elle. Regor dez

190 1603 1423 113 donc cõmẽt la saincte eloerpture est ploine de

205 1678 1410 127 sacremẽs Qous uisons lapostre sainct Paul:

201 1765 1404 115 nous lisons sainct Pierre: ⁊ lisons celuy qͥ dit.

210 1843 1367 116 2Demãdez uous experrẽce de celuy qut par¬

186 1931 1376 115 le en moy ascauoir Christ? Et ce q̃ Paul par¬

181 2001 1378 124 le/ Christ le dit.? Car celuy qͥ uous receoit il

181 2090 1384 127 me receoit. Nostre seigneur donc ⁊ nostre sau¬

188 2187 1378 115 ueur/ il nous recite ⁊ parle a nous es escriptu¬

192 2268 1389 117 res de ses princes. Le seigneur racõtera es escri

201 2351 1394 117 ptures des peuples. Es escriptures sainctes.

199 2428 1408 121 Laquelle escripture es leute a tous peuples:

188 2511 1425 121 cest adire/ affin q̃ tous lentendent. Et ce qui dit

184 2595 1427 122 cest adire/ ce que les apostres ont escript/ ainsi

192 2676 1409 124 a le mesme seigneur parle/ cest adire par ses

184 2767 1393 124 euangiles: non pas affin que peu de gens les

186 2848 1384 146 entendissent/ mais affin que tous lentendis¬

457 127 960 161 de dieu. Chaꝰ.xt.

1631 142 152 117 Li

1592 760 250 124 Ps̈.86.a

1583 1134 247 133 Quelle

1571 1241 241 112 est les¬

1571 1336 262 92 cripture

1583 1413 271 113 des prin

1604 1505 113 95 ces

1586 1840 270 113 2.cor.13a

1571 1989 277 113 mat.10.d

1583 2084 265 125 Luc.10.c

1589 2743 259 163 1.tim̃.2.a

1231 2931 329 127 sent Plato
