2267 3563
114 281 1400 130 affin que ce ne leur aduiẽne: ilz couppent des

114 368 1382 128 linceulx bien desliez/ ⁊ les emplissent de plu¬

128 463 1366 118 sieurs drogues aromatiques: affin q̃ par deux

122 538 1380 125 raisons il soyẽt faictz inutiles aux larrons: ⁊

114 619 1386 127 ainsi les boutent en la terre. Telles choses ne

108 704 1382 131 appartiẽnẽt elles poĩt aux insensez ⁊ furieux?

108 785 1384 125 ascauoir/ en mõstrãt leur ambition/ la cuider

120 870 1380 125 oster? Nous nous efforcõs (dit il) de faire tou

112 950 1386 128 tes ces choses/ affin urayemẽt qͥl ny ait nulle

110 1037 1390 128 occasion de le desrober. Que sera ce dõc si per¬

114 1120 1392 129 sonne ne le desrobe? Les tignes ⁊ les uers ne le

110 1201 1394 131 cõsumerõt ilz point? Et se ceulx ne le cõsumẽt

110 1288 1390 125 le temps ⁊ la pourriture ne le consumera elle

106 1365 1400 140 point?7 Mais ia soit aussi que les larrons ne

106 1448 1418 137 les uers/ ne le tẽps ne quelque autre chose ne

127 1526 1397 139 soit a craindie: mais que le corps demeure ius¬

115 1612 1424 127 ques a la resurrection sans y toucher/ ⁊ q̃ tou

112 1698 1403 133 tes ces choses icy perseuererõten lexe mom22e.

118 1787 1382 122 lete: quel proffit en uiendra aux mortz? car le

121 1867 1379 134 corps resuscitera tout nud. Aussi ces choses

118 1944 1382 128 demeurent icy/ ⁊ ne proffitent riens a ce corps

122 2038 1390 127 sans ame. Mais pourquoy (diras tu) a ce este

122 2118 1404 130 obserue en Christ? Ce a este faict iustemẽt. Ne

124 2201 1412 134 uueille pas comparer ces choses aux humai¬

130 2280 1400 133 nes.? Car aussi la paillarde respãdit loigne¬

126 2373 1400 123 ment/ ⁊ oignit les piedz sainctz. Que sil fault

128 2452 1392 125 parler de cesle chose. Premieremẽt ces choses

136 2545 1396 117 ont este faictes de ceulx qui nentendoient pas

130 2622 1414 129 la raison de la resurrection. Pourtant (dit il)

140 2709 1364 125 ainsi quil estoit de coustume aux Iuifz.

138 2785 1398 136 Et aussi nul des douze nauoit faict ces cho¬

140 2874 1386 154 ses: mais ceulx qui nauoient pas poursuynt

314 127 1097 175 des mortz. Cha.xxih.

1553 154 208 145 Z34

1524 1356 145 110 Les

1545 1445 190 104 mortz

1545 1523 276 118 nõt nulz

1553 1606 235 113 proffitz

1530 1692 279 104 de la de¬

1521 1772 279 119 spẽse de

1518 1879 249 92 leur se¬

1518 1947 282 122 pulture.

1547 2274 271 136 Luce.7.f

1227 2961 291 124 Iesus par
