2267 3563
481 409 279 122 rom̃.8.g

768 340 1378 121 Iesus par grand honneur. Et les douze ne fi¬

781 421 1370 134 rẽt pas ainsi: mais se exposerẽt pour luy a la

756 518 1390 117 mort ⁊ aux bastures/ leq̃l hõneͬ est beaucoup

742 595 1406 115 plus grãd. Dauãtaige (cõme iay dit) nr̃e pa¬

732 680 1412 123 rolle est maintenãt des hõmes: mais ceste sut

730 766 1416 118 exhibee au seigñr. Et affin que tu entẽde que

734 845 1418 122 Christ na nul soing de ces choses: aussi il dit

757 923 1391 134 A uous mauez ueu auoir fain: ⁊ uous mauez

760 1007 1384 125 dõne a mẽger: auoir soif: ⁊ uous mauez dõne a

758 1090 1370 125 boire: nud/ et uous mauez uestu: et ne dit pas/

757 1166 1364 140 mort et uous mauez ensepuely.4 Ce q̃ ie dis/

739 1252 1379 137 nest pas que ie uueille deffedre la sepulture: ce

751 1336 1364 124 naduiẽne: mais uueil oster la põpe ⁊ lambitiõ

772 1419 1349 133 superflue. Lofection (dira quelcun) ⁊ la dou¬

772 1502 1349 125 leur/ et la misericorde du moit me faict faire

763 1576 1355 140 telles choses: ce nest pas misericorde/ mois est

760 1674 1366 123 uaine gloire. Car si tu ueulx auoir pitie du

750 1761 1388 117 mort: ie te mõstreray une autre uoye de aorner

754 1840 1388 117 sa sepulture: ⁊ te enseigneray cõment tu aorne

750 1925 1386 123 ras le mort des uestemẽs lesq̃lz ensemble resu

744 2007 1382 118 sciteront auec kry: et le rendrõ/ glorieux. Les

732 2094 1384 122 uestemens icy ne sont pas mẽgez des tignes/

756 2177 1356 117 si ne se cõlumment noint poe uieidesse/ ⁊ si ne

763 2247 1340 134 sont pas desrobez des larrõs. Quelz sont ilz?

763 2339 1358 131 A Aumosne est ung uestement qui resuscitera.

766 2419 1349 134 Aumosne sera comme ung signacle auec luy

766 2500 1358 136 Ceulx reluyront de telz uestemens/ qui lors

763 2592 1355 115 oyront. Uous mauez ueu auoir fain/ et uous

760 2672 1349 127 mauez dõne a mẽger: telz uestemẽs les font no

757 2758 1352 128 bles/ telz les font glorieux/ telz les font asseu

742 2841 1358 122 rez. Car les choses presentes/ ne sont autre

742 2927 1367 149 chose q̃ uiande aux uers ⁊ aux tignes: toutes¬

457 920 285 119 mat.25.d

1130 209 651 131 De la sepulture

475 1152 267 109 Lambi¬

463 1255 261 107 tion ⁊ la

460 1342 247 92 põpe de

469 1407 279 110 sepultu¬

469 1496 279 110 re soit o¬

487 1582 133 98 stee.

466 2241 273 113 Aumos¬

463 2333 276 110 ne est la¬

460 2419 273 95 coustre¬

460 2508 273 101 mẽt des

454 2586 282 104 mortz la

454 2672 285 101 quelle ilz

457 2764 279 95 ont faict

451 2835 241 95 durant

451 2927 273 119 leur uie.

1857 3042 261 127 foys ne
