2267 3563
318 150 1091 135 des mortz. Chap̃.xxiii.

104 285 1402 112 foys ne deffens point la sepulture: mais q̃ ma

102 374 1390 103 niere y soit gardee/ que le corps soit couuert/ ⁊

110 457 1378 107 quil ne soit point mis nud en la terre. Car sil

114 538 1384 107 est cõmande aux uiuãs/ quilz nayent riens si

110 621 1386 105 non ung uestemẽt: beaucoup plus est cõman¬

104 706 1388 99 de des mortz. Car aussi le mort na que faire de

104 787 1386 105 uestement cõme le uiuãt: car tandis que nous

110 872 1386 99 uiuõs/ nous auons affaire de uestementz/ tãt

114 956 1380 104 pour le froit que pour le chault ⁊ pour la hon

108 1039 1392 101 te: mais les mortz nõt nulle telle necessite: seu

106 1122 1396 107 lemẽt fault couurir le corps quil ne gise tout

106 1209 1388 97 nud. Mais premier/ nous auõs la terre pour

114 1294 1388 97 une bonne couuerture: ⁊ fort conuenable a la

110 1373 1390 93 nature du corps que sil est ainsi/ que nulle su¬

112 1456 1388 107 perfluite ne doibt estre cherchee/ la ou si grã¬

114 1541 1398 99 de necessite cõstrainct: beaucoup moins la ou

116 1625 1414 105 il ny a nulle necessite. Mais tu diras: ceulx qͥ

116 1704 1422 105 le uerrõt sen mocquerõt. Quen est ce? Cõbien

122 1787 1418 107 q̃ tu soye mocque: aussi doibtz tu estimer a riẽs

116 1872 1416 105 le iugemẽt du fol? mais plus tost plusieurs se

118 1953 1392 111 esmerueilleront de toy: ⁊ poursuyurõt nr̃e do¬

115 2030 1391 119 ctrine. * Car ces choses ne sont pas dignes de

118 2114 1397 109 rire: mais les choses que maintenãt nous fai¬

127 2197 1397 115 sons/ quãt nous lamẽtons/ quãt nous plou¬

124 2283 1397 104 rõs/ quãt nous uoulõs/ ensẽble auec le mort

134 2369 1386 107 bouter en la terre: telles choses sont dignes de

126 2456 1400 107 estre mocquees ⁊ aussi de tormẽt: mais en met¬

138 2537 1404 109 tant maniere ⁊ moderatiõ a telz despẽs/ cest cõ

136 2618 1414 113 me une sapiẽce fort louable/ ⁊ ung chascũ ses¬

136 2703 1416 111 iouyra de nous/ ⁊ serõt esmerueillez de la uer¬

138 2785 1410 110 tu de Christ: et diront. O cõbien grande est la

136 2872 1392 134 puissance de Christ: Il a donne a croire aux

1565 148 149 160 335

1524 2010 258 121 Cest fol

1539 2111 249 112 lie ð plo

1542 2209 219 86 rer les

1533 2292 222 110 mortz.

1243 2963 287 103 mourans
