2267 3563
481 403 279 131 1.thes.4.c

475 632 252 160 Les chre

463 760 258 106 stiens ne

460 852 238 98 doibuẽt

451 929 294 116 guere esti¬

460 1012 297 113 mer la se

469 1095 273 110 pulture.

756 332 1386 121 mourãs ⁊ a ceulx qͥ sont reduis a corruption/

772 415 1373 119 que ce nest pas la mort. Car ilz ne sont pas tri

754 504 1385 122 stes cõme de ceulx qͥ perissẽt/ mais sõt ioyeux

742 581 1400 134 cõe de ceulx qui passent en ung meilleur lieu.

742 682 1394 92 YIl a donne a croire que ce corps icy moitel ⁊

733 748 1397 124 terrestre sera uestu de ung uestemẽt beaucoup

745 831 1388 128 xlus precieux q̃ de soye/ ⁊ distingue dor: asca¬

766 917 1379 122 uoir de immortalite: poͬ laq̃le chose nont pas

775 1003 1370 119 grand soing de la sepulture: mais estiment la

769 1083 1364 125 meilleure uie estre la meilleure sepulture. Si lz

740 1173 1382 115 nous uoyent amsi philosopher ces choses/ ilz

728 1260 1388 113 dirõt. Que les plourãs plourẽt: ⁊ se mocque¬

732 1344 1386 97 ront des hõmes effeminez enuirõnans les fem

750 1423 1364 115 mes qui plourent/ ⁊ leur dirõt opprobre et les

756 1508 1366 107 reprendront grandement: ⁊ appelleront forse-

752 1589 1370 115 nerie telz despens. Car aussiouxõs nous tel¬

754 1674 1366 111 les choses estre aceusees: ⁊ non point sãs cau¬

756 1757 1372 111 se. Car q̃lle excuse aurõs nous quãt nous aor

748 1836 1388 107 nons le corps qͥ doibt estre cõsume par pourri¬

748 1922 1386 116 ture ⁊ des uers: ⁊ nous contẽnons Christ ayãt

742 2007 881 128 fain/ torrt /d/ ⁊ sans logis?

888 2173 1061 202 ¶ De Antecorist.

1146 2365 562 142 Chap̃.xxiiii.

1096 2511 704 158 ¶ Danie.8.F.

1098 2668 1014 140 L se esleuera ung roy de

1098 2785 1020 134 face impudente/ ⁊ entendãt

1093 2891 1016 164 les ꝓpositiõs: ⁊ sa force sera

1086 192 646 142 De Antechrist.

459 2739 273 93 apoc.17.

459 2816 144 89 a.b.

757 2663 318 436 I

1742 3020 378 109 corroboree
