2267 3563
235 174 1245 138 De Antechrist. Cha.xxiiii.

91 326 1386 127 corroborre/ mais non point par ses

124 441 1362 133 forces: ⁊ gastera toutes choses plus

104 564 1367 120 quon ne scauroit croyre: ⁊ aura pro¬

98 659 1369 139 sperite/ ⁊ le fera. Et occira les robu¬

102 785 1369 129 stes/ ⁊ le peuple des sainctz selon sa

98 894 1371 137 uolunte: ⁊ la fraude sera adressee en

98 1013 1384 131 sa main: ⁊ magnifiera son cueur: et

91 1128 1384 132 en occira plusieurs par labondance

93 1245 1376 124 de toutes choses. Et se esleuera con¬

93 1359 1385 145 tre le prince des princes: ⁊ sera froisse

91 1478 463 121 sans main.

104 1579 1390 143 2.Thessa.2.A. ¶ Que nul ne

91 1708 1415 128 uous seduise aucunement: car si pre

93 1821 1403 128 mier la diuision nest uenue/ ⁊ q̃ lhõ¬

93 1931 1389 139 me de peche le filz de perdition soit

95 2054 1383 129 reuele: lequel est aduersaire/ ⁊ se eslie¬

98 2169 1394 125 ue par dessus tout ce qui est dit dieu/

102 2290 1394 120 ou qui est honnore tellement que il

108 2395 1369 132 se sied au temple de dieu/ en soy mon

104 2507 1091 135 strant comme sil estoit dieu.

104 2652 1404 129 1.Ioã.2.C. ¶ Mes petis enfãs/

102 2769 1410 122 la derniere heure est uenue. Et cõme

108 2878 1386 148 uous auez ouy/ que Antechrist est

1583 192 187 137 336

1479 662 276 118 apoc.14c

1480 762 278 106 18.a.b.cd

1296 3006 194 87 uenu:
