2267 3563
734 322 1380 145 uenu: maintenant aussi plusieurs

744 443 923 144 sont faictz Antechristz.

740 556 1382 148 1.Ioan .4.A. ¶ Aussi tout esprit

714 671 1404 144 qui diuise Iesus/ nest pas de dieu: et

714 789 1398 141 cestuy est Antechrist: duquel uous

738 910 1388 137 auez ouy/ quil est uenu: ⁊ maintenãt

742 1027 752 130 est desia au monde.

825 1152 1137 124 ¶ Hilatreau bure contre Auxentium

1057 1252 722 96 ou contre les Aerians.

739 1324 1358 121 ¶ Certes le nom de paix est beau: ⁊ belle est lo

751 1413 1361 116 pinion de unite?t Mais qui doubte q̃ cest ceste

751 1496 1361 122 seule paix ⁊ unique de leglise ⁊ des euãgiles/

751 1573 1370 122 laq̃lle est de Christ? Delaq̃de parla aux apo

745 1650 1385 131 stres apres la gloire de sa passion: loq̃lle quãt

751 1733 1373 119 il sen debuoit aller la rocõmanda cõme le gai

742 1825 1376 116 ge de son mandemẽt eternel: icelle mes tresay-

740 1908 1380 120 mez freres auons nous solicite de la q̃rir quãt

751 1995 1379 122 elle a este perdue/ de la reffaire quãt ellea este

726 2072 1396 111 troublee/ ⁊ de la tenir quãt elle a este trouuee.

738 2157 1380 119 Mois les pechez de nostre temps icy ne lont

736 2240 1374 121 pas desseruy/ ⁊ aussi les messagiers ⁊ les mi-

734 2323 1376 121 nistres de Antechrist assez eminẽt ne lont pas

742 2401 1382 126 souffert: lesquelz se uantẽt de leur paix/ cest

734 2490 1400 112 adire/ de lunite de leur impiete: en eulx saisãt

734 2573 1392 115 non pas cõme les euesques de Christ: mais cõ¬

732 2660 1384 115 me les prestres de Antechrist. Et affin que ne

740 2741 1368 123 soyõs reprins de user de cõmices ⁊ de mauuai¬

736 2822 1360 117 ses parolles a lencõtre deulx/ nous ne celerõs

730 2903 1364 143 point la cause de la perdition publicque/ affin

1053 182 629 140 De Antechrist.

454 1321 267 130 La uraie

457 1428 276 107 paix des

460 1505 273 104 chrestiẽs

457 1588 279 116 Ephe.4.

463 1692 143 77 a.c.

460 1751 279 113 Ioã.20.c

451 1989 285 175 Ioã.14.d

1803 2996 301 105 quelle ne
