2267 3563
283 150 1287 160 De Antechrist. Cha.xxiiii.

154 279 1382 139 quelle ne soit ignoree de persõne: ascauoir que

160 383 1367 115 il y a plusieurs Antechristz/ ce que aussi auõs

166 465 1378 128 congneu par Iehan Lapostre le preschãt. Car

164 544 1384 125 quiconque a nye Christ estre tel qͥl a este pres¬

151 626 1367 128 che par les Apostres: il est Antechrist.?La pro

148 697 1388 140 priete du nom de Antechrist/ est destre contrai¬

154 789 1382 131 re a Christ. Ce maintenant est faict foubz esti¬

160 881 1376 119 mation de faulse opinion: ce est presche soubz

158 967 1386 115 lespece de la p̃dication euangelique: tellement

158 1051 1392 116 que la ou on estime que le seigneur Iesuchrist

160 1132 1390 117 soit presche/ adonc est denie. Et premier fault

158 1217 1390 121 auoir pitie de la labeur de nostre temps ⁊ grã¬

156 1300 1394 123 dement gemir les folles opinions des temps

160 1387 1400 123 presentz: par lesquelles opinions on croit que

162 1470 1392 123 les choses humaines puissent ayder enuers

162 1545 1388 125 dieu: ⁊ pour deffẽdre leglise de christ/ on labou

166 1621 1399 139 re a ambition secuhiere.? Ie uous prie Eues¬

160 1704 1417 139 ques uous qͥ croyez estre cede chose: de quelz

181 1787 1393 142 sufraiges ont use les Apostres pour prescher

166 1879 1396 131 leuãgile? de quelles puissances ont ilz este ap¬

166 1959 1390 128 dez pour prescher Christ: et pour quasi trans¬

160 2045 1387 131 muer tous les gentilz de leurs ydoles a dieu?

172 2119 1384 146 Ont ilz prins quelque dignite du palais/ en

166 2214 1402 127 chantãt hymnes a dieu en la prison/ entre les

163 2286 1399 130 chaines ⁊ apres les flagellatiõs? Paul assem

178 2372 1384 139 bloit il leglise a Christ par le dit du roy/ quãt

169 2461 1384 119 cesticy estoit comme ung spectacle au theatre?

176 2545 1407 131 il se deffẽdoit (se croy ie) de Nerõ/ ou de Uas-

178 2630 1407 129 pasien/ ou de Decius? par les haynes desq̃lz

180 2713 1403 127 a lencontre de nous la confession dela diuine

172 2782 1402 151 p̃dication fut clarisiee.◊ Iceulx se nourrissãs

172 2874 1402 151 de loeuure de leurs mains/ en conuenant en¬

1559 270 295 127 1.Ioã.2.d

1550 383 194 100 ⁊.4.a

1622 157 154 133 8z

1559 611 259 116 La pro¬

1559 709 268 104 priete du

1559 780 259 113 nõ de an

1559 875 241 164 techrist.

1595 1615 253 116 Les cho

1604 1713 232 95 ses hu¬

1598 1799 226 86 maines

1583 1867 259 113 ne aydẽt

1574 1965 268 92 point en

1574 2027 274 113 uers Di

1586 2119 101 98 eu.

1580 2268 241 128 Act̃.5.g

1580 2372 268 101 Actu.16.

1586 2461 226 98 e.f.17.e

1188 2960 386 127 Rr semble

1586 2758 259 136 Las apo

1586 2865 262 116 stres p̃s¬

1586 2966 256 145 scherẽt x
