<?xml version="1.0" encoding="UTF-8"?>
<alto xmlns:xsi="http://www.w3.org/2001/XMLSchema-instance"
      xmlns="http://www.loc.gov/standards/alto/ns-v4#"
      xsi:schemaLocation="http://www.loc.gov/standards/alto/ns-v4# http://www.loc.gov/standards/alto/v4/alto-4-2.xsd">
  <Description>
    <MeasurementUnit>pixel</MeasurementUnit>
    <sourceImageInformation>
      <fileName>257_a222c_default.jpg</fileName>
      <fileIdentifier>https://www.e-rara.ch/i3f/v20/4106415/full/full/0/default.jpg</fileIdentifier>
    </sourceImageInformation>
  </Description>
  <Tags>
    <OtherTag ID="BT8" LABEL="DamageZone" DESCRIPTION="block type DamageZone"/><OtherTag ID="BT10" LABEL="DropCapitalZone" DESCRIPTION="block type DropCapitalZone"/><OtherTag ID="BT11" LABEL="GraphicZone" DESCRIPTION="block type GraphicZone"/><OtherTag ID="BT12" LABEL="MainZone" DESCRIPTION="block type MainZone"/><OtherTag ID="BT13" LABEL="MarginTextZone" DESCRIPTION="block type MarginTextZone"/><OtherTag ID="BT15" LABEL="NumberingZone" DESCRIPTION="block type NumberingZone"/><OtherTag ID="BT17" LABEL="QuireMarksZone" DESCRIPTION="block type QuireMarksZone"/><OtherTag ID="BT18" LABEL="RunningTitleZone" DESCRIPTION="block type RunningTitleZone"/><OtherTag ID="BT20" LABEL="StampZone" DESCRIPTION="block type StampZone"/><OtherTag ID="BT21" LABEL="TableZone" DESCRIPTION="block type TableZone"/><OtherTag ID="BT22" LABEL="TitlePageZone" DESCRIPTION="block type TitlePageZone"/>
    <OtherTag ID="LT8" LABEL="DefaultLine" DESCRIPTION="line type DefaultLine"/><OtherTag ID="LT9" LABEL="DropCapitalLine" DESCRIPTION="line type DropCapitalLine"/><OtherTag ID="LT10" LABEL="HeadingLine" DESCRIPTION="line type HeadingLine"/><OtherTag ID="LT11" LABEL="InterlinearLine" DESCRIPTION="line type InterlinearLine"/><OtherTag ID="LT311" LABEL="default" DESCRIPTION="line type default"/>
  </Tags>
  <Layout>
    <Page WIDTH="2267"
          HEIGHT="3563"
          PHYSICAL_IMG_NR="257"
          ID="eSc_dummypage_">
      <PrintSpace HPOS="0"
                  VPOS="0"
                  WIDTH="2267"
                  HEIGHT="3563">
        <TextBlock HPOS="993"
                   VPOS="126"
                   WIDTH="690"
                   HEIGHT="155"
                   ID="eSc_textblock_9002b703"
                   TAGREFS="BT18">
          <Shape><Polygon POINTS="993 126 993 281 1683 281 1683 126"/></Shape>
          <TextLine ID="eSc_line_18d85bbb"
                    TAGREFS="LT10"
                    BASELINE="1025 243 1653 239" 
                    HPOS="1023"
                    VPOS="138"
                    WIDTH="630"
                    HEIGHT="139">
            <Shape><Polygon POINTS="1635 150 1599 140 1597 140 1577 140 1530 152 1524 154 1516 152 1480 140 1478 140 1461 138 1447 150 1445 154 1433 150 1411 144 1409 144 1407 144 1376 150 1334 156 1314 148 1290 138 1288 138 1286 138 1243 146 1187 156 1027 142 1023 144 1025 243 1025 277 1084 265 1164 273 1180 275 1182 275 1217 273 1338 261 1441 265 1581 273 1583 273 1651 259 1653 239 1651 160 1637 152"/></Shape>
	    <String CONTENT="De Antechrist."
                    HPOS="1023"
                    VPOS="138"
                    WIDTH="630"
                    HEIGHT="139"
                    WC="0.9967520620141711"></String>
          </TextLine>
        </TextBlock>
        <TextBlock HPOS="689"
                   VPOS="279"
                   WIDTH="1455"
                   HEIGHT="2710"
                   ID="eSc_textblock_18c42a28"
                   TAGREFS="BT12">
          <Shape><Polygon POINTS="709 279 709 381 709 466 721 558 721 631 695 659 695 715 697 733 697 794 691 821 689 828 690 888 711 1032 725 1115 725 1210 690 1243 700 1372 706 1460 722 1496 725 1634 700 1727 697 1739 700 1938 730 1976 729 2040 717 2070 716 2197 733 2247 738 2394 710 2445 711 2697 736 2732 725 2859 732 2895 733 2989 2140 2976 2144 279"/></Shape>
          <TextLine ID="eSc_line_f0f06507"
                    TAGREFS="LT8"
                    BASELINE="720 360 1148 356 2088 362" 
                    HPOS="716"
                    VPOS="273"
                    WIDTH="1369"
                    HEIGHT="121">
            <Shape><Polygon POINTS="719 359 716 391 2079 394 2085 359 2079 279 1334 290 1298 276 1295 276 1292 276 1286 276 1209 290 1161 276 1158 276 1155 276 1149 276 1060 290 1036 276 1033 273 1030 273 1028 273 1025 273 719 273 719 359"/></Shape>
	    <String CONTENT="semble dedens les chambres ⁊ lieux secretz/ et"
                    HPOS="716"
                    VPOS="273"
                    WIDTH="1369"
                    HEIGHT="121"
                    WC="0.9938627235267473"></String>
          </TextLine>
          <TextLine ID="eSc_line_518bab52"
                    TAGREFS="LT8"
                    BASELINE="725 447 2086 447" 
                    HPOS="724"
                    VPOS="383"
                    WIDTH="1361"
                    HEIGHT="100">
            <Shape><Polygon POINTS="724 445 724 478 2082 483 2085 445 2085 383 724 383 724 445"/></Shape>
	    <String CONTENT="par les rues ⁊ uillages: ⁊ en enuirõnãs quasi"
                    HPOS="724"
                    VPOS="383"
                    WIDTH="1361"
                    HEIGHT="100"
                    WC="0.9960620973972564"></String>
          </TextLine>
          <TextLine ID="eSc_line_99154794"
                    TAGREFS="LT8"
                    BASELINE="730 528 2088 528" 
                    HPOS="727"
                    VPOS="463"
                    WIDTH="1358"
                    HEIGHT="104">
            <Shape><Polygon POINTS="727 525 727 555 2082 567 2085 525 2085 469 727 463 727 525"/></Shape>
	    <String CONTENT="toutes gens par terre et par mer contre les or¬"
                    HPOS="727"
                    VPOS="463"
                    WIDTH="1358"
                    HEIGHT="104"
                    WC="0.9973791406509724"></String>
          </TextLine>
          <TextLine ID="eSc_line_c414a110"
                    TAGREFS="LT8"
                    BASELINE="731 608 2092 613" 
                    HPOS="727"
                    VPOS="534"
                    WIDTH="1364"
                    HEIGHT="107">
            <Shape><Polygon POINTS="730 605 727 641 2088 641 2091 611 2091 555 1441 555 1390 543 1354 537 1351 537 1200 540 825 549 730 534 730 605"/></Shape>
	    <String CONTENT="donnãces des senateurs ⁊ les edictz des roix:"
                    HPOS="727"
                    VPOS="534"
                    WIDTH="1364"
                    HEIGHT="107"
                    WC="0.9733984288961991"></String>
          </TextLine>
          <TextLine ID="eSc_line_37bbf1c8"
                    TAGREFS="LT8"
                    BASELINE="714 691 2082 698" 
                    HPOS="710"
                    VPOS="629"
                    WIDTH="1369"
                    HEIGHT="101">
            <Shape><Polygon POINTS="713 688 710 718 2073 730 2079 697 2076 635 713 629 713 688"/></Shape>
	    <String CONTENT="nauoiẽt pas (se croy ie) les clefz du royaulme"
                    HPOS="710"
                    VPOS="629"
                    WIDTH="1369"
                    HEIGHT="101"
                    WC="0.9946855014943062"></String>
          </TextLine>
          <TextLine ID="eSc_line_13561373"
                    TAGREFS="LT8"
                    BASELINE="705 774 2080 777" 
                    HPOS="701"
                    VPOS="709"
                    WIDTH="1378"
                    HEIGHT="104">
            <Shape><Polygon POINTS="704 771 701 798 2073 813 2079 774 2079 709 704 709 704 771"/></Shape>
	    <String CONTENT="des cieulx? Ou alors la uertu de dieu manife"
                    HPOS="701"
                    VPOS="709"
                    WIDTH="1378"
                    HEIGHT="104"></String>
          </TextLine>
          <TextLine ID="eSc_line_a501f4e6"
                    TAGREFS="LT8"
                    BASELINE="701 861 2090 861" 
                    HPOS="698"
                    VPOS="792"
                    WIDTH="1390"
                    HEIGHT="107">
            <Shape><Polygon POINTS="698 858 698 899 2088 896 2088 858 2088 801 698 792 698 858"/></Shape>
	    <String CONTENT="ste ne se monstra elle pas contre les haynes hu"
                    HPOS="698"
                    VPOS="792"
                    WIDTH="1390"
                    HEIGHT="107"
                    WC="0.9878450974504999"></String>
          </TextLine>
          <TextLine ID="eSc_line_12cd84df"
                    TAGREFS="LT8"
                    BASELINE="710 945 2098 942" 
                    HPOS="704"
                    VPOS="869"
                    WIDTH="1393"
                    HEIGHT="113">
            <Shape><Polygon POINTS="707 944 707 982 846 967 2091 967 2097 941 2091 884 820 869 817 869 704 884 707 944"/></Shape>
	    <String CONTENT="maines? quant dautant estoit Christ plus an¬"
                    HPOS="704"
                    VPOS="869"
                    WIDTH="1393"
                    HEIGHT="113"></String>
          </TextLine>
          <TextLine ID="eSc_line_a822ba2e"
                    TAGREFS="LT8"
                    BASELINE="725 1029 2100 1029" 
                    HPOS="724"
                    VPOS="967"
                    WIDTH="1373"
                    HEIGHT="101">
            <Shape><Polygon POINTS="724 1027 724 1068 2097 1068 2097 1027 2097 967 724 967 724 1027"/></Shape>
	    <String CONTENT="nonce/ que plus on le deffendoit. Mais helas"
                    HPOS="724"
                    VPOS="967"
                    WIDTH="1373"
                    HEIGHT="101"
                    WC="0.9972345260056582"></String>
          </TextLine>
          <TextLine ID="eSc_line_2c09cf84"
                    TAGREFS="LT8"
                    BASELINE="737 1109 918 1106 2088 1114" 
                    HPOS="733"
                    VPOS="1042"
                    WIDTH="1352"
                    HEIGHT="110">
            <Shape><Polygon POINTS="736 1107 733 1131 1663 1152 1666 1152 2082 1137 2085 1113 2082 1051 736 1042 736 1107"/></Shape>
	    <String CONTENT="maintenant les suffrages terriens louent la"
                    HPOS="733"
                    VPOS="1042"
                    WIDTH="1352"
                    HEIGHT="110"
                    WC="0.9996942780738654"></String>
          </TextLine>
          <TextLine ID="eSc_line_77b87f97"
                    TAGREFS="LT8"
                    BASELINE="737 1190 2067 1195" 
                    HPOS="733"
                    VPOS="1122"
                    WIDTH="1331"
                    HEIGHT="98">
            <Shape><Polygon POINTS="736 1187 733 1220 2061 1220 2064 1193 2061 1122 736 1122 736 1187"/></Shape>
	    <String CONTENT="foy diuine: et est Christ reprins comme non"
                    HPOS="733"
                    VPOS="1122"
                    WIDTH="1331"
                    HEIGHT="98"
                    WC="0.9990654878838118"></String>
          </TextLine>
          <TextLine ID="eSc_line_b0ea0882"
                    TAGREFS="LT8"
                    BASELINE="716 1271 2069 1276" 
                    HPOS="710"
                    VPOS="1199"
                    WIDTH="1357"
                    HEIGHT="113">
            <Shape><Polygon POINTS="713 1270 710 1300 2061 1312 2067 1273 2061 1199 713 1208 713 1270"/></Shape>
	    <String CONTENT="puissant de sa uertu/ ueu que ambition se ay¬"
                    HPOS="710"
                    VPOS="1199"
                    WIDTH="1357"
                    HEIGHT="113"></String>
          </TextLine>
          <TextLine ID="eSc_line_aa019a85"
                    TAGREFS="LT8"
                    BASELINE="711 1360 2072 1363" 
                    HPOS="707"
                    VPOS="1285"
                    WIDTH="1363"
                    HEIGHT="113">
            <Shape><Polygon POINTS="707 1398 2067 1398 2070 1362 2067 1303 763 1303 713 1285 710 1359 707 1398"/></Shape>
	    <String CONTENT="de de son nom. * Leglise espouente par bã¬"
                    HPOS="707"
                    VPOS="1285"
                    WIDTH="1363"
                    HEIGHT="113"></String>
          </TextLine>
          <TextLine ID="eSc_line_9806a2d0"
                    TAGREFS="LT8"
                    BASELINE="713 1440 2072 1446" 
                    HPOS="707"
                    VPOS="1380"
                    WIDTH="1363"
                    HEIGHT="92">
            <Shape><Polygon POINTS="710 1437 707 1469 2064 1472 2070 1445 2067 1383 710 1380 710 1437"/></Shape>
	    <String CONTENT="nissemens et par prisons: ⁊ cõstrainct de croy¬"
                    HPOS="707"
                    VPOS="1380"
                    WIDTH="1363"
                    HEIGHT="92"
                    WC="0.9802555876473585"></String>
          </TextLine>
          <TextLine ID="eSc_line_fd8892ac"
                    TAGREFS="LT8"
                    BASELINE="733 1526 1237 1522 2086 1530" 
                    HPOS="727"
                    VPOS="1448"
                    WIDTH="1358"
                    HEIGHT="113">
            <Shape><Polygon POINTS="730 1523 727 1546 2079 1561 2085 1529 2085 1469 2026 1454 2023 1454 2020 1454 1934 1469 1931 1469 1898 1454 1895 1454 1892 1454 1889 1454 1886 1454 1865 1469 1862 1469 1797 1454 1794 1454 1791 1454 1788 1454 1767 1469 1764 1469 1723 1469 1452 1451 1449 1451 1446 1451 1393 1466 1384 1466 1378 1463 1339 1451 1337 1451 1334 1451 1331 1451 1289 1463 1277 1466 1230 1463 1045 1448 1042 1448 1039 1448 989 1460 977 1463 974 1460 953 1448 950 1448 947 1448 944 1448 730 1457 730 1523"/></Shape>
	    <String CONTENT="re a elle: laquelle est ordonnee par bannisse¬"
                    HPOS="727"
                    VPOS="1448"
                    WIDTH="1358"
                    HEIGHT="113"></String>
          </TextLine>
          <TextLine ID="eSc_line_e62f4646"
                    TAGREFS="LT8"
                    BASELINE="737 1606 2086 1613" 
                    HPOS="733"
                    VPOS="1540"
                    WIDTH="1352"
                    HEIGHT="110">
            <Shape><Polygon POINTS="736 1603 733 1636 2079 1650 2085 1612 2079 1540 736 1540 736 1603"/></Shape>
	    <String CONTENT="mens ⁊ par prisons: icelle pend a la uolunte"
                    HPOS="733"
                    VPOS="1540"
                    WIDTH="1352"
                    HEIGHT="110"></String>
          </TextLine>
          <TextLine ID="eSc_line_ff1a807f"
                    TAGREFS="LT8"
                    BASELINE="730 1686 2074 1690" 
                    HPOS="730"
                    VPOS="1623"
                    WIDTH="1344"
                    HEIGHT="103">
            <Shape><Polygon POINTS="2072 1640 1811 1640 1799 1637 1766 1627 1764 1627 1762 1627 1694 1635 1661 1638 1655 1635 1647 1627 1645 1627 1643 1627 1518 1627 1516 1627 1514 1627 1502 1633 1486 1640 1403 1640 1385 1631 1374 1625 1372 1625 1370 1625 1368 1625 1346 1631 1326 1635 1288 1629 1253 1625 1251 1625 1227 1629 1182 1637 1154 1627 1144 1625 1142 1625 1140 1625 1138 1625 1128 1627 1100 1635 980 1627 978 1627 976 1627 954 1638 789 1638 732 1623 730 1686 732 1720 768 1710 1043 1710 1191 1722 1201 1722 1203 1722 1205 1722 1229 1710 1284 1720 1286 1720 1288 1720 1318 1710 1395 1722 1407 1724 1409 1724 1417 1722 1465 1712 1538 1722 1540 1722 1585 1712 1599 1724 1601 1724 1603 1724 1605 1726 1783 1726 1783 1724 1785 1724 1787 1724 1799 1714 1811 1722 1813 1722 1815 1722 1817 1722 1863 1712 1878 1724 1880 1724 1882 1724 1884 1726 1991 1726 1991 1724 1993 1724 1995 1724 1995 1722 2005 1714 2070 1724 2074 1690 2072 1640"/></Shape>
	    <String CONTENT="des communicans/ laquelle est consacree par"
                    HPOS="730"
                    VPOS="1623"
                    WIDTH="1344"
                    HEIGHT="103"
                    WC="0.9980358522991801"></String>
          </TextLine>
          <TextLine ID="eSc_line_9d4b19f9"
                    TAGREFS="LT8"
                    BASELINE="726 1771 2082 1777" 
                    HPOS="724"
                    VPOS="1706"
                    WIDTH="1358"
                    HEIGHT="105">
            <Shape><Polygon POINTS="726 1771 724 1791 782 1805 784 1805 786 1805 827 1793 831 1793 835 1793 888 1805 890 1805 999 1795 1035 1793 1077 1797 1178 1807 1180 1807 1182 1807 1203 1799 1211 1795 1221 1799 1245 1807 1247 1807 1249 1809 1374 1809 1374 1807 1376 1807 1378 1807 1385 1801 1391 1795 1399 1801 1409 1807 1411 1807 1413 1807 1415 1807 1417 1807 1419 1807 1425 1801 1433 1795 1461 1801 1486 1807 1488 1807 1490 1807 1492 1807 1498 1803 1510 1795 1589 1803 1611 1805 1613 1805 1615 1805 1617 1805 1617 1803 1627 1795 1659 1805 1676 1809 1678 1809 1680 1809 1700 1805 1728 1799 1787 1807 1817 1809 1819 1809 1821 1809 1823 1809 1825 1807 1837 1797 1888 1807 1900 1809 1902 1811 2080 1811 2082 1777 2080 1724 1787 1710 1785 1710 1783 1710 1740 1722 1736 1722 1720 1710 1718 1710 1716 1710 1714 1710 1665 1718 1629 1708 1627 1708 1625 1708 1562 1720 1562 1722 1403 1722 1403 1720 1389 1708 1387 1708 1385 1708 1383 1708 1067 1718 1065 1718 1053 1708 1053 1706 1051 1706 1049 1706 1047 1706 1045 1706 1007 1718 1007 1720 865 1720 863 1718 839 1706 837 1706 835 1706 833 1706 811 1718 809 1718 807 1718 766 1706 764 1706 762 1706 760 1706 726 1716 726 1771"/></Shape>
	    <String CONTENT="la terreur des persecutans: elle chasse les pre¬"
                    HPOS="724"
                    VPOS="1706"
                    WIDTH="1358"
                    HEIGHT="105"
                    WC="0.9882447582979997"></String>
          </TextLine>
          <TextLine ID="eSc_line_16fb39ec"
                    TAGREFS="LT8"
                    BASELINE="726 1860 2094 1856" 
                    HPOS="724"
                    VPOS="1789"
                    WIDTH="1370"
                    HEIGHT="103">
            <Shape><Polygon POINTS="726 1860 726 1886 871 1878 892 1888 898 1890 900 1890 902 1890 918 1888 964 1878 1001 1888 1019 1892 1021 1892 1023 1892 1025 1892 1037 1888 1067 1878 1094 1888 1096 1888 1098 1888 1100 1888 1106 1888 1182 1878 1209 1888 1213 1890 1215 1890 1217 1890 1219 1890 1221 1890 1221 1888 1235 1878 1277 1878 1366 1888 1395 1892 1397 1892 1399 1892 1401 1892 1401 1890 1403 1888 1417 1878 1492 1890 1504 1890 1506 1890 1508 1890 1510 1890 1542 1876 1603 1890 1609 1890 1611 1890 1613 1890 1615 1890 1637 1876 1678 1890 1680 1890 1682 1890 1684 1890 1686 1890 1688 1890 1726 1876 1748 1890 1750 1890 1752 1890 1754 1890 1756 1890 1758 1890 1770 1880 1837 1890 1841 1890 1843 1890 1845 1890 1869 1876 1886 1890 1888 1890 1890 1890 1892 1892 1938 1892 1938 1890 1940 1890 1993 1876 2090 1890 2094 1856 2090 1803 1995 1793 1993 1793 1991 1793 1971 1801 1968 1803 1966 1801 1940 1791 1938 1791 1936 1791 1934 1791 1898 1801 1892 1803 1888 1801 1865 1789 1863 1789 1861 1789 1859 1789 1821 1801 1813 1805 1779 1805 1775 1801 1762 1789 1760 1789 1758 1789 1756 1789 1754 1789 1714 1801 1704 1805 1504 1805 1498 1801 1484 1789 1482 1789 1480 1789 1478 1789 1429 1801 1405 1807 1354 1807 1346 1799 1338 1793 1336 1793 1334 1793 1332 1793 1330 1793 1328 1793 1318 1799 1312 1805 1306 1799 1302 1795 1300 1795 1298 1795 1296 1795 1294 1795 1277 1799 1263 1803 1259 1799 1249 1791 1247 1791 1245 1791 1243 1791 1241 1791 1217 1799 1199 1805 1150 1805 1144 1799 1136 1791 1134 1791 1132 1791 1130 1791 1128 1791 1094 1799 1086 1801 1084 1799 1073 1791 1071 1791 1069 1791 1067 1791 1027 1799 1013 1801 968 1799 869 1793 867 1793 865 1793 863 1793 857 1799 847 1805 829 1799 807 1791 805 1791 803 1791 724 1797 726 1860"/></Shape>
	    <String CONTENT="stres/ laquelle est engendree par la fuyte des"
                    HPOS="724"
                    VPOS="1789"
                    WIDTH="1370"
                    HEIGHT="103"
                    WC="0.9929092824459076"></String>
          </TextLine>
          <TextLine ID="eSc_line_03f6ac81"
                    TAGREFS="LT8"
                    BASELINE="728 1943 2108 1939" 
                    HPOS="726"
                    VPOS="1874"
                    WIDTH="1382"
                    HEIGHT="103">
            <Shape><Polygon POINTS="728 1943 730 1977 780 1965 819 1975 821 1975 823 1975 825 1975 863 1965 948 1975 950 1975 952 1975 954 1975 966 1965 1031 1975 1033 1975 1079 1965 1120 1975 1122 1975 1124 1975 1170 1965 1195 1975 1197 1975 1199 1975 1201 1975 1245 1965 1358 1975 1360 1975 1362 1975 1387 1965 1413 1975 1415 1975 1417 1975 1512 1963 1528 1973 1530 1973 1532 1973 1534 1973 1629 1963 1665 1973 1667 1973 1669 1973 1718 1963 2104 1973 2108 1939 2104 1890 2025 1876 2023 1876 2021 1876 2019 1876 2001 1888 1894 1876 1892 1876 1890 1876 1888 1876 1872 1890 1766 1890 1718 1874 1716 1874 1534 1874 1532 1874 1415 1890 1328 1876 1326 1876 1324 1876 1322 1876 1304 1890 1257 1876 1255 1876 1253 1876 1251 1876 1205 1890 1180 1876 1178 1876 1128 1876 1126 1876 1124 1876 1122 1876 1104 1890 1027 1876 1025 1876 1023 1876 978 1890 851 1876 849 1876 847 1876 845 1876 831 1888 766 1880 764 1880 762 1880 726 1892 728 1943"/></Shape>
	    <String CONTENT="prestres: elle se glorifie aussi destre aymee du"
                    HPOS="726"
                    VPOS="1874"
                    WIDTH="1382"
                    HEIGHT="103"
                    WC="0.9967283084988594"></String>
          </TextLine>
          <TextLine ID="eSc_line_7ac578a7"
                    TAGREFS="LT8"
                    BASELINE="739 2023 2108 2026" 
                    HPOS="733"
                    VPOS="1956"
                    WIDTH="1373"
                    HEIGHT="113">
            <Shape><Polygon POINTS="736 2022 733 2060 1221 2051 1244 2066 1247 2066 1250 2066 1253 2069 1420 2069 1420 2066 1423 2066 1452 2051 1539 2066 1545 2066 1547 2066 1550 2066 1553 2066 1571 2051 1720 2051 1758 2066 1761 2066 1764 2069 2103 2069 2106 2024 2100 1956 736 1959 736 2022"/></Shape>
	    <String CONTENT="monde/ laquelle na peu estre de Christ/ si le"
                    HPOS="733"
                    VPOS="1956"
                    WIDTH="1373"
                    HEIGHT="113"
                    WC="0.9884199963675605"></String>
          </TextLine>
          <TextLine ID="eSc_line_464b06d3"
                    TAGREFS="LT8"
                    BASELINE="727 2105 2096 2110" 
                    HPOS="721"
                    VPOS="2042"
                    WIDTH="1373"
                    HEIGHT="107">
            <Shape><Polygon POINTS="724 2102 721 2128 772 2146 775 2146 778 2146 1265 2134 1411 2149 1414 2149 2091 2134 2094 2108 2088 2042 724 2042 724 2102"/></Shape>
	    <String CONTENT="monde ne leut eu en hayne. Lexperience crie ⁊"
                    HPOS="721"
                    VPOS="2042"
                    WIDTH="1373"
                    HEIGHT="107"></String>
          </TextLine>
          <TextLine ID="eSc_line_93f47f7f"
                    TAGREFS="LT8"
                    BASELINE="724 2189 2086 2189" 
                    HPOS="721"
                    VPOS="2119"
                    WIDTH="1364"
                    HEIGHT="110">
            <Shape><Polygon POINTS="721 2188 721 2229 2085 2217 2085 2188 2085 2134 721 2119 721 2188"/></Shape>
	    <String CONTENT="demõstre en la presence de tous ⁊ en la bouche/"
                    HPOS="721"
                    VPOS="2119"
                    WIDTH="1364"
                    HEIGHT="110"
                    WC="0.9849045723676682"></String>
          </TextLine>
          <TextLine ID="eSc_line_bec7f92c"
                    TAGREFS="LT8"
                    BASELINE="740 2269 2088 2274" 
                    HPOS="736"
                    VPOS="2212"
                    WIDTH="1349"
                    HEIGHT="100">
            <Shape><Polygon POINTS="739 2268 736 2301 2079 2312 2085 2271 2082 2214 739 2212 739 2268"/></Shape>
	    <String CONTENT="ces choses de la cõparation de leglise laquel¬"
                    HPOS="736"
                    VPOS="2212"
                    WIDTH="1349"
                    HEIGHT="100"></String>
          </TextLine>
          <TextLine ID="eSc_line_69e7629f"
                    TAGREFS="LT8"
                    BASELINE="746 2353 2096 2361" 
                    HPOS="742"
                    VPOS="2289"
                    WIDTH="1352"
                    HEIGHT="107">
            <Shape><Polygon POINTS="745 2351 742 2387 2088 2396 2094 2360 2091 2298 745 2289 745 2351"/></Shape>
	    <String CONTENT="le iadis nous a este baillee/ et iamais ne sera"
                    HPOS="742"
                    VPOS="2289"
                    WIDTH="1352"
                    HEIGHT="107"
                    WC="0.9919582098088366"></String>
          </TextLine>
          <TextLine ID="eSc_line_69cd7057"
                    TAGREFS="LT8"
                    BASELINE="734 2440 2104 2440" 
                    HPOS="734"
                    VPOS="2373"
                    WIDTH="1370"
                    HEIGHT="103">
            <Shape><Polygon POINTS="734 2460 793 2474 795 2474 797 2474 837 2462 845 2460 851 2462 877 2474 879 2474 881 2474 946 2464 968 2460 1090 2460 1096 2464 1106 2472 1106 2474 1108 2474 1110 2474 1112 2474 1152 2466 1160 2464 1215 2466 1362 2472 1364 2472 1366 2472 1376 2468 1393 2460 1534 2460 1568 2470 1583 2474 1585 2474 1587 2476 1710 2476 1710 2474 1712 2474 1714 2474 1718 2472 1732 2462 1762 2472 1766 2472 1768 2472 1770 2472 1779 2472 1867 2462 1904 2472 1908 2474 1910 2474 1912 2474 1914 2474 1916 2474 1940 2462 1954 2474 1956 2474 1958 2474 1960 2476 2104 2476 2104 2440 2104 2389 1916 2389 1912 2387 1892 2377 1890 2377 1888 2377 1770 2385 1726 2387 1720 2385 1698 2373 1696 2373 1694 2373 1692 2373 1653 2383 1639 2387 1627 2383 1603 2375 1601 2375 1599 2375 1552 2383 1538 2385 1534 2383 1524 2373 1522 2373 1520 2373 1473 2373 1471 2373 1431 2381 1405 2387 1399 2381 1389 2373 1387 2373 1385 2373 1383 2373 1381 2373 1360 2381 1352 2383 1344 2381 1320 2373 1318 2373 1316 2373 1249 2379 1178 2387 1168 2379 1162 2375 1162 2373 1160 2373 1158 2373 1096 2373 1094 2373 1092 2373 1081 2377 1061 2387 1005 2377 989 2375 987 2375 985 2375 984 2375 982 2377 968 2387 930 2377 928 2377 926 2377 924 2377 887 2387 843 2375 833 2373 831 2373 829 2373 827 2373 825 2373 823 2375 807 2389 768 2389 736 2375 734 2440 734 2460"/></Shape>
	    <String CONTENT="destruicte. Mais il fault briefuement expo¬"
                    HPOS="734"
                    VPOS="2373"
                    WIDTH="1370"
                    HEIGHT="103"
                    WC="0.9885235040686852"></String>
          </TextLine>
          <TextLine ID="eSc_line_8b538a0b"
                    TAGREFS="LT8"
                    BASELINE="734 2527 2116 2523" 
                    HPOS="732"
                    VPOS="2456"
                    WIDTH="1384"
                    HEIGHT="101">
            <Shape><Polygon POINTS="734 2527 736 2557 789 2543 801 2553 803 2553 805 2553 807 2553 809 2553 811 2553 825 2543 938 2543 956 2553 958 2553 960 2553 962 2553 1019 2543 1033 2553 1033 2555 1035 2555 1037 2555 1039 2555 1041 2555 1045 2553 1079 2543 1110 2553 1118 2555 1120 2555 1122 2555 1170 2553 1292 2543 1346 2549 1387 2555 1389 2555 1391 2555 1407 2549 1427 2541 1528 2541 1538 2547 1544 2553 1546 2553 1548 2553 1550 2553 1599 2547 1629 2543 1641 2547 1663 2553 1665 2553 1667 2555 2001 2555 2001 2553 2114 2539 2116 2523 2112 2472 1886 2472 1886 2470 1871 2458 1869 2458 1867 2458 1865 2458 1863 2458 1839 2470 1809 2456 1807 2456 1766 2456 1764 2456 1762 2456 1760 2456 1742 2470 1742 2472 1631 2472 1629 2470 1589 2456 1587 2456 1585 2456 1583 2456 1550 2468 1425 2456 1423 2456 1290 2470 1261 2474 1205 2474 1201 2470 1189 2460 1187 2460 1185 2460 1183 2460 1182 2460 1146 2470 1134 2472 1122 2470 1075 2458 950 2458 948 2458 946 2458 944 2458 930 2470 928 2472 916 2470 869 2458 867 2458 732 2468 734 2527"/></Shape>
	    <String CONTENT="ser la chose qui ne est plus cõuenable de igno¬"
                    HPOS="732"
                    VPOS="2456"
                    WIDTH="1384"
                    HEIGHT="101"
                    WC="0.9880220914880434"></String>
          </TextLine>
          <TextLine ID="eSc_line_6eab5e93"
                    TAGREFS="LT8"
                    BASELINE="730 2606 2116 2610" 
                    HPOS="728"
                    VPOS="2537"
                    WIDTH="1388"
                    HEIGHT="105">
            <Shape><Polygon POINTS="730 2606 728 2628 744 2638 746 2638 748 2638 750 2640 918 2640 918 2638 920 2638 948 2626 952 2626 1015 2626 1019 2626 1041 2638 1043 2638 1045 2638 1047 2638 1075 2628 1081 2626 1090 2628 1154 2638 1156 2638 1158 2638 1195 2628 1203 2626 1227 2628 1336 2638 1338 2638 1340 2638 1374 2628 1383 2626 1542 2626 1544 2628 1556 2640 1558 2640 1560 2640 1562 2642 1724 2642 1724 2640 1726 2640 1750 2630 1754 2628 1762 2630 1797 2640 1799 2640 1801 2640 1855 2630 1861 2630 1964 2630 1966 2630 1979 2640 1981 2640 1983 2640 1985 2640 2114 2630 2116 2610 2114 2555 2017 2543 2015 2543 1930 2553 1928 2553 1888 2539 1886 2539 1884 2539 1882 2539 1851 2553 1817 2539 1815 2539 1813 2539 1811 2539 1764 2553 1742 2539 1740 2539 1738 2539 1736 2539 1734 2539 1682 2553 1678 2555 1597 2555 1593 2553 1576 2541 1574 2541 1572 2541 1570 2541 1568 2541 1528 2553 1524 2553 1506 2539 1504 2539 1502 2539 1500 2539 1443 2547 1423 2537 1421 2537 1419 2537 1360 2549 1320 2537 1318 2537 1316 2537 1314 2537 1282 2551 1241 2537 1239 2537 1237 2537 1235 2537 1180 2551 1178 2553 1132 2553 1130 2551 1112 2537 1110 2537 1108 2537 1106 2537 1104 2537 1051 2551 1047 2553 1013 2553 1011 2551 995 2537 993 2537 991 2537 989 2537 730 2549 730 2606"/></Shape>
	    <String CONTENT="rer. Selon la plenitude du bon plaisir de dieu"
                    HPOS="728"
                    VPOS="2537"
                    WIDTH="1388"
                    HEIGHT="105"
                    WC="0.9935570670210797"></String>
          </TextLine>
          <TextLine ID="eSc_line_0d325c97"
                    TAGREFS="LT8"
                    BASELINE="730 2692 2110 2692" 
                    HPOS="730"
                    VPOS="2624"
                    WIDTH="1380"
                    HEIGHT="101">
            <Shape><Polygon POINTS="730 2692 730 2721 914 2711 966 2719 985 2723 987 2723 989 2723 1003 2719 1035 2711 1051 2719 1059 2723 1061 2723 1063 2725 1160 2725 1160 2723 1162 2723 1180 2719 1203 2711 1209 2717 1215 2723 1217 2723 1219 2723 1221 2725 1328 2725 1328 2723 1391 2717 1441 2711 1455 2715 1473 2723 1475 2723 1477 2723 1516 2715 1536 2711 1544 2715 1556 2723 1558 2723 1560 2723 1562 2725 1680 2725 1680 2723 1682 2723 1684 2723 1694 2713 1696 2713 1716 2713 1892 2723 1894 2723 1966 2711 1970 2711 1973 2711 2031 2723 2033 2723 2110 2709 2110 2692 2110 2636 2003 2624 2001 2624 1999 2624 1975 2636 1973 2638 1855 2638 1851 2636 1821 2624 1819 2624 1817 2624 1736 2636 1726 2636 1718 2636 1659 2624 1657 2624 1534 2636 1518 2636 1514 2636 1482 2624 1480 2624 1478 2624 1477 2624 1445 2636 1441 2636 1437 2636 1391 2624 1389 2624 1387 2624 1385 2624 1354 2636 1350 2636 1340 2636 1261 2624 1259 2624 1257 2624 1219 2636 1215 2636 1213 2636 1189 2624 1187 2624 1185 2624 1124 2636 1120 2636 1118 2636 1104 2624 1102 2624 1100 2624 1051 2624 1049 2624 1047 2624 1045 2624 1029 2636 999 2636 890 2636 888 2636 861 2624 859 2624 857 2624 797 2636 791 2636 789 2636 762 2624 760 2624 758 2624 756 2624 730 2634 730 2692"/></Shape>
	    <String CONTENT="les temps sont restrainctz: car la raison infal¬"
                    HPOS="730"
                    VPOS="2624"
                    WIDTH="1380"
                    HEIGHT="101"
                    WC="0.9858733577032884"></String>
          </TextLine>
          <TextLine ID="eSc_line_46c17876"
                    TAGREFS="LT8"
                    BASELINE="745 2772 2102 2775" 
                    HPOS="739"
                    VPOS="2707"
                    WIDTH="1361"
                    HEIGHT="92">
            <Shape><Polygon POINTS="742 2770 739 2796 2094 2799 2100 2773 2097 2713 742 2707 742 2770"/></Shape>
	    <String CONTENT="lible de iceulx est enseignee es liures celestes/"
                    HPOS="739"
                    VPOS="2707"
                    WIDTH="1361"
                    HEIGHT="92"
                    WC="0.9938691830148503"></String>
          </TextLine>
          <TextLine ID="eSc_line_c1bdaba8"
                    TAGREFS="LT8"
                    BASELINE="739 2853 2092 2856" 
                    HPOS="733"
                    VPOS="2791"
                    WIDTH="1358"
                    HEIGHT="106">
            <Shape><Polygon POINTS="736 2850 733 2877 808 2894 811 2897 2088 2897 2091 2853 2088 2796 736 2791 736 2850"/></Shape>
	    <String CONTENT="* et est necessaire que nous soyons escheuz en"
                    HPOS="733"
                    VPOS="2791"
                    WIDTH="1358"
                    HEIGHT="106"></String>
          </TextLine>
          <TextLine ID="eSc_line_f3d23379"
                    TAGREFS="LT8"
                    BASELINE="742 2936 2096 2941" 
                    HPOS="736"
                    VPOS="2868"
                    WIDTH="1358"
                    HEIGHT="148">
            <Shape><Polygon POINTS="739 2933 736 3007 781 3010 784 3010 787 3010 790 3010 793 3007 828 2984 1042 3004 1066 3004 1069 3004 1084 3001 1176 2984 1209 3001 1230 3010 1233 3010 1236 3010 1310 2998 1381 2986 1393 2998 1411 3010 1411 3013 1414 3013 1417 3013 1420 3016 1565 3016 1565 3013 1568 3013 1571 3013 1592 2998 1794 3013 1797 3013 1800 3013 1803 3013 1842 2989 1851 2986 2091 2986 2094 2939 2091 2883 739 2868 739 2933"/></Shape>
	    <String CONTENT="icelle eage de Lantechrist: auquel selon lapo¬"
                    HPOS="736"
                    VPOS="2868"
                    WIDTH="1358"
                    HEIGHT="148"
                    WC="0.9894955300766489"></String>
          </TextLine>
        </TextBlock>
        <TextBlock HPOS="400"
                   VPOS="281"
                   WIDTH="324"
                   HEIGHT="1367"
                   ID="eSc_textblock_e3f8f857"
                   TAGREFS="BT13">
          <Shape><Polygon POINTS="400 281 413 1648 724 1639 724 1496 709 1454 701 1384 687 1240 724 1212 721 1117 699 1055 686 835 696 806 701 729 691 651 720 628 719 572 712 532 709 393 717 283"/></Shape>
          <TextLine ID="eSc_line_a878ec69"
                    TAGREFS="LT8"
                    BASELINE="427 362 704 360" 
                    HPOS="424"
                    VPOS="264"
                    WIDTH="277"
                    HEIGHT="133">
            <Shape><Polygon POINTS="424 359 424 397 508 383 698 397 701 359 701 276 638 264 635 264 632 264 594 279 585 282 576 279 543 264 540 264 537 264 424 282 424 359"/></Shape>
	    <String CONTENT="les uilles"
                    HPOS="424"
                    VPOS="264"
                    WIDTH="277"
                    HEIGHT="133"
                    WC="0.999911242723465"></String>
          </TextLine>
          <TextLine ID="eSc_line_8ab7fc92"
                    TAGREFS="LT8"
                    BASELINE="431 447 702 447" 
                    HPOS="430"
                    VPOS="368"
                    WIDTH="271"
                    HEIGHT="115">
            <Shape><Polygon POINTS="430 445 430 472 698 483 701 445 701 385 519 368 516 368 430 383 430 445"/></Shape>
	    <String CONTENT="⁊ uillage"
                    HPOS="430"
                    VPOS="368"
                    WIDTH="271"
                    HEIGHT="115"
                    WC="0.9999924235873752"></String>
          </TextLine>
          <TextLine ID="eSc_line_4b9b7c9c"
                    TAGREFS="LT8"
                    BASELINE="431 528 659 528" 
                    HPOS="430"
                    VPOS="457"
                    WIDTH="226"
                    HEIGHT="101">
            <Shape><Polygon POINTS="430 525 430 558 656 546 656 525 656 469 430 457 430 525"/></Shape>
	    <String CONTENT="par les"
                    HPOS="430"
                    VPOS="457"
                    WIDTH="226"
                    HEIGHT="101"
                    WC="0.988951061453138"></String>
          </TextLine>
          <TextLine ID="eSc_line_67be61b0"
                    TAGREFS="LT8"
                    BASELINE="429 607 707 608" 
                    HPOS="427"
                    VPOS="537"
                    WIDTH="277"
                    HEIGHT="98">
            <Shape><Polygon POINTS="427 605 427 635 704 629 704 605 704 552 674 537 671 537 668 537 546 552 496 537 493 537 490 537 487 537 427 552 427 605"/></Shape>
	    <String CONTENT="rues ⁊ li¬"
                    HPOS="427"
                    VPOS="537"
                    WIDTH="277"
                    HEIGHT="98"
                    WC="0.9999768078327179"></String>
          </TextLine>
          <TextLine ID="eSc_line_15fd3f95"
                    TAGREFS="LT8"
                    BASELINE="433 690 681 691" 
                    HPOS="430"
                    VPOS="617"
                    WIDTH="250"
                    HEIGHT="116">
            <Shape><Polygon POINTS="430 688 430 733 680 721 680 688 680 626 430 617 430 688"/></Shape>
	    <String CONTENT="eux se¬"
                    HPOS="430"
                    VPOS="617"
                    WIDTH="250"
                    HEIGHT="116"
                    WC="0.9986677425248283"></String>
          </TextLine>
          <TextLine ID="eSc_line_0bc03346"
                    TAGREFS="LT8"
                    BASELINE="429 773 692 774" 
                    HPOS="427"
                    VPOS="721"
                    WIDTH="262"
                    HEIGHT="89">
            <Shape><Polygon POINTS="427 771 427 798 686 810 689 771 689 721 427 721 427 771"/></Shape>
	    <String CONTENT="cret ꝯtre"
                    HPOS="427"
                    VPOS="721"
                    WIDTH="262"
                    HEIGHT="89"></String>
          </TextLine>
          <TextLine ID="eSc_line_612b6f95"
                    TAGREFS="LT8"
                    BASELINE="431 861 678 861" 
                    HPOS="430"
                    VPOS="795"
                    WIDTH="247"
                    HEIGHT="107">
            <Shape><Polygon POINTS="430 858 430 890 555 884 674 902 677 858 677 798 430 795 430 858"/></Shape>
	    <String CONTENT="les edictz"
                    HPOS="430"
                    VPOS="795"
                    WIDTH="247"
                    HEIGHT="107"
                    WC="0.9521165370941163"></String>
          </TextLine>
          <TextLine ID="eSc_line_a2f3f917"
                    TAGREFS="LT8"
                    BASELINE="423 946 684 945" 
                    HPOS="421"
                    VPOS="872"
                    WIDTH="262"
                    HEIGHT="113">
            <Shape><Polygon POINTS="421 944 421 979 502 967 680 985 683 944 683 887 421 872 421 944"/></Shape>
	    <String CONTENT="⁊ deffen¬"
                    HPOS="421"
                    VPOS="872"
                    WIDTH="262"
                    HEIGHT="113"
                    WC="0.9961650437778897"></String>
          </TextLine>
          <TextLine ID="eSc_line_898c5d7e"
                    TAGREFS="LT8"
                    BASELINE="421 1029 663 1029" 
                    HPOS="418"
                    VPOS="970"
                    WIDTH="244"
                    HEIGHT="92">
            <Shape><Polygon POINTS="418 1027 418 1062 516 1048 659 1057 662 1027 662 970 418 970 418 1027"/></Shape>
	    <String CONTENT="ses des"
                    HPOS="418"
                    VPOS="970"
                    WIDTH="244"
                    HEIGHT="92"
                    WC="0.9883528011185783"></String>
          </TextLine>
          <TextLine ID="eSc_line_3909de22"
                    TAGREFS="LT8"
                    BASELINE="421 1114 699 1110" 
                    HPOS="415"
                    VPOS="1039"
                    WIDTH="283"
                    HEIGHT="107">
            <Shape><Polygon POINTS="418 1113 418 1146 695 1128 698 1107 692 1048 415 1039 418 1113"/></Shape>
	    <String CONTENT="princes."
                    HPOS="415"
                    VPOS="1039"
                    WIDTH="283"
                    HEIGHT="107"
                    WC="0.9999871551990509"></String>
          </TextLine>
          <TextLine ID="eSc_line_3b682ed6"
                    TAGREFS="LT8"
                    BASELINE="427 1189 713 1190" 
                    HPOS="424"
                    VPOS="1113"
                    WIDTH="286"
                    HEIGHT="113">
            <Shape><Polygon POINTS="481 1113 478 1113 424 1128 424 1187 424 1211 707 1226 710 1187 710 1131 484 1113 481 1113"/></Shape>
	    <String CONTENT="Act̃.4.c."
                    HPOS="424"
                    VPOS="1113"
                    WIDTH="286"
                    HEIGHT="113"
                    WC="0.9981647332509359"></String>
          </TextLine>
          <TextLine ID="eSc_line_70fb1ec3"
                    TAGREFS="LT8"
                    BASELINE="433 1270 649 1271" 
                    HPOS="427"
                    VPOS="1196"
                    WIDTH="220"
                    HEIGHT="95">
            <Shape><Polygon POINTS="430 1267 427 1288 641 1291 647 1270 641 1196 570 1211 430 1202 430 1267"/></Shape>
	    <String CONTENT="d.5.e.f."
                    HPOS="427"
                    VPOS="1196"
                    WIDTH="220"
                    HEIGHT="95"
                    WC="0.9998570084571838"></String>
          </TextLine>
          <TextLine ID="eSc_line_f8aca823"
                    TAGREFS="LT8"
                    BASELINE="457 1359 690 1360" 
                    HPOS="451"
                    VPOS="1282"
                    WIDTH="238"
                    HEIGHT="116">
            <Shape><Polygon POINTS="454 1356 451 1377 540 1398 543 1398 686 1389 689 1359 686 1282 454 1285 454 1356"/></Shape>
	    <String CONTENT="Leglise"
                    HPOS="451"
                    VPOS="1282"
                    WIDTH="238"
                    HEIGHT="116"
                    WC="0.9999910252434867"></String>
          </TextLine>
          <TextLine ID="eSc_line_ff7dd871"
                    TAGREFS="LT8"
                    BASELINE="423 1439 691 1440" 
                    HPOS="421"
                    VPOS="1386"
                    WIDTH="268"
                    HEIGHT="92">
            <Shape><Polygon POINTS="421 1437 421 1472 686 1478 689 1437 689 1386 421 1386 421 1437"/></Shape>
	    <String CONTENT="est creue"
                    HPOS="421"
                    VPOS="1386"
                    WIDTH="268"
                    HEIGHT="92"
                    WC="0.9998388356632657"></String>
          </TextLine>
          <TextLine ID="eSc_line_7ca935d6"
                    TAGREFS="LT8"
                    BASELINE="433 1528 712 1526" 
                    HPOS="427"
                    VPOS="1451"
                    WIDTH="283"
                    HEIGHT="113">
            <Shape><Polygon POINTS="430 1526 433 1564 496 1546 567 1558 612 1564 615 1564 707 1549 710 1523 704 1463 427 1451 430 1526"/></Shape>
	    <String CONTENT="par ꝑse¬"
                    HPOS="427"
                    VPOS="1451"
                    WIDTH="283"
                    HEIGHT="113"
                    WC="0.9996381178498268"></String>
          </TextLine>
          <TextLine ID="eSc_line_acd83c6b"
                    TAGREFS="LT8"
                    BASELINE="437 1605 715 1606" 
                    HPOS="436"
                    VPOS="1526"
                    WIDTH="277"
                    HEIGHT="133">
            <Shape><Polygon POINTS="496 1526 493 1526 436 1543 436 1603 436 1633 516 1656 519 1656 522 1659 594 1659 594 1656 597 1656 600 1656 612 1647 626 1636 710 1653 713 1603 713 1540 499 1526 496 1526"/></Shape>
	    <String CONTENT="cutions."
                    HPOS="436"
                    VPOS="1526"
                    WIDTH="277"
                    HEIGHT="133"
                    WC="0.9999604150652885"></String>
          </TextLine>
        </TextBlock>
        <TextBlock HPOS="417"
                   VPOS="1954"
                   WIDTH="316"
                   HEIGHT="440"
                   ID="eSc_textblock_6cef6454"
                   TAGREFS="BT13">
          <Shape><Polygon POINTS="457 1980 417 2088 433 2394 733 2390 730 2247 715 2224 713 2203 716 2068 730 2042 728 1960 516 1954"/></Shape>
          <TextLine ID="eSc_line_e1a2fabb"
                    TAGREFS="LT8"
                    BASELINE="465 2022 720 2023" 
                    HPOS="460"
                    VPOS="1906"
                    WIDTH="259"
                    HEIGHT="145">
            <Shape><Polygon POINTS="463 2019 460 2048 713 2051 719 2022 719 1906 665 1906 662 1906 659 1906 656 1906 656 1909 650 1912 618 1947 564 1947 528 1926 516 1918 514 1918 511 1918 508 1918 505 1918 463 1932 463 2019"/></Shape>
	    <String CONTENT="Leglise"
                    HPOS="460"
                    VPOS="1906"
                    WIDTH="259"
                    HEIGHT="145"
                    WC="0.9999756983348301"></String>
          </TextLine>
          <TextLine ID="eSc_line_d96796a7"
                    TAGREFS="LT8"
                    BASELINE="433 2104 711 2105" 
                    HPOS="430"
                    VPOS="2030"
                    WIDTH="280"
                    HEIGHT="101">
            <Shape><Polygon POINTS="430 2102 430 2131 710 2125 710 2102 710 2048 430 2030 430 2102"/></Shape>
	    <String CONTENT="de Lante"
                    HPOS="430"
                    VPOS="2030"
                    WIDTH="280"
                    HEIGHT="101"
                    WC="0.9983184784650803"></String>
          </TextLine>
          <TextLine ID="eSc_line_0a3509b6"
                    TAGREFS="LT8"
                    BASELINE="435 2189 704 2189" 
                    HPOS="433"
                    VPOS="2111"
                    WIDTH="268"
                    HEIGHT="106">
            <Shape><Polygon POINTS="433 2188 433 2217 701 2217 701 2188 701 2122 680 2111 677 2111 674 2111 671 2111 668 2111 612 2125 552 2111 549 2111 546 2111 543 2111 540 2111 522 2125 490 2111 487 2111 484 2111 481 2111 433 2125 433 2188"/></Shape>
	    <String CONTENT="christ ꝑse"
                    HPOS="433"
                    VPOS="2111"
                    WIDTH="268"
                    HEIGHT="106"
                    WC="0.9976168990135192"></String>
          </TextLine>
          <TextLine ID="eSc_line_5c2297a6"
                    TAGREFS="LT8"
                    BASELINE="439 2268 724 2269" 
                    HPOS="433"
                    VPOS="2209"
                    WIDTH="288"
                    HEIGHT="80">
            <Shape><Polygon POINTS="436 2265 433 2286 716 2289 721 2268 721 2212 436 2209 436 2265"/></Shape>
	    <String CONTENT="cute celle"
                    HPOS="433"
                    VPOS="2209"
                    WIDTH="288"
                    HEIGHT="80"
                    WC="0.9841333866119385"></String>
          </TextLine>
          <TextLine ID="eSc_line_5acb8d0f"
                    TAGREFS="LT8"
                    BASELINE="445 2351 727 2353" 
                    HPOS="439"
                    VPOS="2271"
                    WIDTH="285"
                    HEIGHT="136">
            <Shape><Polygon POINTS="442 2348 439 2405 719 2407 724 2351 719 2271 442 2286 442 2348"/></Shape>
	    <String CONTENT="de christ."
                    HPOS="439"
                    VPOS="2271"
                    WIDTH="285"
                    HEIGHT="136"
                    WC="0.9968362629413605"></String>
          </TextLine>
        </TextBlock>
        <TextBlock HPOS="431"
                   VPOS="2701"
                   WIDTH="300"
                   HEIGHT="267"
                   ID="eSc_textblock_2ff8094d"
                   TAGREFS="BT13">
          <Shape><Polygon POINTS="431 2701 431 2968 731 2968 730 2713"/></Shape>
          <TextLine ID="eSc_line_87e33b8b"
                    TAGREFS="LT8"
                    BASELINE="443 2771 721 2772" 
                    HPOS="442"
                    VPOS="2666"
                    WIDTH="277"
                    HEIGHT="139">
            <Shape><Polygon POINTS="442 2770 442 2805 719 2788 719 2770 716 2687 606 2690 594 2684 576 2666 573 2666 570 2666 567 2666 442 2678 442 2770"/></Shape>
	    <String CONTENT="Leage ð"
                    HPOS="442"
                    VPOS="2666"
                    WIDTH="277"
                    HEIGHT="139"></String>
          </TextLine>
          <TextLine ID="eSc_line_75507b3c"
                    TAGREFS="LT8"
                    BASELINE="441 2852 689 2853" 
                    HPOS="439"
                    VPOS="2793"
                    WIDTH="247"
                    HEIGHT="90">
            <Shape><Polygon POINTS="439 2850 439 2883 686 2868 686 2850 686 2793 439 2793 439 2850"/></Shape>
	    <String CONTENT="Lante¬"
                    HPOS="439"
                    VPOS="2793"
                    WIDTH="247"
                    HEIGHT="90"
                    WC="0.9997323056062063"></String>
          </TextLine>
          <TextLine ID="eSc_line_76409f7d"
                    TAGREFS="LT8"
                    BASELINE="439 2935 724 2936" 
                    HPOS="436"
                    VPOS="2859"
                    WIDTH="285"
                    HEIGHT="130">
            <Shape><Polygon POINTS="436 2933 436 2981 719 2989 721 2933 716 2859 677 2874 585 2865 496 2859 493 2859 490 2859 436 2874 436 2933"/></Shape>
	    <String CONTENT="christ est"
                    HPOS="436"
                    VPOS="2859"
                    WIDTH="285"
                    HEIGHT="130"
                    WC="0.9989766359329224"></String>
          </TextLine>
        </TextBlock>
        <TextBlock HPOS="1818"
                   VPOS="2972"
                   WIDTH="298"
                   HEIGHT="93"
                   ID="eSc_textblock_43281131"
                   TAGREFS="BT17">
          <Shape><Polygon POINTS="1818 2972 1818 3065 2116 3065 2116 2972"/></Shape>
          <TextLine ID="eSc_line_66510ee5"
                    TAGREFS="LT8"
                    BASELINE="1829 3028 2102 3028" 
                    HPOS="1829"
                    VPOS="2965"
                    WIDTH="273"
                    HEIGHT="128">
            <Shape><Polygon POINTS="1829 3028 1829 3093 1888 3093 1888 3091 1890 3091 1892 3091 1898 3087 1920 3074 1973 3081 2035 3091 2037 3091 2039 3091 2102 3072 2102 3028 2100 2973 2013 2977 2007 2975 1987 2965 1985 2965 1983 2965 1981 2965 1979 2965 1966 2975 1962 2979 1910 2979 1906 2977 1863 2965 1861 2965 1859 2965 1857 2965 1829 2977 1829 3028"/></Shape>
	    <String CONTENT="stre/ par"
                    HPOS="1829"
                    VPOS="2965"
                    WIDTH="273"
                    HEIGHT="128"
                    WC="0.9899996850225661"></String>
          </TextLine>
        </TextBlock>
      </PrintSpace>
    </Page>
  </Layout>
</alto>
