2267 3563
252 139 1275 184 De Antechrist. Cha.xxiiii.

136 290 1379 134 stre/ par ce que les apostres de Sathã se trãs¬

145 374 1361 148 formẽt en ange de lumiere/ celuy qui est Christ

136 460 1388 133 est comme aboly de lentendement ⁊ de la con¬

148 550 1374 128 science de tous. Car affin q̃ laffirmation der¬

140 633 1374 129 reur soit certaine: lopinion incertaine du uray

136 712 1384 135 est premise. De ce uiennent tant de diuerses

148 801 1366 135 opiniõs: de ce uiẽt la predication de plusieurs

158 890 794 123 soubz la foy dung Christ.

298 963 1085 133 ¶ Cyprian/ ad Magnum en la .ui.

453 1060 760 103 epistre/ au premier liure.

148 1116 1373 134 ¶ Celuy qui nest pas auec moy est cõtre moy.

146 1221 1384 117 Et qui ne assemble auec moy/ il espart. Pa¬

144 1300 1394 121 reillemẽt le bienheureux Iehan apostre aussi

144 1383 1398 125 ne discerna nulle heresie ne scisme/ ⁊ nen mist

145 1475 1402 119 pas aucuns specialemẽt separez: * mais tous

142 1538 1394 142 ceulx qͥ estoiẽt sortis de leglise/ et qui faisoiẽt

154 1638 1393 119 contre leglise/ il les appela Antechristz/ di¬

148 1710 1411 136 sant. Uous auez ouy (dit il) que Lãtechrist est

157 1802 1402 122 uenu: mais plusieurs maintenant sont faictz

148 1879 1402 137 Antechristz. De quoy nous auõs cõgneu que

152 1971 1386 117 cest la derniere heure: ilz sont sortis de nous/

154 2048 1382 119 mais ilz ne estoient pas des nostres. Car se ilz

152 2133 1394 121 eussent este des nostres: ilz fussent totallement

148 2214 1399 122 demourez auec nous. De quoy appert q̃ tous

154 2301 1388 118 aduersaires de Christ sont Antechristz: ceulx

160 2372 1376 133 desquelz est manifeste quilz se sont retirez de

158 2468 1008 131 la charite ⁊ de lunite de leglise.

255 2556 1307 122 ¶ Hierosme au liure de ses expositiõs .iiii.

249 2656 1297 113 sur le .xxiiii. chap̃. de sainct Matthieu .A.

176 2733 1392 153 ¶ Certes plusieurs uiendront di¬

178 2852 1372 164 sant en mon nom. Ie suis Christ ⁊c.

1631 142 136 143 338

1533 285 291 109 mainte¬

1524 377 214 106 nant.

1539 460 285 118 2.cor.11.c

1545 1107 243 125 mat.12.c

1604 1440 232 127 Lesq̃lz

1553 1538 292 109 saĩct Ie¬

1571 1636 274 95 han ap¬

1580 1713 262 98 pelle An

1580 1793 256 95 techristz.

1565 1867 265 110 1.Ioã.2.c

1574 2206 253 104 Toꝰ les

1565 2289 277 104 aduersai

1553 2369 235 110 res de

1552 2452 293 103 christ sõt

1574 2543 200 93 Ante¬

1583 2620 198 127 christz.

966 2967 574 134 Rr .ii. ¶ Uous
