2267 3563
463 466 270 121 Toꝰ he¬

463 561 232 101 reticq̃s

466 641 261 122 sõt Ante

466 724 205 119 christz.

460 828 247 104 mat.24a

734 298 1382 111 ¶ Uous auez ouy que Lãtechrist doibt uenir/

734 393 1388 103 mais plusieurs maintenant sont Antechristz.

748 469 1379 109 AIestime que tous les princes des heresies sõt

745 555 1376 104 Antechristz: ⁊ enseignẽt soubz le nomd Christ

736 632 1379 119 les choses qui sont cõtraires a Christ. Et nest

716 721 1399 113 pas de merueille si noꝰ en uoyõs aucuns estre

724 804 1385 119 seduictz par eulx: quant le seigneur a dit. Et

732 896 754 103 en seduiront plusieurs.

883 975 1120 105 ¶ Bernard sur le pseaulme.xc. Orii

985 1059 893 98 habitat/ au sixiesme uerset. A.

766 1131 1346 119 ¶ O seigneur Iesus/ tu as multiplie la gent:

734 1227 1382 109 tu ne as point magnisie la biesse: car plusieͬs

742 1306 1373 116 sont appellez: mais peu sont esleuz. Tous les

754 1389 1367 104 cuiesiẽs/ ⁊ quasi tous cherchent leur proffit/

772 1478 1367 95 ⁊ non pas celuy de uesuchrist. Et ont trãsmue

758 1557 1376 103 mesme les offices de la digrĩte ecclesiasticque

754 1644 1378 101 en infame gaing/ ⁊ en negoce de tenebres: ⁊ nest

756 1722 1382 108 pas en telles choses cherchee le salut ðs ames:

778 1799 1364 116 mais la uolupte des richesses. Pour ce sõt ilz

784 1891 1364 101 tondus/ pour ce frequentẽt ilz les eglises/ ⁊ ce¬

775 1965 1364 113 lebrent les messes/ ⁊ chament les pseaulmes.

760 2048 1367 119 On estriue impudentement autourdhuy par

763 2134 1373 110 proces/ pour les eueschez ⁊ les archeueschez:

790 2214 1334 110 tellement que les reuenus des eglises sont dis

793 2295 1346 124 sipez en superfluitez ⁊ en usaiges de uanitez.

787 2393 1367 107 Il ne reste sinon que lhomme de peche soit re¬

790 2464 1367 107 uele/ le filz de perdition/ le diable non seule¬

790 2550 1364 104 ment du iour/ mais aussi du milieu du iour: le

796 2639 1346 101 quel ne se transfigure point seulemẽt en ange

796 2725 1349 113 de lumiere: mais se eslieue par dessus tout ce

796 2796 1016 125 qui est dit dieu/ ou ce qui est adore.

971 2871 972 148 ¶ Bernard au sermon de la con¬

1073 166 649 134 De Antechrist.

469 1128 267 145 Esa.9.a

463 1312 258 98 mat.20b

472 1386 255 143 Philix.

481 1487 128 92 2.c.

487 1796 279 119 Les eues

487 1888 279 113 ques ⁊ p̃¬

481 1989 279 101 stres cher

481 2060 249 110 chẽt les

487 2149 255 98 dignitez

493 2229 279 92 ⁊ fõt tou

493 2304 285 103 tes leurs

496 2405 264 80 ceremo¬

496 2470 282 116 nies non

502 2562 246 98 pour le

505 2648 276 101 salut ðs

499 2740 252 80 ames/

496 2805 279 107 mais poͬ

499 2891 279 140 auarice.

1880 2973 252 114 uersion
