2267 3563
954 152 843 133 Lutilite de la parolle

740 290 1364 119 sent. Plato a escript en escripture: mais il na

732 387 1378 103 pas escript pour les peuples/ mais pour peu

722 467 1390 109 de gens. Car a grãt peine lentẽde troys hom¬

719 540 1396 122 mes. * Mais ceulx icy cest adire les princes de

713 617 1396 119 leglise/ ⁊ les princes de Christ/ ilz nont pas

719 712 1390 119 escript a peu de gens/ mais a tout le peuple.

736 786 1373 128 Et celle des princes/ cest adire des apostres et

739 872 1370 119 des euãgelistes/ de ceulx qui ont este en icelle.

736 958 1370 110 Regardez quil dit/ de ceulx qui ont este/ non

734 1039 1372 118 de qui sont: tellemẽt que exceptez les apostres

720 1126 1380 113 toute autre chose qͥ apres sera dicte soit recop¬

706 1213 1388 105 pee et quelle nait plus de autorite. Combien

698 1296 1406 111 dõc que aucun soit sainct apres les apostres/

704 1379 1410 111 combien quil soit docte/ si na il pas dauctori¬

724 1458 1378 111 te. Pource que le seigneur racompte es escri¬

732 1540 1362 118 ptures des peuples/ ⁊ des princes qui ont este

734 1621 343 97 en icelles.

829 1704 1182 117 ¶ Hierosme au .ui. Tome/ sur le ꝓphe¬

987 1791 846 117 te Naum/ au .iii. Chap̃.D.

738 1892 1376 144 ¶ O roy Assur tes pasteurs ont sõ¬

714 2011 422 124 meille/ ⁊c.

707 2114 1387 118 ¶ Cest tousiours lestude du diable/ dẽdormir

710 2209 1393 115 les ames de ceulx quil ueillent. Finablement

724 2280 1385 130 aussi en la passion du seigneur oppressa il de

739 2366 1373 128 gref sõmeil les yeulx des apostres: lesq̃lz fu¬

726 2458 1386 105 rent resueillez du sauueur/ disant. * Ueillez ⁊

736 2544 1370 101 priez/ affin que uous nentrez en tentation. Et

730 2620 1374 111 derechief. Ce que ie uous dis/ ie le dis a tous:

728 2707 1372 109 ueillez. Et pourtãt que tousiours ne cesse pas

722 2791 1374 106 de endormir les ueillans: la parolle diuine res¬

706 2876 1394 120 ueille toꝰ ceulx q̃ le diable a deceu ⁊ a attraict

445 466 253 160 Les apo

445 623 247 86 stres ont

436 691 253 116 escript a

421 780 232 98 tout le

418 866 253 128 peuple.

424 2108 268 106 ephe.6.b

430 2194 256 104 apoc.20c

433 2271 268 104 esa.56.d.

436 2357 274 98 mat.26.d

427 2535 286 104 mar.14d

1803 2979 299 104 a dormir
