2267 3563
291 158 1221 146 De Antechrist. Cha.xxiiii.

392 300 752 113 uersion de sainct Paul.

157 388 1358 104 ¶ Las/ las seigneur dieu: car ceulx sõt les pre

151 478 1367 103 miers a te persecuter/ lesquelz sõt ueuz aymer

151 558 1367 104 les premiers lieux en ton eglise/ ⁊ faire loffice

142 647 1376 101 de principalite. Ilz ont prins larche de Sion:

136 727 1370 89 ilz ont apprehende les munitions: ⁊ finable¬

142 807 1364 104 ment baillent librement ⁊ par puissance toute

151 881 1355 110 la cite a estre bruslee. Leur cõuersation est mi¬

142 964 1373 107 serable: la subuersion de ton peuple est digne

139 1057 1376 98 den auoir pitie. Et a la miẽne uolunte q̃ ilz ne

130 1134 1385 104 nuisissent q̃ en ceste seule partie. * Il y auroit

136 1220 1370 107 par auenture aucun lequel seroit preadmõne

148 1306 1364 92 ste ⁊ muny de lexhortation du seigñr/ qͥ pren¬

139 1383 1373 98 droit peine de non ensuyuir lexemple diceulx:

138 1466 1386 109 mais cõsidereroit les cõmãdemẽs/ selon ce qui

136 1549 1397 107 est dit. * Faictes ce qͥlz diẽt: ⁊ ne regardez point

138 1633 1422 108 a leurs oeuures. Mais maintenant les sacrez

148 1710 1408 104 ordres sont donnez en occasion de gaing infa¬

152 1795 1400 109 me: ⁊ estimẽt gaing estre piete. Neãtmoins au¬

142 1878 1396 107 cuns sont trouuez qͥ par tresgrande piete ueul¬

142 1963 1384 101 lent receuoir/ mesme plus tost entreprendre la

142 2048 1386 111 cure des ames: mais ceste solicitude est la moĩ¬

148 2131 1384 103 dre qͥ soit enuers iceulx prelatz: ⁊ leur dernie¬

144 2213 1390 106 re pensee est du salut des ames. Pouuoit il

148 2298 1378 109 estre une plus griefue persecution/ contre le

160 2381 1372 107 sauueur des ames? Tous les autres aussi fõt

146 2466 1388 107 iniustement contre Christ: ⁊ ya en noz temps

164 2547 780 107 plusieurs Antechristz/ ⁊c.

241 2630 1237 109 ¶ Le mesme Bernard sur les canticques

439 2723 893 95 au trentetroiziesme sermon.

163 2791 1370 118 ¶ Regardez leglise primitiue: si premieremẽt

151 2874 1379 130 elle na pas este assaillie fort cruellement de la

1623 186 141 126 339

1530 371 309 133 esai.1.b.f

1571 483 259 98 Ceulx

1536 561 285 95 quõ esti¬

1536 638 231 104 me les

1530 721 267 116 plꝰ grãs

1530 822 270 83 en legli¬

1530 884 261 116 se ꝑsecu¬

1527 970 234 98 tent le¬

1527 1059 178 110 glise.

1530 1152 267 103 Il lamẽ

1530 1232 187 101 te les

1530 1312 282 107 meurs de

1527 1380 261 131 leglise.

1553 1555 283 128 mat.23.a

1574 1710 253 124 1.tim̃.6b

1568 2704 247 113 Les ꝑse¬

1553 2796 259 110 cutiõs de

1550 2877 217 121 leglise

1553 2969 268 115 pͥmitiue.

1028 2957 502 122 Rr .iii. crainte
