2267 3563
1063 174 649 148 De Antechrist.

724 318 1390 117 crainte nocturnelle. Car adonc estoit il nuict/

742 403 1385 122 quãt tout hõme qui mettoit a mort les sainctz

734 486 1376 115 estimoit faire seruice a dieu. Mais quant ceste

736 570 1370 108 tentation a este uaincuer q̃ la tẽpeste a este ap

718 653 1390 118 paisee: elle a este anoblie: ⁊ selon la promesse a

702 736 1400 117 elle faicte/ a este en brief mise en eminence des

706 815 1410 121 siecles. Et lẽnemy ayant dueil quil estoit fru¬

716 902 1406 117 stre de la crainte nocturnelle: il sest par cautele

730 987 1384 105 conuerty a la flesche uolante de iour: ⁊ dicel¬

754 1057 1349 127 le en a naure aucũs de leglise. * Et aucuns hõ

739 1143 1364 130 mes uains se sont esleuez/ cõuoiteux de gloi¬

721 1241 1382 112 re/ lesq̃lz ont uoulu acquerir renom: ⁊ iceulx

736 1321 1379 113 partans de leglise/ par lõgue espace ont affli

751 1401 1370 119 ge la mesme eglise leur mere ⁊ ce par diuers ⁊

757 1475 1358 116 mauuais enseignemens. Mais aussi ceste pe¬

748 1564 1361 119 ste a este deboutee par la sapiẽce des sainctz/ cõ

750 1652 1360 105 me aussi fut la premiere par la patience des

748 1730 1368 116 martyrs. * Uoicy ces tẽps icy qͥ sõt urayemẽt

763 1820 1364 112 deliurez par la misericorde de dieu de toutes

760 1885 1373 134 ces deux malices: mais ilz sõt totallemẽt souil

757 1980 1370 122 lez ⁊ contaminez du negoce cheminãt par tout

745 2063 1373 116 en tenebres. Malheͬ sur ceste generatiõ/ pour

754 2143 1370 121 le leuain des pharisiẽs/ qͥ est hypocrisie/ si tou

756 2230 1368 115 tesfoys elle doibt estre appellee hypocrisie: la¬

752 2311 1382 117 q̃lle maintenãt poͬ labondãce dicelle ne peult

758 2395 1384 118 estre celee/ ⁊ aussi par son impudence ne le de¬

758 2478 1388 115 mãde point. Auiourdhuy sespart lanciẽne pe¬

762 2561 1386 119 ste par tout le corps de leglise: ⁊ dautãt q̃ ce se

766 2646 1374 113 faict plus abondãment/ dautãt ya il moins

766 2729 1366 111 despoir: ⁊ dautãt est il plus perilleux dautãt

764 2812 1362 117 qͥl est plus par dedẽs. Car si ung ennemy ma¬

762 2897 1368 125 nifestement hereticq̃ se esleuoit: on le mettroit

454 403 270 155 Ioã.16.a

445 1074 288 116 Ceulx qͥ

457 1178 267 98 se disent

445 1252 256 113 de legli¬

448 1342 262 101 se ꝑsecu¬

454 1425 244 110 tent la

460 1511 276 92 uraye e¬

469 1585 181 116 glise.

460 1820 279 121 noz tẽps

463 1918 270 104 sont les

457 1995 273 119 plus pe¬

457 2081 253 128 rilleux.

1809 2983 323 95 dehors/ et
