2267 3563
308 182 1269 140 De Antechrist. Cha.xxiiii.

182 312 1372 125 dehors/ ⁊ se seicheroit: si cestoit ung ennemy qͥ

186 403 1356 115 feist par uiolence: par aduẽture se muceroit le

180 488 1362 111 glise diceluy: mais maintenãt lequel deboute

168 572 1376 104 ra elle/ ou de qui se mucera elle? Toꝰ sõt amis/

162 655 1380 103 ⁊ tous sont ennemys: tous sõt necessaires: et

166 742 1372 101 tous sõt aduersaires: tous sõt domesticques/ ⁊

168 823 1352 111 nya nulz pacificques: tous sõt ꝓchains/ ⁊ toꝰ

169 893 1358 125 ne cherchent q̃ leur proffit. Ilz sont les mini¬

166 976 1361 128 stres de Christ/ ⁊ seruẽt a Lãtechrist: ilz chemi

162 1070 1406 107 nẽt en hõneur des biẽs du seigñr/ auq̃l seigñr

162 1152 1374 106 ne fõt point dhõneur. De la uiẽt icelle beaul¬

166 1241 1372 105 te de paillarde q̃ tu uoys tous les iours/ abil¬

166 1322 1374 107 lemẽs cõme ioueurs de farces/ appareilz cõme

166 1398 1367 110 dũg roy. * De ce uoys tu lor aux brides ⁊ aux

163 1481 1367 110 selles ⁊ aux esperõs. De ce sõt les tables aor¬

163 1576 1390 95 nees ⁊ de uiãdes ⁊ de uaisselles. De ce sont les

160 1641 1417 125 iurongneries/ les gourmandises. De ce uient

166 1728 1414 109 la harpe et uiele/ de la sont les pressoirs re¬

178 1805 1396 121 dundans/ et les greniers plains respandant

172 1903 1384 110 de lung en lautre. De ce sont les boytes plai¬

166 1980 1373 104 nes doignemens: de ce sont les bourses rem¬

169 2063 1378 116 plies. Pour telles choses ueullent ilz estre et

172 2146 1378 110 sont les princes des eglises/ les preuostz/ les

172 2229 1378 119 doyens/ les archidiacres/ les euesques/ les ar¬

172 2312 1378 119 cheuesques. Et telles choses naduiennent

184 2407 1382 106 pas iustement: mais pource quilz cheminent

176 2490 1405 109 au negoce des tenebres. Par cy deuant a este

186 2569 1403 109 predict: et maintenant est uenu le temps de

184 2642 1402 122 lacomplissement. * Uoicy/ en paix mon

178 2729 1407 117 amertume est tres amere. Elle a parauant

180 2814 1397 115 este amere en la mort des martyrs: apres plus

182 2899 1384 121 amere en la ꝯtrouersie des hereticques: main¬

1610 187 208 154 340

1547 869 262 125 Note di

1547 976 259 104 ligẽmẽt.

1553 1383 295 137 Icy estre

1547 1502 295 98 prouuee

1580 1570 276 116 la põpe

1598 1659 253 116 des gens

1598 1736 226 116 deglise.

1660 1831 182 101 Note

1577 1900 265 122 lorgueil

1556 2001 280 101 auarice⁊

1568 2075 205 110 uolu¬

1565 2170 286 86 ptez des

1565 2244 291 107 p̃latz de

1571 2321 253 122 leglise.

1610 2639 226 160 Esa.38.d

1019 2985 549 118 Rr .iiii. tenãt est
