2267 3563
1071 158 639 142 De Antechrist.

710 300 1396 113 tenant est tres amere es meurs des domesticq̃s.

718 382 1390 122 On ne les peult ne chasser/ ne les fouyr telle¬

716 465 1388 116 mẽt sont ilz puissãs ⁊ multipliez sans nõbre.

718 552 1390 117 La playe de leglise est aux entrailles ⁊ est in¬

704 637 1394 113 curable: ⁊ pourtant en paix est son amertume

690 718 1404 119 tres amere. Mais en q̃lle paix? Cest paix/ et si

689 801 1417 121 nest point paix. Elle a la paix des payẽs/ elle

700 884 1412 117 a la paix des hereticq̃s: mais elle na point la

724 959 1382 127 paix des enfãs. * La uoix de celuy qͥ se plaint

730 1054 1364 101 est en ce tẽps icy/ disant. Iay nourry des enfãs

719 1137 1366 104 et les ay esleue/ mais iceulx me ont desprise.

696 1217 1396 119 Ilz mont desprise ⁊ macule par infame uoye/

694 1298 1414 121 par infame gaing/ par ĩfame marchãdise/ fi¬

714 1385 1404 107 nablemẽt ꝑ la negoce cheminãte en tenebres.

748 1469 1361 110 * Il reste maintenãt que le diable du midy sor

742 1546 1352 116 te dehors pour seduire ceulx q̃ serõt demourez

736 1627 1355 112 en Christ encore demourãs en leur simplesse.

742 1704 1361 125 Cestuy urayemẽt est Antechrist: leq̃l ne mẽti¬

745 1805 1367 110 ra point seullemẽt le iour: mais aussi le midy:

751 1873 1364 128 ⁊ se esleuera ꝑ dessus ce qͥ est dit ou adore dieu:

733 1953 1382 125 leq̃l le seigñr Iesus occira ꝑ lesprit de sa bou¬

718 2046 1386 117 che: ⁊ destruira par la splendeur de son adue¬

726 2131 1370 117 nemẽt: ascauoir comme uray ⁊ eternel midy/

742 2220 873 111 espoux ⁊ aduocat de leglise.

776 2315 1302 127 ¶ Chrysostome sur sainct Matthieu en la

877 2412 1140 113 .xluiii. homelie/ ⁊ au .xxiiii. Chap̃.A.

754 2508 1364 146 ¶ Et y aura famines ⁊ pestilẽces/ ⁊c.

742 2633 1367 107 ¶ Mais toutes ces choses ne sont q̃ cõmence

742 2721 1370 107 mens de trauail pour enfanter: cest adire: du

744 2798 1368 119 faulx Christ qui doibt uenir: ⁊ les auditiõs de

750 2888 1358 126 guerres: ⁊ la nation soy esleuãt contre lautre

415 979 286 119 Esai.1.a

421 1080 250 92 Hie.6.d

433 1160 116 107 8.d

475 1469 214 110 Ante¬

445 1538 276 136 christ est

445 1641 250 98 appelle

445 1733 226 90 diable

445 1805 282 119 du midy

445 1885 294 142 2.Tessa.

445 1977 175 151 2.a.b

463 2544 273 140 Matth.

463 2663 166 142 24.a

1835 2975 271 120 nation/
