2267 3563
235 158 1253 160 De Antechrist. Cha.xxiiii.

120 290 1392 141 natiõ/ ⁊ les famines ⁊ les pestilẽces ⁊ les mor¬

132 378 1364 136 uemẽs de terre. Ainsi q̃ toutes ces choses cor¬

136 459 1364 144 porellemẽt entẽdues/ ont este les cõmencemẽs

130 542 1382 138 des maulx aux Iuifz et lacroissement fut la

122 627 1386 141 destructiõ de Hierusalem: ainsi ces choses spi-

120 710 1384 139 rituellement entendues ont este les commence

124 793 1374 141 mẽs aux Chrestiẽs: ⁊ lacroissement a este lop¬

136 878 1370 134 pression de leglise. TAinsi donc q̃ les batailles

136 956 1370 133 des heresies ont este les cõmencemens du tra¬

130 1033 1376 142 uail denfantement: cõment nẽtendons nous

124 1125 1388 148 point: que depuis q̃ les heresies se sont leuees

124 1205 1388 140 et que la discession de plusieurs a este faicte/

128 1304 1160 127 que de ce la cõsummation a cõmence?

136 1374 1382 146 ¶ Adonc uous bailleront ilz en tribulation/ ⁊

139 1457 1379 137 uous occirõt: et serez en hayne a toutes gens

142 1543 1384 145 pour mon nom. Iestime q̃ desia est icy deffail¬

138 1631 1418 136 lie lexpositiõ corporelle: si nous par lons de ce

148 1712 1418 138 tẽps la auguel Hieru◊olem Iut punse par lee¬

154 1789 1416 136 Romains. De ce quil dit. Adonc uous baille¬

148 1872 1410 139 romt ilz en tribulatiõ. Car les apostres ⁊ tous

146 1953 1394 143 les autres chrestiens cõ/ encerẽt alors a sous-

152 2042 1382 139 frir persecution quant toutes ces choses com¬

148 2125 1396 141 mencerent a estre appareillees contre Hierusa¬

154 2200 1393 142 lem/ ⁊ non point plus tost des le cõmẽcement

163 2280 1384 157 apres que Christ fut monte au ciel: ainsi q̃ les

172 2372 1370 136 Actes des Apostres le tesmoignẽt. 7 Parquoy

163 2452 1399 148 donc le fault totallemẽt spirituellemẽt enten¬

172 2532 1408 149 die q̃ quãt toutes ces choses cõmencerent estre

175 2624 1408 146 faictes contre leglise de Christ: cest adire quãt

166 2713 1420 143 mauuaises doctrines cõmencerẽt a regner/ cõ¬

166 2779 1405 154 me faulx Christz: quãt les auditiõs cõmence

166 2874 1390 169 rẽt destre faictes: quãt une heresie sest cõmẽcee

1583 139 178 166 341

1530 849 231 121 Les si¬

1530 950 234 104 gnes de

1533 1031 262 96 la uenue

1536 1122 261 95 de Ante¬

1536 1187 199 116 christ.

1545 1350 273 140 Matth.

1533 1451 160 95 24.a

1565 2176 235 119 Act̃.4.f

1562 2274 289 107 Les fide

1568 2357 280 113 les souf

1580 2443 241 101 friront

1595 2532 250 101 beaucop

1598 2603 238 122 d choses

1598 2698 217 90 au tẽps

1586 2782 247 101 de Ante¬

1571 2865 164 145 christ

1275 2959 275 119 de esleuer
