<?xml version="1.0" encoding="UTF-8"?>
<alto xmlns:xsi="http://www.w3.org/2001/XMLSchema-instance"
      xmlns="http://www.loc.gov/standards/alto/ns-v4#"
      xsi:schemaLocation="http://www.loc.gov/standards/alto/ns-v4# http://www.loc.gov/standards/alto/v4/alto-4-2.xsd">
  <Description>
    <MeasurementUnit>pixel</MeasurementUnit>
    <sourceImageInformation>
      <fileName>265_772ec_default.jpg</fileName>
      <fileIdentifier>https://www.e-rara.ch/i3f/v20/4106423/full/full/0/default.jpg</fileIdentifier>
    </sourceImageInformation>
  </Description>
  <Tags>
    <OtherTag ID="BT8" LABEL="DamageZone" DESCRIPTION="block type DamageZone"/><OtherTag ID="BT10" LABEL="DropCapitalZone" DESCRIPTION="block type DropCapitalZone"/><OtherTag ID="BT11" LABEL="GraphicZone" DESCRIPTION="block type GraphicZone"/><OtherTag ID="BT12" LABEL="MainZone" DESCRIPTION="block type MainZone"/><OtherTag ID="BT13" LABEL="MarginTextZone" DESCRIPTION="block type MarginTextZone"/><OtherTag ID="BT15" LABEL="NumberingZone" DESCRIPTION="block type NumberingZone"/><OtherTag ID="BT17" LABEL="QuireMarksZone" DESCRIPTION="block type QuireMarksZone"/><OtherTag ID="BT18" LABEL="RunningTitleZone" DESCRIPTION="block type RunningTitleZone"/><OtherTag ID="BT20" LABEL="StampZone" DESCRIPTION="block type StampZone"/><OtherTag ID="BT21" LABEL="TableZone" DESCRIPTION="block type TableZone"/><OtherTag ID="BT22" LABEL="TitlePageZone" DESCRIPTION="block type TitlePageZone"/>
    <OtherTag ID="LT8" LABEL="DefaultLine" DESCRIPTION="line type DefaultLine"/><OtherTag ID="LT9" LABEL="DropCapitalLine" DESCRIPTION="line type DropCapitalLine"/><OtherTag ID="LT10" LABEL="HeadingLine" DESCRIPTION="line type HeadingLine"/><OtherTag ID="LT11" LABEL="InterlinearLine" DESCRIPTION="line type InterlinearLine"/><OtherTag ID="LT311" LABEL="default" DESCRIPTION="line type default"/>
  </Tags>
  <Layout>
    <Page WIDTH="2267"
          HEIGHT="3563"
          PHYSICAL_IMG_NR="265"
          ID="eSc_dummypage_">
      <PrintSpace HPOS="0"
                  VPOS="0"
                  WIDTH="2267"
                  HEIGHT="3563">
        <TextBlock HPOS="1116"
                   VPOS="155"
                   WIDTH="679"
                   HEIGHT="153"
                   ID="eSc_textblock_0dbd6ed0"
                   TAGREFS="BT18">
          <Shape><Polygon POINTS="1118 155 1116 299 1795 308 1795 155"/></Shape>
          <TextLine ID="eSc_line_49a0ed25"
                    TAGREFS="LT10"
                    BASELINE="1138 259 1775 259" 
                    HPOS="1138"
                    VPOS="158"
                    WIDTH="637"
                    HEIGHT="138">
            <Shape><Polygon POINTS="1752 174 1732 164 1712 158 1692 158 1688 158 1633 166 1607 158 1593 158 1589 158 1572 174 1536 174 1506 158 1494 158 1475 158 1457 158 1435 162 1411 158 1395 158 1376 158 1364 158 1338 174 1286 174 1263 158 1257 158 1237 158 1217 158 1197 158 1178 158 1172 158 1152 166 1138 192 1138 259 1138 287 1174 294 1176 294 1178 294 1180 294 1180 292 1187 287 1195 281 1239 281 1249 287 1259 292 1261 292 1263 292 1265 292 1267 292 1288 285 1306 281 1322 285 1352 294 1354 294 1356 294 1358 294 1397 285 1409 281 1413 285 1425 292 1425 294 1427 294 1429 294 1431 294 1506 283 1524 281 1532 283 1568 294 1570 294 1572 296 1712 296 1712 294 1714 294 1716 294 1716 292 1728 281 1775 279 1775 259 1775 186 1772 184"/></Shape>
	    <String CONTENT="De Antechrist."
                    HPOS="1138"
                    VPOS="158"
                    WIDTH="637"
                    HEIGHT="138"
                    WC="0.9954799541405269"></String>
          </TextLine>
        </TextBlock>
        <TextBlock HPOS="705"
                   VPOS="287"
                   WIDTH="1472"
                   HEIGHT="2718"
                   ID="eSc_textblock_68c2cde1"
                   TAGREFS="BT12">
          <Shape><Polygon POINTS="738 287 733 684 705 790 707 921 744 1086 733 1383 755 1419 762 1644 766 1724 763 1788 720 1893 717 2120 714 2322 754 2403 748 2478 712 2570 707 2583 705 3005 2132 3001 2177 312"/></Shape>
          <TextLine ID="eSc_line_b1ed30e2"
                    TAGREFS="LT8"
                    BASELINE="760 368 2138 382" 
                    HPOS="760"
                    VPOS="290"
                    WIDTH="1378"
                    HEIGHT="125">
            <Shape><Polygon POINTS="2126 318 2120 314 2043 302 2029 302 1956 312 1940 300 1938 300 1936 300 1863 300 1861 300 1859 300 1857 300 1843 312 1744 298 1742 298 1673 312 1669 312 1667 312 1641 302 1639 302 1637 302 1597 310 1587 312 1577 310 1534 302 1532 302 1284 308 1211 308 1207 306 1195 296 1195 294 1193 294 1191 294 1189 294 1187 294 1166 306 1160 308 1146 306 1086 294 1084 294 1017 304 999 306 991 304 958 290 956 290 954 290 760 300 760 368 760 395 859 389 885 397 900 401 902 401 904 401 906 401 926 397 958 389 1047 397 1124 403 1126 403 1128 403 1130 403 1136 397 1144 391 1209 397 1257 401 1259 401 1290 397 1322 393 1340 397 1372 407 1374 407 1376 407 1572 397 1605 397 1607 397 1621 409 1623 409 1625 409 1627 409 1712 401 1742 411 1744 411 1746 411 1871 399 1874 399 1876 399 1948 413 1950 415 2108 415 2108 413 2110 413 2136 399 2138 382 2138 328 2126 318"/></Shape>
	    <String CONTENT="de esleuer sur lautre heresie/ ⁊ ung euesche sur"
                    HPOS="760"
                    VPOS="290"
                    WIDTH="1378"
                    HEIGHT="125"
                    WC="0.9934952470163504"></String>
          </TextLine>
          <TextLine ID="eSc_line_f7bf2b16"
                    TAGREFS="LT8"
                    BASELINE="766 453 2144 465" 
                    HPOS="764"
                    VPOS="385"
                    WIDTH="1380"
                    HEIGHT="105">
            <Shape><Polygon POINTS="766 453 764 477 2140 490 2144 465 2142 409 2015 395 2013 395 1928 405 1916 407 1912 405 1896 393 1894 393 1892 393 1890 393 1827 405 1821 407 1728 407 1722 403 1684 391 1682 391 1680 391 1678 391 1631 403 1627 403 1623 403 1570 391 1568 391 1496 401 1480 403 1437 401 1221 387 1219 387 1217 387 1174 399 1170 399 1166 399 1140 389 1138 389 1136 389 1084 397 1071 399 1025 397 845 385 843 385 766 393 766 453"/></Shape>
	    <String CONTENT="ung autre euesche: quand la famine de la pa¬"
                    HPOS="764"
                    VPOS="385"
                    WIDTH="1380"
                    HEIGHT="105"
                    WC="0.9876397374001417"></String>
          </TextLine>
          <TextLine ID="eSc_line_8511698f"
                    TAGREFS="LT8"
                    BASELINE="762 536 2142 548" 
                    HPOS="762"
                    VPOS="469"
                    WIDTH="1380"
                    HEIGHT="110">
            <Shape><Polygon POINTS="762 536 762 568 922 558 974 568 991 572 993 572 1035 568 1108 562 1156 568 1185 572 1187 572 1189 572 1197 568 1213 560 1332 560 1346 568 1358 574 1360 574 1362 574 1484 568 1570 564 1577 568 1593 576 1595 576 1597 576 1673 568 1692 566 1696 568 1712 577 1714 577 1716 577 2005 579 2007 579 2009 579 2011 579 2023 570 2059 577 2061 577 2140 566 2142 548 2142 492 2082 479 1966 479 1964 479 1962 479 1936 488 1930 490 1912 488 1831 477 1829 477 1742 486 1712 488 1702 484 1675 475 1673 475 1671 475 1623 484 1609 488 1455 488 1263 486 1249 479 1237 473 1235 473 1233 473 1172 479 1110 482 1096 477 1084 471 1083 471 1081 471 1079 471 1077 471 1071 477 1067 479 1041 477 982 469 980 469 978 469 976 469 966 475 956 481 916 475 883 469 881 469 879 469 861 473 831 481 762 473 762 536"/></Shape>
	    <String CONTENT="rolle a este faicte au peuple chrestien: quãd les"
                    HPOS="762"
                    VPOS="469"
                    WIDTH="1380"
                    HEIGHT="110"
                    WC="0.9790493202209473"></String>
          </TextLine>
          <TextLine ID="eSc_line_8fe39f48"
                    TAGREFS="LT8"
                    BASELINE="758 625 2138 633" 
                    HPOS="758"
                    VPOS="556"
                    WIDTH="1380"
                    HEIGHT="107">
            <Shape><Polygon POINTS="758 625 758 651 1081 643 1098 651 1110 657 1112 657 1114 659 1201 659 1201 657 1203 657 1205 657 1211 651 1219 645 1253 651 1294 657 1296 657 1298 657 1300 657 1308 651 1316 645 1336 651 1356 655 1358 655 1360 655 1391 651 1423 645 1435 649 1453 659 1455 659 1457 659 1574 649 1611 647 1627 649 1678 659 1680 659 1730 649 1742 647 1752 649 1793 661 1795 661 1797 661 1843 651 1871 661 1872 661 1874 663 2070 663 2070 661 2136 647 2138 633 2138 576 1981 562 1979 562 1977 562 1942 574 1938 574 1936 574 1922 564 1920 564 1918 564 1916 564 1841 572 1821 574 1817 572 1795 560 1793 560 1791 560 1789 560 1762 572 1760 572 1752 572 1669 560 1667 560 1665 560 1631 570 1623 572 1597 570 1484 560 1482 560 1397 568 1378 570 1366 568 1320 558 1189 558 1187 558 1185 558 1183 558 1172 566 1166 570 1134 566 1055 556 1053 556 758 562 758 625"/></Shape>
	    <String CONTENT="pestilẽces de plusieurs uices les ont cõprins:"
                    HPOS="758"
                    VPOS="556"
                    WIDTH="1380"
                    HEIGHT="107"
                    WC="0.9892280474305153"></String>
          </TextLine>
          <TextLine ID="eSc_line_b32368d3"
                    TAGREFS="LT8"
                    BASELINE="746 706 2132 718" 
                    HPOS="744"
                    VPOS="639"
                    WIDTH="1388"
                    HEIGHT="105">
            <Shape><Polygon POINTS="746 706 744 724 760 734 762 734 764 734 766 734 894 724 978 736 980 736 1203 726 1277 738 1279 738 1421 728 1480 740 1482 742 1625 742 1625 740 1627 740 1629 740 1641 730 1686 742 1688 742 1690 742 1752 732 1811 742 1813 742 1815 742 1817 742 1827 732 1847 742 1849 742 2112 744 2114 744 2116 744 2118 744 2130 732 2132 718 2132 663 2033 649 2031 649 1946 659 1894 647 1892 647 1890 647 1888 647 1861 657 1754 647 1752 647 1684 657 1682 657 1663 645 1661 645 1659 645 1657 645 1609 657 1532 657 1494 657 1492 655 1477 645 1475 645 1473 645 1471 645 1469 645 1439 655 1423 643 1421 643 1419 643 1417 643 1277 653 1269 653 1257 653 1049 641 1047 641 987 651 982 651 976 651 936 639 934 639 932 639 746 647 746 706"/></Shape>
	    <String CONTENT="quãt les mouuemẽs de terres des turbatiõs a"
                    HPOS="744"
                    VPOS="639"
                    WIDTH="1388"
                    HEIGHT="105"
                    WC="0.9889212276624597"></String>
          </TextLine>
          <TextLine ID="eSc_line_56b92549"
                    TAGREFS="LT8"
                    BASELINE="734 789 2120 799" 
                    HPOS="732"
                    VPOS="720"
                    WIDTH="1388"
                    HEIGHT="111">
            <Shape><Polygon POINTS="734 789 732 807 746 819 746 821 748 821 750 821 752 821 754 821 793 811 877 821 879 821 881 821 930 807 934 807 936 807 960 821 962 821 964 821 1033 809 1039 809 1043 809 1088 823 1090 823 1092 823 1094 823 1128 811 1134 809 1138 811 1154 823 1156 823 1158 823 1160 825 1209 825 1209 823 1263 813 1286 809 1302 813 1334 825 1336 825 1338 825 1340 825 1342 825 1354 815 1358 811 1516 811 1538 817 1564 827 1566 827 1568 827 1603 819 1631 813 1671 821 1708 827 1710 827 1742 821 1785 813 1821 823 1843 829 1845 829 1847 829 1849 829 1869 823 1892 817 1918 825 1932 829 1934 829 1936 831 2007 831 2007 829 2009 829 2011 829 2013 827 2027 817 2116 827 2120 799 2118 738 1882 728 1880 728 1878 728 1847 736 1831 740 1815 736 1793 730 1791 730 1789 730 1787 730 1774 736 1764 742 1629 742 1619 736 1611 730 1609 730 1607 730 1605 730 1603 730 1583 736 1566 740 1534 736 1465 724 1463 724 1461 724 1439 736 1433 738 1427 736 1405 724 1403 724 1401 724 1241 734 1237 734 1223 722 1221 722 1219 722 1217 722 1156 732 1077 722 1075 722 1073 722 1039 734 1031 736 960 736 958 734 942 722 940 722 938 722 936 722 934 722 910 732 894 720 892 720 890 720 888 720 887 720 855 734 851 734 734 734 734 789"/></Shape>
	    <String CONTENT="cause des choses diuines leur ont este faictz:"
                    HPOS="732"
                    VPOS="720"
                    WIDTH="1388"
                    HEIGHT="111"
                    WC="0.9995826625305674"></String>
          </TextLine>
          <TextLine ID="eSc_line_6b93aec4"
                    TAGREFS="LT8"
                    BASELINE="732 872 2128 882" 
                    HPOS="730"
                    VPOS="805"
                    WIDTH="1398"
                    HEIGHT="103">
            <Shape><Polygon POINTS="732 872 730 896 2124 908 2128 882 2126 827 2029 813 2027 813 1898 825 1884 825 1880 825 1843 811 1841 811 1839 811 1603 823 1572 823 1564 823 1514 809 1512 809 1510 809 1447 821 1443 821 1437 821 1330 809 1328 809 1326 809 1324 809 1310 821 1308 821 1288 821 1146 809 1144 809 1142 809 1102 819 1098 819 1092 819 1009 805 1007 805 934 817 930 817 928 817 837 805 835 805 732 815 732 872"/></Shape>
	    <String CONTENT="adõc ont este noz peres liurez en plusieurs tri¬"
                    HPOS="730"
                    VPOS="805"
                    WIDTH="1398"
                    HEIGHT="103"
                    WC="0.993180762748329"></String>
          </TextLine>
          <TextLine ID="eSc_line_6bc07a8b"
                    TAGREFS="LT8"
                    BASELINE="732 954 2136 963" 
                    HPOS="732"
                    VPOS="886"
                    WIDTH="1404"
                    HEIGHT="105">
            <Shape><Polygon POINTS="732 954 732 973 803 973 807 975 819 985 821 985 823 985 825 985 827 985 861 975 869 973 902 975 999 983 1001 983 1086 977 1114 975 1118 977 1138 987 1140 987 1142 987 1144 987 1183 977 1187 977 1195 977 1275 987 1277 987 1279 987 1281 987 1290 977 1292 975 1298 979 1322 989 1324 989 1326 989 1484 979 1534 977 1542 979 1572 991 1574 991 1576 991 2134 983 2136 963 2134 900 1579 906 1411 892 1403 892 1401 892 1399 892 1397 892 1376 906 1308 906 1271 890 1269 890 1267 890 1265 890 1263 890 1261 890 1241 902 1075 892 1073 892 1023 902 954 902 940 888 938 888 936 888 732 886 732 954"/></Shape>
	    <String CONTENT="bulations de persecutions par tout le mõde et"
                    HPOS="732"
                    VPOS="886"
                    WIDTH="1404"
                    HEIGHT="105"
                    WC="0.99459173757097"></String>
          </TextLine>
          <TextLine ID="eSc_line_dc9ac911"
                    TAGREFS="LT8"
                    BASELINE="754 1033 2136 1051" 
                    HPOS="752"
                    VPOS="965"
                    WIDTH="1384"
                    HEIGHT="113">
            <Shape><Polygon POINTS="754 1033 752 1051 766 1060 768 1060 770 1060 772 1060 871 1053 906 1066 908 1066 910 1066 1031 1055 1088 1068 1090 1068 1092 1068 1094 1068 1122 1057 1279 1070 1281 1070 1356 1059 1781 1076 1783 1076 1785 1076 1809 1064 1823 1076 1823 1078 1825 1078 1827 1078 1829 1078 2134 1066 2136 1051 2136 995 2114 979 2112 979 2110 979 2029 979 2027 979 2025 979 1983 995 1920 979 1918 979 1916 979 1914 979 1861 993 1774 993 1748 993 1676 973 1675 973 1611 973 1609 973 1607 973 1564 989 1524 971 1522 971 1520 971 1518 971 1486 989 1457 989 1411 989 1411 987 1370 969 1368 969 1334 969 1332 969 1330 969 1328 969 1306 985 1306 987 1227 987 1225 985 1205 967 1203 967 1201 967 1199 967 1197 967 1154 979 1142 969 1140 969 1138 969 1136 969 1134 969 1132 969 1114 983 1100 973 1098 973 1096 973 1094 973 1092 973 1065 981 1049 967 1049 965 1047 965 1045 965 1043 965 1041 965 1011 981 944 965 942 965 940 965 898 979 861 967 859 967 857 967 754 977 754 1033"/></Shape>
	    <String CONTENT="ont este occis: et aucũs ont este hays de toutes"
                    HPOS="752"
                    VPOS="965"
                    WIDTH="1384"
                    HEIGHT="113"></String>
          </TextLine>
          <TextLine ID="eSc_line_96ea4be8"
                    TAGREFS="LT8"
                    BASELINE="764 1118 1772 1126" 
                    HPOS="762"
                    VPOS="1051"
                    WIDTH="1010"
                    HEIGHT="104">
            <Shape><Polygon POINTS="764 1118 762 1146 918 1138 954 1150 956 1150 958 1150 960 1150 989 1138 1015 1150 1019 1152 1021 1152 1023 1152 1025 1152 1027 1152 1027 1150 1043 1140 1263 1140 1282 1152 1284 1154 1286 1154 1288 1154 1290 1154 1292 1154 1296 1152 1316 1142 1352 1152 1354 1152 1356 1152 1358 1152 1397 1142 1409 1152 1409 1154 1411 1154 1413 1154 1415 1154 1417 1154 1421 1152 1447 1142 1502 1154 1518 1155 1520 1155 1538 1154 1579 1146 1603 1154 1609 1155 1611 1155 1613 1155 1770 1154 1772 1126 1770 1072 1688 1072 1686 1070 1649 1055 1647 1055 1645 1055 1643 1055 1611 1070 1607 1072 1576 1072 1574 1068 1558 1057 1558 1055 1556 1055 1554 1055 1552 1055 1451 1068 1441 1068 1439 1068 1425 1055 1425 1053 1423 1053 1421 1053 1419 1053 1417 1053 1415 1053 1393 1066 1391 1068 1379 1066 1308 1055 1306 1055 1304 1055 1277 1066 1269 1068 1263 1064 1239 1051 1237 1051 1235 1051 1233 1051 1231 1051 1199 1064 1158 1051 1156 1051 1011 1051 1009 1051 1007 1051 1005 1051 989 1062 985 1064 976 1062 950 1055 948 1055 946 1055 908 1060 887 1064 764 1060 764 1118"/></Shape>
	    <String CONTENT="gens: cest adire de toutes heresies."
                    HPOS="762"
                    VPOS="1051"
                    WIDTH="1010"
                    HEIGHT="104"
                    WC="0.9989860405524572"></String>
          </TextLine>
          <TextLine ID="eSc_line_da89fdb8"
                    TAGREFS="LT8"
                    BASELINE="760 1203 2118 1219" 
                    HPOS="758"
                    VPOS="1128"
                    WIDTH="1360"
                    HEIGHT="121">
            <Shape><Polygon POINTS="760 1203 758 1219 821 1233 823 1233 920 1223 926 1223 934 1223 1043 1235 1045 1235 1047 1235 1077 1225 1079 1225 1094 1239 1096 1239 1098 1239 1100 1239 1330 1231 1376 1229 1387 1231 1439 1243 1441 1243 1443 1243 1475 1233 1480 1231 1540 1231 1546 1233 1558 1243 1560 1243 1562 1243 1564 1243 1566 1243 1589 1235 1595 1233 1633 1235 1779 1247 1781 1249 1898 1249 1898 1247 1900 1247 1902 1247 1908 1241 1914 1237 2114 1243 2118 1219 2118 1154 1750 1138 1748 1138 1643 1146 1619 1148 1617 1146 1601 1136 1599 1136 1597 1136 1595 1136 1494 1144 1473 1146 1461 1144 1409 1134 1407 1134 1405 1134 1387 1144 1385 1144 1372 1144 1267 1132 1265 1132 1187 1140 1168 1142 1053 1142 1051 1138 1043 1132 1043 1130 1041 1130 1039 1130 1037 1130 1035 1130 1003 1138 993 1140 980 1138 926 1128 924 1128 760 1134 760 1203"/></Shape>
	    <String CONTENT="¶ Et alors plusieurs serõt scãdalisez ⁊ liure¬"
                    HPOS="758"
                    VPOS="1128"
                    WIDTH="1360"
                    HEIGHT="121"></String>
          </TextLine>
          <TextLine ID="eSc_line_796a5efc"
                    TAGREFS="LT8"
                    BASELINE="754 1280 2118 1302" 
                    HPOS="748"
                    VPOS="1217"
                    WIDTH="1367"
                    HEIGHT="122">
            <Shape><Polygon POINTS="751 1279 748 1309 2109 1339 2115 1300 2112 1238 751 1217 751 1279"/></Shape>
	    <String CONTENT="ront lung lautre/ ⁊ hayrõt lung lautre. * Par"
                    HPOS="748"
                    VPOS="1217"
                    WIDTH="1367"
                    HEIGHT="122"></String>
          </TextLine>
          <TextLine ID="eSc_line_6e925e93"
                    TAGREFS="LT8"
                    BASELINE="747 1362 1574 1381 2128 1381" 
                    HPOS="742"
                    VPOS="1288"
                    WIDTH="1385"
                    HEIGHT="131">
            <Shape><Polygon POINTS="742 1386 2121 1419 2127 1380 2127 1327 1984 1327 1978 1321 1963 1309 1960 1309 1957 1309 1955 1309 1859 1318 1824 1321 1812 1318 1788 1306 1785 1306 1782 1306 1527 1309 1277 1312 1268 1303 1268 1300 1265 1300 1265 1297 1262 1297 1259 1297 1256 1297 1218 1300 1140 1309 1111 1297 1102 1294 1099 1294 1096 1294 1025 1294 784 1303 748 1288 745 1359 742 1386"/></Shape>
	    <String CONTENT="ces parolles aussi est monstre/ cõment ces cho¬"
                    HPOS="742"
                    VPOS="1288"
                    WIDTH="1385"
                    HEIGHT="131"
                    WC="0.9935860658685366"></String>
          </TextLine>
          <TextLine ID="eSc_line_634fa557"
                    TAGREFS="LT8"
                    BASELINE="765 1445 2128 1464" 
                    HPOS="760"
                    VPOS="1374"
                    WIDTH="1367"
                    HEIGHT="128">
            <Shape><Polygon POINTS="763 1443 760 1484 1690 1484 1741 1487 1931 1502 1934 1502 2124 1487 2127 1463 2124 1401 763 1374 763 1443"/></Shape>
	    <String CONTENT="ses ne sont pas dictes du temps des Apostres"
                    HPOS="760"
                    VPOS="1374"
                    WIDTH="1367"
                    HEIGHT="128"
                    WC="0.9870743575421247"></String>
          </TextLine>
          <TextLine ID="eSc_line_e7960894"
                    TAGREFS="LT8"
                    BASELINE="777 1527 1649 1547 2118 1547" 
                    HPOS="772"
                    VPOS="1463"
                    WIDTH="1343"
                    HEIGHT="122">
            <Shape><Polygon POINTS="775 1526 772 1552 2109 1585 2115 1546 2109 1475 1963 1487 1821 1472 1794 1469 1791 1469 1761 1469 1637 1481 1500 1469 1438 1463 775 1463 775 1526"/></Shape>
	    <String CONTENT="quãt Hierusalẽ debuoit estre prinse: car alors"
                    HPOS="772"
                    VPOS="1463"
                    WIDTH="1343"
                    HEIGHT="122"></String>
          </TextLine>
          <TextLine ID="eSc_line_d91dd3d2"
                    TAGREFS="LT8"
                    BASELINE="773 1609 2112 1635" 
                    HPOS="769"
                    VPOS="1546"
                    WIDTH="1340"
                    HEIGHT="125">
            <Shape><Polygon POINTS="772 1606 769 1647 1509 1647 1524 1659 1524 1662 1527 1662 1530 1662 1533 1662 1550 1662 1651 1650 2103 1671 2109 1633 2106 1558 772 1546 772 1606"/></Shape>
	    <String CONTENT="peu de gens estoiẽt scãdalisez: peu de chrestiẽs"
                    HPOS="769"
                    VPOS="1546"
                    WIDTH="1340"
                    HEIGHT="125"></String>
          </TextLine>
          <TextLine ID="eSc_line_4f2d4ad1"
                    TAGREFS="LT8"
                    BASELINE="776 1692 2106 1720" 
                    HPOS="772"
                    VPOS="1630"
                    WIDTH="1331"
                    HEIGHT="124">
            <Shape><Polygon POINTS="775 1689 772 1728 1435 1728 1509 1733 1619 1745 1622 1745 1672 1736 1690 1733 1726 1736 1856 1751 1859 1751 1960 1739 1963 1739 1966 1739 1984 1754 1987 1754 1990 1754 1993 1754 2100 1739 2103 1719 2103 1650 775 1630 775 1689"/></Shape>
	    <String CONTENT="liuroyẽt lung lautre: car aussi ne hayoiẽt ilz"
                    HPOS="772"
                    VPOS="1630"
                    WIDTH="1331"
                    HEIGHT="124"></String>
          </TextLine>
          <TextLine ID="eSc_line_dbd79a53"
                    TAGREFS="LT8"
                    BASELINE="775 1775 2106 1801" 
                    HPOS="769"
                    VPOS="1713"
                    WIDTH="1334"
                    HEIGHT="121">
            <Shape><Polygon POINTS="772 1772 769 1811 1360 1811 1381 1817 1411 1826 1414 1826 1417 1826 1470 1817 1509 1811 1580 1817 1714 1831 1717 1831 1776 1820 1788 1817 1797 1820 1833 1834 1836 1834 1839 1834 1842 1834 1883 1820 1886 1820 2097 1820 2103 1799 2097 1725 2020 1736 1836 1722 1794 1719 1791 1719 1764 1722 1657 1731 1521 1719 1455 1713 772 1713 772 1772"/></Shape>
	    <String CONTENT="point lung lautre/ mais tous estoyent dung"
                    HPOS="769"
                    VPOS="1713"
                    WIDTH="1334"
                    HEIGHT="121"
                    WC="0.9898841650713057"></String>
          </TextLine>
          <TextLine ID="eSc_line_e2bc8943"
                    TAGREFS="LT8"
                    BASELINE="762 1855 2124 1880" 
                    HPOS="757"
                    VPOS="1796"
                    WIDTH="1364"
                    HEIGHT="110">
            <Shape><Polygon POINTS="760 1852 757 1891 2115 1906 2121 1879 2121 1820 760 1796 760 1852"/></Shape>
	    <String CONTENT="cueur ⁊ dune ame. Mais il dit de nr̃e tẽps/ es¬"
                    HPOS="757"
                    VPOS="1796"
                    WIDTH="1364"
                    HEIGHT="110"
                    WC="0.9996833006540934"></String>
          </TextLine>
          <TextLine ID="eSc_line_5bb9a914"
                    TAGREFS="LT8"
                    BASELINE="756 1945 2126 1965" 
                    HPOS="754"
                    VPOS="1880"
                    WIDTH="1372"
                    HEIGHT="111">
            <Shape><Polygon POINTS="756 1945 754 1963 892 1979 894 1979 995 1969 999 1969 1003 1969 1065 1981 1067 1981 1152 1971 1162 1971 1164 1971 1185 1983 1187 1983 1189 1983 1284 1975 1302 1973 1328 1975 1441 1987 1443 1989 1556 1989 1556 1987 1558 1987 1572 1979 1577 1977 1587 1979 1617 1989 1619 1989 1621 1991 2124 1991 2126 1965 2126 1908 1991 1892 1989 1892 1922 1904 1916 1904 1912 1904 1869 1892 1867 1892 1865 1892 1762 1902 1746 1902 1744 1900 1730 1890 1728 1890 1726 1890 1589 1886 1587 1886 1532 1898 1524 1898 1516 1898 1445 1884 1391 1884 1389 1884 1387 1884 1385 1884 1374 1894 1372 1896 1191 1896 1185 1892 1156 1880 1154 1880 1152 1880 756 1884 756 1945"/></Shape>
	    <String CONTENT="quelz plusieurs ont este scãdalisez ⁊ sont scan"
                    HPOS="754"
                    VPOS="1880"
                    WIDTH="1372"
                    HEIGHT="111"
                    WC="0.9998305800060431"></String>
          </TextLine>
          <TextLine ID="eSc_line_04b6739d"
                    TAGREFS="LT8"
                    BASELINE="746 2028 2120 2048" 
                    HPOS="744"
                    VPOS="1963"
                    WIDTH="1376"
                    HEIGHT="113">
            <Shape><Polygon POINTS="746 2028 744 2046 883 2062 885 2062 1007 2052 1065 2064 1067 2064 1172 2056 1219 2066 1221 2066 1223 2066 1247 2056 1259 2066 1261 2066 1263 2066 1471 2070 1473 2070 1475 2070 1508 2060 1532 2070 1534 2070 1536 2070 1538 2070 1566 2060 1577 2070 1579 2070 1581 2070 1742 2074 1744 2074 1746 2074 1770 2064 1847 2076 1849 2076 2118 2066 2120 2048 2120 1995 1993 1995 1991 1991 1977 1979 1977 1977 1975 1977 1973 1977 1971 1977 1872 1989 1847 1991 1829 1987 1775 1975 1774 1975 1772 1975 1738 1985 1728 1989 1720 1985 1698 1975 1696 1975 1694 1975 1627 1983 1591 1987 1540 1981 1482 1975 1480 1975 1478 1975 1477 1975 1471 1979 1465 1985 1455 1979 1435 1969 1433 1969 1431 1969 1364 1977 1318 1983 1306 1977 1298 1971 1296 1971 1294 1971 1292 1971 1257 1975 1211 1981 1201 1973 1193 1967 1191 1967 1189 1967 1187 1967 1154 1973 1120 1979 1098 1971 1081 1965 1079 1965 1077 1965 1075 1965 1057 1971 1033 1979 1013 1969 997 1963 995 1963 993 1963 991 1963 980 1969 972 1973 746 1965 746 2028"/></Shape>
	    <String CONTENT="dalisez de la foy q̃ cõfermez en la foy. Main¬"
                    HPOS="744"
                    VPOS="1963"
                    WIDTH="1376"
                    HEIGHT="113"></String>
          </TextLine>
          <TextLine ID="eSc_line_ffa9726f"
                    TAGREFS="LT8"
                    BASELINE="730 2114 2110 2129" 
                    HPOS="730"
                    VPOS="2044"
                    WIDTH="1380"
                    HEIGHT="117">
            <Shape><Polygon POINTS="730 2114 730 2145 833 2135 989 2147 1037 2149 1039 2149 1041 2149 1049 2147 1075 2137 1146 2147 1170 2149 1172 2149 1193 2147 1247 2139 1332 2147 1421 2155 1423 2155 1425 2155 1447 2147 1461 2143 1486 2147 1536 2155 1538 2155 1581 2147 1583 2147 1589 2155 1591 2155 1591 2157 1593 2157 1595 2157 1597 2157 1663 2147 1680 2145 1684 2147 1696 2157 1698 2157 1700 2157 1702 2157 1748 2147 1760 2145 1766 2147 1787 2159 1789 2159 1791 2159 1920 2147 1936 2147 1940 2147 1975 2161 1977 2161 1979 2161 2108 2147 2110 2129 2108 2074 1938 2074 1934 2070 1900 2056 1898 2056 1896 2056 1797 2068 1783 2070 1760 2068 1581 2052 1579 2052 1577 2052 1536 2066 1532 2066 1522 2066 1413 2050 1411 2050 1409 2050 1370 2064 1366 2064 1279 2064 1279 2062 1249 2048 1247 2048 1245 2048 1243 2048 1205 2062 1201 2062 1185 2062 1051 2046 865 2044 863 2044 861 2044 813 2056 805 2058 799 2056 772 2044 770 2044 768 2044 766 2044 764 2044 764 2046 752 2056 748 2058 730 2056 730 2114"/></Shape>
	    <String CONTENT="tenãt se sont baillez ⁊ se baillent lung lautre/"
                    HPOS="730"
                    VPOS="2044"
                    WIDTH="1380"
                    HEIGHT="117"
                    WC="0.9989704246423683"></String>
          </TextLine>
          <TextLine ID="eSc_line_63751c19"
                    TAGREFS="LT8"
                    BASELINE="740 2197 2110 2214" 
                    HPOS="740"
                    VPOS="2127"
                    WIDTH="1370"
                    HEIGHT="115">
            <Shape><Polygon POINTS="2106 2145 1968 2155 1916 2143 1910 2141 1908 2141 1906 2141 1892 2141 1805 2153 1556 2151 1516 2139 1504 2135 1502 2135 1500 2135 1469 2137 1381 2147 1368 2137 1366 2135 1364 2135 1362 2135 1360 2135 1346 2137 1296 2145 1284 2135 1282 2133 1281 2133 1279 2133 1277 2133 1225 2135 1088 2143 1069 2133 1063 2131 1061 2131 1059 2131 1057 2131 1047 2133 1023 2141 999 2133 987 2129 985 2129 984 2129 960 2133 932 2137 906 2133 879 2127 877 2127 875 2127 873 2127 869 2131 861 2139 851 2131 845 2127 843 2127 841 2127 839 2127 811 2131 768 2139 742 2131 740 2197 740 2224 1073 2222 1112 2228 1150 2232 1152 2232 1154 2232 1156 2232 1162 2228 1170 2222 1182 2228 1197 2234 1199 2234 1201 2234 1203 2234 1205 2234 1213 2228 1219 2224 1346 2224 1358 2228 1374 2236 1376 2236 1378 2236 1379 2236 1395 2228 1401 2226 1409 2228 1429 2236 1431 2236 1433 2236 1577 2230 1637 2228 1659 2230 1712 2238 1714 2238 1750 2230 1756 2230 1762 2230 1803 2242 1805 2242 1807 2242 1809 2242 1849 2232 1878 2242 1880 2242 1882 2242 2108 2232 2110 2214 2106 2145"/></Shape>
	    <String CONTENT="aĩsi qͥlz se hayẽt les ungz les autres: tellemẽt"
                    HPOS="740"
                    VPOS="2127"
                    WIDTH="1370"
                    HEIGHT="115"></String>
          </TextLine>
          <TextLine ID="eSc_line_21684cd5"
                    TAGREFS="LT8"
                    BASELINE="746 2278 2102 2298" 
                    HPOS="744"
                    VPOS="2214"
                    WIDTH="1358"
                    HEIGHT="113">
            <Shape><Polygon POINTS="746 2278 744 2294 776 2308 778 2308 780 2308 974 2300 993 2300 1015 2300 1148 2311 1150 2311 1241 2306 1284 2304 1292 2308 1304 2315 1306 2315 1308 2315 1310 2315 1356 2310 1378 2306 1395 2310 1423 2317 1425 2317 1427 2317 1429 2317 1431 2317 1439 2311 1445 2308 1550 2313 1696 2321 1698 2321 1738 2317 1799 2311 1819 2319 1829 2323 1831 2323 1833 2323 1867 2321 1946 2313 1962 2323 1964 2325 1966 2325 1968 2325 1970 2327 2100 2327 2102 2298 2100 2242 1966 2228 1964 2228 1772 2234 1700 2236 1692 2232 1678 2224 1676 2224 1675 2224 1673 2224 1522 2230 1429 2232 1419 2226 1411 2220 1409 2220 1407 2220 1405 2220 1350 2226 1306 2230 1251 2224 1203 2218 1201 2218 1128 2220 1017 2226 985 2218 970 2214 968 2214 966 2214 940 2218 888 2224 746 2214 746 2278"/></Shape>
	    <String CONTENT="que tu ne trouueras point la pure charite en"
                    HPOS="744"
                    VPOS="2214"
                    WIDTH="1358"
                    HEIGHT="113"
                    WC="0.9921324916861274"></String>
          </TextLine>
          <TextLine ID="eSc_line_eb54229f"
                    TAGREFS="LT8"
                    BASELINE="746 2359 2110 2381" 
                    HPOS="744"
                    VPOS="2294"
                    WIDTH="1366"
                    HEIGHT="116">
            <Shape><Polygon POINTS="746 2359 744 2375 793 2391 795 2391 797 2391 799 2391 845 2379 867 2393 869 2393 871 2393 873 2393 1073 2385 1116 2383 1122 2385 1144 2395 1146 2395 1148 2395 1150 2395 1168 2387 1172 2385 1178 2387 1199 2395 1201 2395 1203 2395 1298 2389 1362 2387 1411 2393 1490 2403 1492 2405 1591 2405 1591 2403 1593 2403 1595 2403 1603 2397 1613 2391 1651 2399 1680 2405 1682 2405 1684 2405 1700 2401 1724 2393 1787 2403 1819 2407 1821 2407 1823 2407 1825 2407 1829 2403 1845 2395 1977 2407 2021 2410 2023 2410 2037 2408 2084 2399 2102 2410 2110 2381 2108 2325 2043 2311 2041 2311 2039 2311 1997 2321 1989 2323 1981 2321 1944 2310 1942 2310 1940 2310 1793 2317 1742 2319 1732 2315 1710 2306 1708 2306 1706 2306 1647 2313 1617 2317 1524 2311 1368 2300 1366 2300 1364 2300 1350 2308 1338 2313 1275 2313 1235 2304 1197 2298 1195 2298 1144 2302 1086 2308 1073 2300 1063 2296 1061 2296 1059 2296 1057 2296 1041 2300 1015 2306 985 2298 966 2294 964 2294 962 2294 906 2296 795 2304 746 2294 746 2359"/></Shape>
	    <String CONTENT="deux seulemẽt/ ie ne diray point en plusieurs."
                    HPOS="744"
                    VPOS="2294"
                    WIDTH="1366"
                    HEIGHT="116"
                    WC="0.9875625333887466"></String>
          </TextLine>
          <TextLine ID="eSc_line_8444e9e2"
                    TAGREFS="LT8"
                    BASELINE="761 2449 2118 2462" 
                    HPOS="757"
                    VPOS="2369"
                    WIDTH="1358"
                    HEIGHT="116">
            <Shape><Polygon POINTS="760 2446 757 2482 2109 2485 2115 2461 2112 2396 760 2369 760 2446"/></Shape>
	    <String CONTENT="¶ Et plusieurs faulx prophetes se esleuerõt/"
                    HPOS="757"
                    VPOS="2369"
                    WIDTH="1358"
                    HEIGHT="116"
                    WC="0.9993517279624939"></String>
          </TextLine>
          <TextLine ID="eSc_line_38c22a39"
                    TAGREFS="LT8"
                    BASELINE="743 2529 2124 2547" 
                    HPOS="739"
                    VPOS="2464"
                    WIDTH="1382"
                    HEIGHT="104">
            <Shape><Polygon POINTS="742 2526 739 2556 2115 2568 2121 2544 2118 2467 2005 2479 1919 2464 1904 2464 742 2464 742 2526"/></Shape>
	    <String CONTENT="et en seduyrõt plusieurs. On appelle les pro¬"
                    HPOS="739"
                    VPOS="2464"
                    WIDTH="1382"
                    HEIGHT="104"
                    WC="0.9905714988708496"></String>
          </TextLine>
          <TextLine ID="eSc_line_f9e49c0e"
                    TAGREFS="LT8"
                    BASELINE="746 2614 2118 2628" 
                    HPOS="746"
                    VPOS="2547"
                    WIDTH="1372"
                    HEIGHT="113">
            <Shape><Polygon POINTS="746 2614 746 2644 942 2632 1021 2632 1035 2644 1035 2646 1037 2646 1039 2646 1041 2646 1079 2644 1213 2636 1231 2644 1245 2650 1247 2650 1249 2650 1320 2644 1350 2642 1364 2644 1405 2652 1407 2652 1471 2644 1514 2638 1552 2644 1603 2652 1605 2652 1667 2644 1671 2644 1675 2644 1827 2656 1829 2656 1831 2656 1878 2644 1884 2642 1888 2644 1920 2658 1922 2658 1924 2660 2063 2660 2063 2658 2065 2658 2116 2642 2118 2628 2116 2575 2001 2575 1997 2573 1983 2563 1981 2563 1979 2563 1977 2563 1975 2563 1973 2563 1962 2571 1958 2573 1730 2573 1726 2569 1712 2557 1710 2557 1708 2557 1706 2557 1704 2557 1684 2567 1678 2571 1589 2571 1583 2567 1566 2555 1564 2555 1562 2555 1560 2555 1453 2565 1415 2567 1401 2563 1364 2553 1362 2553 1360 2553 1358 2553 1356 2553 1344 2563 1338 2567 1322 2563 1286 2551 1284 2551 1282 2551 1116 2559 1106 2559 1104 2559 1079 2549 1077 2549 1075 2549 1073 2549 1041 2559 1025 2563 1007 2557 991 2553 989 2553 987 2553 985 2553 974 2557 966 2561 960 2557 946 2547 944 2547 942 2547 940 2547 746 2553 746 2614"/></Shape>
	    <String CONTENT="phetes non pas seulement ceulx qui ont an¬"
                    HPOS="746"
                    VPOS="2547"
                    WIDTH="1372"
                    HEIGHT="113"
                    WC="0.9991393798873538"></String>
          </TextLine>
          <TextLine ID="eSc_line_a86d615a"
                    TAGREFS="LT8"
                    BASELINE="740 2696 2112 2709" 
                    HPOS="740"
                    VPOS="2628"
                    WIDTH="1372"
                    HEIGHT="111">
            <Shape><Polygon POINTS="740 2696 740 2725 936 2715 1043 2715 1059 2727 1061 2729 1063 2729 1065 2729 1067 2729 1079 2727 1128 2717 1164 2727 1176 2731 1178 2731 1180 2731 1255 2729 1421 2721 1480 2729 1524 2735 1526 2735 1579 2729 1645 2723 1690 2731 1722 2735 1724 2735 1770 2731 1823 2725 1855 2731 1888 2737 1890 2737 1892 2737 1910 2731 1924 2727 1936 2731 1960 2739 1962 2739 1964 2739 2110 2731 2112 2709 2112 2650 2025 2642 2023 2642 1985 2648 1954 2654 1924 2648 1888 2640 1886 2640 1884 2640 1859 2648 1841 2654 1726 2654 1714 2646 1694 2638 1692 2638 1690 2638 1653 2646 1637 2650 1631 2646 1615 2636 1613 2636 1611 2636 1609 2636 1607 2636 1605 2636 1591 2646 1587 2648 1574 2646 1510 2634 1508 2634 1506 2634 1504 2634 1490 2646 1486 2650 1330 2650 1249 2648 1245 2644 1231 2632 1229 2632 1227 2632 1225 2632 1158 2644 1142 2646 1138 2644 1124 2632 1124 2630 1122 2630 1120 2630 962 2630 960 2630 958 2630 936 2640 912 2628 910 2628 908 2628 740 2640 740 2696"/></Shape>
	    <String CONTENT="nonce de Christ: mais aussi les docteurs sont"
                    HPOS="740"
                    VPOS="2628"
                    WIDTH="1372"
                    HEIGHT="111"
                    WC="0.9911198457082112"></String>
          </TextLine>
          <TextLine ID="eSc_line_cc26fa4f"
                    TAGREFS="LT8"
                    BASELINE="740 2779 2102 2796" 
                    HPOS="738"
                    VPOS="2715"
                    WIDTH="1364"
                    HEIGHT="113">
            <Shape><Polygon POINTS="740 2779 738 2796 788 2812 789 2812 791 2812 997 2802 1009 2802 1039 2816 1041 2816 1043 2816 1166 2804 1183 2804 1205 2806 1314 2818 1316 2818 1362 2810 1417 2820 1419 2820 1615 2814 1684 2812 1696 2816 1726 2824 1728 2824 1730 2824 1797 2818 1813 2816 1833 2818 1894 2826 1896 2826 1898 2826 1900 2826 1910 2820 1918 2814 1936 2820 1956 2826 1958 2826 1960 2826 1962 2826 1973 2820 1985 2816 2003 2822 2027 2828 2029 2828 2031 2828 2100 2822 2102 2796 2100 2735 2041 2729 2039 2729 2037 2729 2027 2733 2013 2741 1997 2733 1985 2729 1983 2729 1871 2727 1869 2727 1867 2727 1845 2733 1811 2741 1706 2741 1671 2731 1631 2723 1629 2723 1627 2723 1595 2731 1572 2737 1393 2737 1383 2729 1372 2721 1370 2721 1368 2721 1308 2719 1306 2719 1304 2719 1273 2729 1259 2733 1239 2729 1182 2717 1180 2717 1096 2729 1071 2731 991 2731 987 2727 956 2715 954 2715 952 2715 887 2727 883 2727 877 2727 776 2717 774 2717 772 2717 740 2725 740 2779"/></Shape>
	    <String CONTENT="appellez ꝓphetes. Parquoy il appelle faulx"
                    HPOS="738"
                    VPOS="2715"
                    WIDTH="1364"
                    HEIGHT="113"
                    WC="0.9826898234231132"></String>
          </TextLine>
          <TextLine ID="eSc_line_3eadeb7c"
                    TAGREFS="LT8"
                    BASELINE="740 2864 2104 2880" 
                    HPOS="738"
                    VPOS="2798"
                    WIDTH="1366"
                    HEIGHT="113">
            <Shape><Polygon POINTS="740 2864 738 2891 742 2895 744 2895 744 2897 746 2897 748 2897 750 2897 752 2897 784 2886 795 2897 797 2897 799 2897 801 2899 873 2899 873 2897 875 2897 877 2897 888 2888 906 2899 908 2899 910 2899 912 2899 914 2899 944 2889 970 2899 972 2899 974 2899 976 2899 1007 2888 1021 2888 1126 2888 1140 2901 1142 2901 1144 2901 1146 2901 1148 2901 1174 2891 1251 2903 1253 2903 1554 2893 1591 2907 1593 2907 1595 2907 1758 2895 1772 2905 1774 2905 1775 2905 1902 2909 1904 2909 1906 2909 1934 2897 1989 2911 1991 2911 1993 2911 2102 2897 2104 2880 2104 2826 1932 2808 1930 2808 1821 2822 1813 2822 1809 2822 1758 2806 1756 2806 1754 2806 1752 2806 1720 2820 1712 2820 1504 2808 1502 2808 1459 2818 1455 2818 1451 2818 1415 2802 1413 2802 1411 2802 1334 2814 1286 2802 1284 2802 1282 2802 1281 2802 1255 2816 1253 2816 1225 2800 1223 2800 1168 2800 1166 2800 1164 2800 1140 2814 1138 2814 1136 2814 1083 2798 1081 2798 1079 2798 1077 2798 1021 2812 991 2800 989 2800 987 2800 985 2800 958 2812 942 2798 940 2798 938 2798 936 2798 740 2808 740 2864"/></Shape>
	    <String CONTENT="prophetes les faulx docteurs de diuerses he¬"
                    HPOS="738"
                    VPOS="2798"
                    WIDTH="1366"
                    HEIGHT="113"
                    WC="0.996534136208621"></String>
          </TextLine>
          <TextLine ID="eSc_line_70fcafd3"
                    TAGREFS="LT8"
                    BASELINE="734 2949 2100 2963" 
                    HPOS="732"
                    VPOS="2886"
                    WIDTH="1368"
                    HEIGHT="120">
            <Shape><Polygon POINTS="734 2929 734 2949 732 2975 817 2996 819 2996 821 2996 823 2996 855 2979 940 2979 962 2998 964 2998 966 2998 968 2998 970 2998 1029 2981 1031 2981 1071 2994 1073 2994 1075 2994 1122 2986 1154 3000 1156 3000 1158 3000 1251 2998 1253 2998 1255 2998 1271 2985 1273 2983 1277 2985 1318 3000 1320 3000 1322 3000 1381 2990 1514 3004 1516 3004 1566 2996 1710 3006 1712 3006 1714 3006 1742 2992 1748 2988 1762 2992 1787 2998 1789 2998 1791 2998 1839 2992 1882 2988 1898 2994 1926 3004 1928 3004 1930 3004 1983 2996 2013 2990 2031 2996 2047 3002 2049 3002 2051 3002 2098 2996 2100 2963 2096 2903 1993 2909 1920 2901 1855 2895 1853 2895 1851 2895 1849 2895 1843 2901 1835 2909 1714 2909 1704 2901 1694 2893 1692 2893 1690 2893 1688 2893 1556 2901 1500 2903 1488 2901 1455 2891 1453 2891 1451 2891 1449 2891 1447 2891 1433 2901 1425 2905 1322 2905 1304 2899 1259 2889 1257 2889 1255 2889 1217 2899 1215 2899 1213 2899 1152 2889 1150 2889 1148 2889 1146 2889 1136 2899 1132 2901 991 2901 989 2899 978 2888 976 2888 974 2888 972 2888 970 2888 932 2899 928 2899 926 2899 877 2886 875 2886 873 2886 744 2897 734 2929"/></Shape>
	    <String CONTENT="resies: ou ceulx que maintenãt nous uoyons"
                    HPOS="732"
                    VPOS="2886"
                    WIDTH="1368"
                    HEIGHT="120"
                    WC="0.9961006294849307"></String>
          </TextLine>
        </TextBlock>
        <TextBlock HPOS="454"
                   VPOS="1201"
                   WIDTH="312"
                   HEIGHT="694"
                   ID="eSc_textblock_c8642d04"
                   TAGREFS="BT13">
          <Shape><Polygon POINTS="454 1201 464 1895 713 1893 766 1790 763 1735 758 1723 763 1626 757 1429 746 1412 728 1383 735 1301 746 1219"/></Shape>
          <TextLine ID="eSc_line_d1c576bd"
                    TAGREFS="LT8"
                    BASELINE="479 1276 726 1280" 
                    HPOS="475"
                    VPOS="1190"
                    WIDTH="249"
                    HEIGHT="113">
            <Shape><Polygon POINTS="478 1273 475 1297 719 1303 724 1279 724 1199 478 1190 478 1273"/></Shape>
	    <String CONTENT="Le uĩgt"
                    HPOS="475"
                    VPOS="1190"
                    WIDTH="249"
                    HEIGHT="113"></String>
          </TextLine>
          <TextLine ID="eSc_line_89eb6d6b"
                    TAGREFS="LT8"
                    BASELINE="469 1355 719 1361" 
                    HPOS="463"
                    VPOS="1285"
                    WIDTH="253"
                    HEIGHT="110">
            <Shape><Polygon POINTS="466 1353 463 1377 710 1395 716 1359 716 1288 466 1285 466 1353"/></Shape>
	    <String CONTENT="quatries"
                    HPOS="463"
                    VPOS="1285"
                    WIDTH="253"
                    HEIGHT="110"
                    WC="0.9999941140413284"></String>
          </TextLine>
          <TextLine ID="eSc_line_cf7f007b"
                    TAGREFS="LT8"
                    BASELINE="469 1441 745 1445" 
                    HPOS="463"
                    VPOS="1359"
                    WIDTH="279"
                    HEIGHT="107">
            <Shape><Polygon POINTS="463 1466 739 1463 742 1443 739 1380 612 1362 609 1362 570 1368 499 1377 472 1359 466 1440 463 1466"/></Shape>
	    <String CONTENT="me chap̃."
                    HPOS="463"
                    VPOS="1359"
                    WIDTH="279"
                    HEIGHT="107"></String>
          </TextLine>
          <TextLine ID="eSc_line_dd6955c2"
                    TAGREFS="LT8"
                    BASELINE="481 1520 747 1526" 
                    HPOS="475"
                    VPOS="1443"
                    WIDTH="270"
                    HEIGHT="103">
            <Shape><Polygon POINTS="597 1443 567 1443 537 1443 508 1443 478 1443 478 1517 475 1538 739 1546 745 1523 745 1445 612 1443 597 1443"/></Shape>
	    <String CONTENT="ð Saĩct"
                    HPOS="475"
                    VPOS="1443"
                    WIDTH="270"
                    HEIGHT="103"></String>
          </TextLine>
          <TextLine ID="eSc_line_5ddcbb7c"
                    TAGREFS="LT8"
                    BASELINE="479 1603 753 1608" 
                    HPOS="475"
                    VPOS="1526"
                    WIDTH="276"
                    HEIGHT="101">
            <Shape><Polygon POINTS="478 1600 475 1621 745 1627 751 1606 751 1540 478 1526 478 1600"/></Shape>
	    <String CONTENT="Matth."
                    HPOS="475"
                    VPOS="1526"
                    WIDTH="276"
                    HEIGHT="101"
                    WC="0.9821939766407013"></String>
          </TextLine>
          <TextLine ID="eSc_line_7d6e38f1"
                    TAGREFS="LT8"
                    BASELINE="477 1686 752 1692" 
                    HPOS="472"
                    VPOS="1624"
                    WIDTH="279"
                    HEIGHT="95">
            <Shape><Polygon POINTS="475 1683 472 1719 748 1713 751 1689 748 1624 475 1624 475 1683"/></Shape>
	    <String CONTENT="est escrit"
                    HPOS="472"
                    VPOS="1624"
                    WIDTH="279"
                    HEIGHT="95"
                    WC="0.950321090221405"></String>
          </TextLine>
          <TextLine ID="eSc_line_1a0463ac"
                    TAGREFS="LT8"
                    BASELINE="477 1769 758 1775" 
                    HPOS="472"
                    VPOS="1710"
                    WIDTH="285"
                    HEIGHT="92">
            <Shape><Polygon POINTS="475 1766 472 1802 754 1802 757 1772 754 1716 475 1710 475 1766"/></Shape>
	    <String CONTENT="pour nr̃e"
                    HPOS="472"
                    VPOS="1710"
                    WIDTH="285"
                    HEIGHT="92"
                    WC="0.9966297811932034"></String>
          </TextLine>
          <TextLine ID="eSc_line_e9951976"
                    TAGREFS="LT8"
                    BASELINE="477 1850 708 1854" 
                    HPOS="472"
                    VPOS="1787"
                    WIDTH="235"
                    HEIGHT="119">
            <Shape><Polygon POINTS="475 1849 472 1876 540 1882 564 1903 564 1906 567 1906 570 1906 573 1906 704 1882 707 1852 704 1793 475 1787 475 1849"/></Shape>
	    <String CONTENT="temps."
                    HPOS="472"
                    VPOS="1787"
                    WIDTH="235"
                    HEIGHT="119"
                    WC="0.9999980330467224"></String>
          </TextLine>
        </TextBlock>
        <TextBlock HPOS="455"
                   VPOS="2376"
                   WIDTH="294"
                   HEIGHT="184"
                   ID="eSc_textblock_83a2d7ce"
                   TAGREFS="BT13">
          <Shape><Polygon POINTS="455 2376 455 2558 624 2560 744 2478 749 2405 710 2380"/></Shape>
          <TextLine ID="eSc_line_e1a9708e"
                    TAGREFS="LT8"
                    BASELINE="471 2446 739 2449" 
                    HPOS="466"
                    VPOS="2363"
                    WIDTH="270"
                    HEIGHT="122">
            <Shape><Polygon POINTS="469 2443 466 2485 733 2476 736 2446 733 2372 469 2363 469 2443"/></Shape>
	    <String CONTENT="Matth."
                    HPOS="466"
                    VPOS="2363"
                    WIDTH="270"
                    HEIGHT="122"
                    WC="0.99962184826533"></String>
          </TextLine>
          <TextLine ID="eSc_line_8514fa2b"
                    TAGREFS="LT8"
                    BASELINE="471 2527 623 2530" 
                    HPOS="466"
                    VPOS="2470"
                    WIDTH="154"
                    HEIGHT="95">
            <Shape><Polygon POINTS="469 2526 466 2547 522 2565 525 2565 528 2565 618 2553 620 2529 615 2470 469 2470 469 2526"/></Shape>
	    <String CONTENT="24.a"
                    HPOS="466"
                    VPOS="2470"
                    WIDTH="154"
                    HEIGHT="95"
                    WC="0.9999658167362213"></String>
          </TextLine>
        </TextBlock>
        <TextBlock HPOS="1777"
                   VPOS="2989"
                   WIDTH="345"
                   HEIGHT="103"
                   ID="eSc_textblock_bd8932cb"
                   TAGREFS="BT17">
          <Shape><Polygon POINTS="1777 2989 1777 3092 2119 3092 2122 2998"/></Shape>
          <TextLine ID="eSc_line_d1f89c38"
                    TAGREFS="LT8"
                    BASELINE="1791 3054 2108 3054" 
                    HPOS="1791"
                    VPOS="2983"
                    WIDTH="317"
                    HEIGHT="124">
            <Shape><Polygon POINTS="1791 3050 1791 3054 1791 3107 1835 3107 1835 3105 1837 3105 1839 3105 1843 3101 1872 3081 1894 3097 1904 3105 1906 3105 1908 3105 1910 3105 1960 3099 1962 3099 1964 3099 1964 3097 1971 3091 1981 3081 2015 3081 2021 3087 2029 3093 2029 3095 2031 3095 2033 3095 2035 3097 2035 3095 2037 3095 2039 3095 2039 3093 2049 3085 2053 3081 2108 3081 2108 3054 2104 2983 2069 3000 2045 2986 2041 2983 2039 2983 2037 2983 2035 2983 1973 2990 1954 2992 1950 2992 1920 2983 1918 2983 1916 2983 1914 2983 1886 2996 1880 3000 1801 3000 1791 3050"/></Shape>
	    <String CONTENT="pretendre"
                    HPOS="1791"
                    VPOS="2983"
                    WIDTH="317"
                    HEIGHT="124"
                    WC="0.9988877839512296"></String>
          </TextLine>
        </TextBlock>
        <TextBlock HPOS="538"
                   VPOS="298"
                   WIDTH="198"
                   HEIGHT="127"
                   ID="eSc_textblock_714c7281"
                   TAGREFS="BT11">
          <Shape><Polygon POINTS="538 298 538 425 736 425 736 298"/></Shape>
        </TextBlock>
      </PrintSpace>
    </Page>
  </Layout>
</alto>
