2267 3563
176 290 1384 131 pretẽdre areligion par diuers moyens ⁊ argu¬

175 365 1358 142 mẽtz.CCar les ungz dient qͥlz ne boiuẽt ne mẽ

178 451 1352 130 gentet ne dorment point et nont ne chault ne

172 525 1367 131 froid/ mais sont tousiours pendãt en lair. Et

160 617 1379 128 les autres uestus de haires/ et ceintz de chai¬

160 697 1367 131 nes en esmouuãt les diables pour estre leurs

172 795 1361 122 compaignons/ ⁊ pour ce qͥlz nont pas la grace

174 870 1356 121 de dieu/ ilz uiẽnent a recõmander et louer les

168 954 1370 124 aydes des di ables. Mais aussi en y a il encore

164 1041 1380 120 de telz: lesq̃lz cõbiẽ qͥlz deceoiuẽt les ĩsẽsez tou

166 1120 1376 129 tesfoys les saiges nen sont pas deceuz, Mais

168 1201 1380 127 il en ya des autres lesquelz grandement sedui

170 1292 1382 119 sent: car combien que ce soit mẽsongieremẽt et

170 1367 1376 133 par bourdes/ toutesfoys ilz p̃schent Christ/ ilz

168 1450 1370 129 annoncẽt la foyͬ car ilz ont ainsi des eglises/

174 1536 1364 120 ainsi des ordres de clers/ cõme les fideles: ilz

172 1621 1386 118 lifent ainsi les lectures diuines/ il semdle qͥdz

172 1701 1414 125 donnent le mesme uopte(me/ ⁊ le mesme sacre

182 1777 1390 125 ment du corps ⁊ du sang de Christ. Sembla¬

172 1858 1402 125 blemem◊/H honnorent les apostres et les ma/

176 1949 1370 135 tyrs. Et par ces choses font grandement erme

176 2040 1374 115 les pensees des hõmes: nion pas seulemẽt des

178 2116 1368 126 hõmes moyẽs/ mais aussi des prudẽs.? Qui

182 2203 1376 126 sera celuy lequel en partie Lantechrist ne es¬

184 2280 1375 119 mouuera/ en faisant les oeuures de Christ/e/

188 2365 1372 127 acõplissant toutes les offices des chrestiẽs de¬

182 2448 1395 127 uant les chrestiens si ce nest par auenture ce¬

190 2538 1399 122 luy qui considere ce que lapostre a dit.? Cõme

194 2616 1389 129 il soit urayemẽt q̃ mesme Satan se trãsfigu¬

181 2690 1414 133 re en ange de lumiere: q̃lle grande chose est ce

186 2781 1391 132 quãt aussi ses ministres se transfigurẽt en m¬

186 2870 1388 138 nistres de iust:ice: desq̃lz la fin sera selon leues

344 124 1239 181 De Antechrist. Cha.xxiiii.

1553 371 271 98 Contre

1545 451 309 101 les moi¬

1556 528 274 104 nes ⁊ toꝰ

1556 605 277 131 supersti¬

1553 709 191 101 cieux.

1622 121 172 155 342

1558 1417 289 105 Par les

1568 1502 279 111 diuerses

1585 1591 262 89 obserua

1598 1671 250 104 tiõs des

1597 1761 240 83 cerimo¬

1583 1831 253 110 nies sõt

1572 1924 233 93 deceutz

1564 2005 281 99 nõ seule

1566 2096 285 85 ment les

1568 2167 269 111 simples

1577 2265 279 89 mais au

1580 2336 279 116 si les sa¬

1604 2419 169 107 ges.

1610 2503 241 106 Les oeu

1605 2595 218 85 ures et

1604 2681 238 86 les mira

1591 2765 256 91 cles d an

1586 2847 238 101 techrist.

1586 2924 262 122 1.cor.11.c

1298 2957 270 127 oetures.
