2267 3563
439 550 259 111 Esai.53.

439 643 141 103 a.b.

706 310 1388 107 oeuures: ⁊ non pas selon les fictions ⁊ formes

712 393 584 95 de leur chrestiente.

718 475 1376 130 Danie.9. G. ¶ Et apres soixan

706 595 1378 141 tedeux sepmaines/ Christ sera oc¬

683 712 1401 127 cis: ⁊ le peuple qui le doibt desnier ne

685 821 1413 133 sera plus. Et le peuple quec le duc a

698 940 1400 132 uenir dissipera la cite ⁊ le sainctuzai¬

710 1053 1372 126 re: ⁊ la fin diceluy sera destruction: et

700 1169 1374 127 apres la fin de la bataille sera la de¬

698 1292 1378 123 solation ordonnee. Mais il confer¬

710 1399 1368 123 meraloliance g plusieurs par une

722 1508 1358 130 sepmaine ⁊ au milieu de la sepmai¬

718 1625 1364 126 ne lhostie deffauldra ⁊ le sacrifice: et

718 1739 1374 127 abomination de desolation sera au

722 1856 1384 133 temple: et la desolation perseuerera

712 1971 1327 129 eu/ques a la cõsu matton ⁊ la fin

780 2100 1249 111 ¶ Chrysostome sur sainct Matthieu/ en

793 2187 1240 107 la.xuix. homelie du xoiiit. Chapitre B.

734 2290 1360 99 ¶ Quãt dõc uous uerrez labomination de la

724 2375 1380 109 desolation estant/ ⁊c. Cestadire/ quãt uoꝰ uer¬

726 2462 1380 105 rez les batailles desia presentes au pres de Hie

726 2545 1382 109 rusalem/ q̃ par auãt uous oyez dire. Sembla

730 2626 1366 107 blemẽt aussi en la fin du mõde: ⁊ fault enten¬

730 2711 1362 105 dre spirituellement de Lantechrist: quãt les he

726 2802 1362 95 resies/ ⁊ les famines/ ⁊ les pestilẽces/ ⁊ toutes

728 2880 1358 124 ces choses icy ont precede par auant: ais der

1059 174 647 132 De Antechrist.

1744 2975 346 103 nierement
