2267 3563
291 152 1249 135 De Antechrist. Cha.xxtiii.

170 296 1378 109 nierement labomination de la desolation sest

174 385 1356 101 arrestee au lieu saĩct/ cest adire larmee ⁊ lexer

166 460 1367 113 cite de Lantechrist. L Et lexercite de Lãtechrist

163 543 1370 113 sont toutes les heresies: principalemẽt celle qͥ

151 638 1382 92 a obtenu le lieu de leglise/ ⁊ sest tenue au lieu

154 706 1370 122 sainct: tellemẽt quil semble quelle y soit tenue

160 795 1364 107 cõme la parolle de uerite: la ou nest pas la pa

160 882 1370 97 rolle de uerite/ mais est labominatiõ de la de¬

160 963 1372 105 solation/ cestadire de lexercite de Lantechrist:

152 1060 1382 90 lequel a rendu les ames de plusieurs hõmes

152 1128 1382 107 desolez de dieu. Et ce est par aduẽture q̃ lapo¬

151 1202 1376 110 stre dit.? Lequel est aduersaire/ ⁊ se eslieue par

151 1288 1391 107 dessus tout ce qͥ est dit ou adore dieu/ tellement

160 1379 1376 107 quil soit assis au tẽple de dieu/ cõme se dieu y

152 1462 1384 105 estoit assis/ ⁊ se monstrãt cõme sil estoit dieu.

158 1551 1384 101 Et ainsi tous ces maulx de diuerses heresies/

150 1633 1418 100 lesq̃lz par auãt estoient seulemẽt ouys: apres

162 1716 1410 103 se sont tenus au laicct ueu/ en desolãt leglise

162 1797 1417 103 de Christ. Dequoy apres que la licence luy a

158 1880 1402 103 este dõnee.: ilz ont cõmence tous pubhicquemẽt

160 1961 1382 101 auoir des eglises. Aussi urayemẽt auõs nous

152 2044 1392 107 expose icy les auditiõs des batailles/ ⁊ les fa¬

154 2133 1398 101 mines/ ⁊ les mouuemẽs de terre/ ⁊ les pestilen

156 2218 1396 97 ces/ estre les auditiõs des heresies/ ⁊ la disette

158 2304 1384 89 de la parolle ⁊ les uexatiõs des Chrestiens ⁊

168 2381 1380 101 les corruptiõs des meurs: lesq̃lles par auant

158 2466 1392 101 ont precede/ depuis le tẽps de Cõstantin iusq̃s

164 2545 1413 105 au tẽps de Theodose. Mais nous auons dit

168 2630 1409 103 labommation de la desolation estre ceste mes-

158 2711 1412 103 me heresie/ qui a occupe les lieux de la saincte

158 2792 1398 105 eglise ⁊ en a desole plusieͬs de la foy: ⁊ aussi le

164 2876 1382 118 xercite de Lantechrist/ ⁊ toutes les autres he¬

1547 436 289 128 Les here

1550 552 280 104 sies sont

1547 632 271 113 lexercite

1539 718 267 98 de Lãte¬

1542 795 187 113 christ.

1634 172 163 148 343

1553 1181 253 158 2.Thes.

1556 1306 110 95 2.a.

1249 2971 297 114 resies qui
