2267 3563
726 288 1384 139 resies qui ont cõmence auoir des esglises pu¬

726 376 1384 140 bliq̃s obtenant le sainct lieu de leglise. Mais

732 463 1378 132 si aucun aussi entẽd les auditions des batail-

730 552 1372 128 les/ les famines ⁊ tumultes/ ⁊ les pestilences/

714 631 1388 125 estre tous les maulx spirituelz qͥ ont este faitz

706 712 1392 139 du tẽps de Cõstãtin et aussi de Theodose ius¬

707 801 1402 134 ques a maintenãt? ⁊ qͥl entẽde ꝑ labominatiõ

710 869 1405 146 de la desolatiõ estre le mesme Antechrist/ leq̃l

727 959 1382 130 ex apres on espere a uenir/ et obtenir les sarĩctz

733 1039 1361 130 lieux de leglise soubz lespece de Christ/ ⁊ deso

733 1134 1361 121 le/ plusieurs fdeles: cestuy ne ꝑle point irrai¬

714 1213 1388 136 sonnablemẽt. Car soit ceste heresie laq̃lle ues¬

716 1298 1386 135 ia sest tenue/ soit le peuple qui doibt uenir cy

738 1387 1364 121 apres auec uantechust: ce est droictemẽt enten

736 1464 1362 125 du lexercite de Lãtechust. Et ainsi les parol¬

736 1545 1362 127 les du ꝓphete signifient plus de la cõsomma¬

736 1631 1362 124 tion du mõde: mais la ꝓphetie (cõme enseigne

738 1708 1366 132 Christ) est dicte poͬlung ⁊ pour lautre. Mais

751 1796 1370 128 les parolles sont telles.  Au milieu de la sep¬

738 1874 1386 137 tiefme annee le cõtinuel sacrifice sera oste: ⁊ la

726 1963 1396 119 bomimnafion de la desolatton se tiẽdra au lieu

730 2042 1380 133 sainct/ iusq̃s a la cõsommatiõ du tẽps ⁊ la cõ¬

742 2123 1360 137 sõmatiõ sera dõnee fur la solitude. Icy est lar¬

736 2209 1372 130 mee des Romains appellee labominatiõ de la

740 2292 1368 130 desolatiõ: pourtant q̃lle debuoit reduyre a de¬

746 2375 1368 132 solation la ueneratiõ Iudaicque: mais main¬

740 2464 1378 123 tenãt Lantechrist est appelle labominatiõ de

736 2541 1374 121 la desolatiõ? poͬce que il doibt faire maintes

744 2628 1374 127 ames estre desolees de Dieu. Car auant q̃ les

751 2713 1379 134 romains prinssẽt Hierusalem au milieu de la

748 2785 1373 142 sepmaine Christ ꝑ sa doctrine osta hors le con

745 2865 1358 160 tinuel sacrifice des Iuifz. Car il est dit qͥl en¬

448 798 247 125 Quel se

436 911 253 101 ra le roy

433 994 271 92 aume de

436 1080 211 95 Ante¬

439 1155 208 148 christ.

1098 158 628 148 De Antechrist.

457 1760 276 184 dani.9.a

481 2569 243 99 poͬquoy

457 2648 216 93 Ante¬

457 2716 270 107 christ est

457 2824 253 73 appelle

459 2895 261 101 abomi¬

1886 2959 212 119 seigna
