2267 3563
156 283 1386 128 a dormir comme par ung doulx ⁊ pernicieux

154 362 1382 133 chant de Seraine/ et dit.? Lieue toy qui dors/

169 445 1358 128 ⁊ te esheue ⁊ Christ te enluminera.? A la ue¬

166 531 1370 128 nue donc de Christ ⁊ de la parolle de dieu/ ⁊ de

172 611 1378 122 la doctrine de leglise/ ⁊ en la uenue de la con¬

166 685 1384 143 sommation de Niniue iadis belle paillarde/ le

160 771 1387 137 peuple sesleuera ⁊ cheminera/ leq̃l par auant

169 855 1378 127 auoit este endormy soubz les maistres et sen

181 953 1372 124 yra aux montaignes des escriptures: et illec

172 1033 1374 119 trouuera il les mõtaignes/ ascauoir Moyse

166 1112 1392 129 et Iosue filz de Naue/ les montaignes qͥ sont

168 1203 1388 121 les prophetes/ les montaignes du nouueau

168 1280 1384 127 testament ascauoir les apostres ⁊ les euange¬

170 1361 1374 131 listes. Et quãt il sera fuy a telles mõtaignes/

174 1448 1386 125 ⁊ quil aura conuerse en la lecture de telle ma¬

170 1530 1407 122 niere de mõtaignes: sil ne treuue pas qui en¬

184 1600 1417 136 seigne (car la moi (son uroement est grande/

193 1686 1408 137 ⁊ les ouuriers sont en petit nõbre) adonc aussi

193 1766 1387 140 sera louee son estude/ de ce quil sera fry arx

186 1860 1376 129 montaignes: et la deffaule et ignorance des

182 1961 742 109 maistres sera redarguee.

334 2024 1083 125 ¶ Hierosme au sixiesme Tome sur

520 2118 707 108 Hieremie au neufiesme

673 2201 390 103 chapitre. E.

210 2259 1361 131 ¶ Et sen sont allez (dit il) apres Baalim: les¬

207 2363 1388 116 quelz ilz ont apus de leurs peres. Baal est ly

193 2437 1408 116 dole des Sidoniens/ ⁊ est de nombre singulier

190 2520 1417 128 ⁊ le nom dũg seul. Mais Baalim est le nom

193 2592 1417 133 de plusieurs.? Il ne fault pas dõc suyuir ler¬

193 2678 1405 133 reur des peres ne des plus grãdz/ mais fault

193 2761 1393 130 ensuyure lauctorite des escriptures ⁊ le cõmã

197 2866 905 119 dement de dieu qui enseigne.

459 150 913 142 de dieu. Chap̃.xt.

1577 158 195 107 LL

1559 320 318 143 Eph.5.c

1553 436 321 110 En la fi

1553 531 309 86 du mon-

1577 605 279 104 de le pere

1571 691 268 101 ple lira

1571 771 229 104 a ꝑ soy

1571 858 265 98 les escri¬

1568 944 232 104 ptures.

1628 1552 249 140 mat.9.d

1622 1680 255 95 Luc.10.a

1604 1751 264 134 mat.24a

1595 2232 279 137 Il ne fa¬

1616 2336 261 101 ult pas

1625 2419 202 110 garder

1634 2500 228 106 lauctori

1628 2598 237 92 te des pe

1616 2669 246 104 res mais

1601 2746 264 122 des escri

1583 2850 248 111 ptures.

1259 2937 328 127 Esa.55.A.
