2267 3563
243 127 1203 178 De Amiechrist. Cha.xxtit.

139 285 1355 121 seigna troys ans et six moys (lequel nombre

139 383 1355 109 faict la moitie de sept ans) affin q̃ le sacrifice

145 472 1349 104 qui auoit este cõtinuellemẽt en usaige fut oste

138 552 1366 107 hors/ ⁊ quõ offrist sacrifice de louẽge en uoix/

130 639 1368 97 ⁊ sacrifice de iustice par oeuure/ ⁊ le sacrifice de

124 720 1368 95 paix par le sacrement appelle Eucharistie: et

126 801 1368 105 iusques en la fin du siecle ya tumulte/ pour ce

138 884 1354 109 que la coustume Iudaicque doffrir les sacrifi¬

130 967 1081 95 ces iamais ne doibt estre reporee/ ⁊c.

130 1057 1355 103 ¶ En ce tẽps la/ ceulx qui sont en Iudee sen

124 1128 1361 113 fuyent aux mõtaignes: cest adire ceulx qͥ sont

121 1214 1367 113 en la chrestiente/ qͥlz conferẽt aux escriptures.

124 1303 1376 98 Car comme le uray Iuif est Chrestien par le

127 1380 1376 110 dict de lapostre? celuy nest pas Iuif qui le est

126 1466 1374 107 manifestement/ mais qui le est en secret: ainsi

128 1549 1376 105 la uraye Iudee est la Chrestiẽte: de laquelle le

126 1637 1398 106 nom est entendu/ confession. Mais les mon¬

128 1720 1406 105 taignes sont les escerotures des apostres ⁊ ꝓ¬

139 1793 1394 113 phetes/ desquelles est dit.◊. Tu enlumine mer

132 1880 1386 99 ueilleusemẽt des mõtaignes eternelles Et de¬

124 1968 1373 110 rechief dit de leglise. TSes sondemes sont es

134 2050 1376 109 sainctes mõtaignes. Et pourquoy cõmande il

128 2133 1388 109 en ce tẽps la que tous les Chrestiẽs se conferẽt

124 2217 1385 101 aux escriptures?? Pour ce que depuis le tẽps

133 2307 1376 95 que lheresie a obtenu ces esglises/ nulle proba

139 2390 1364 104 tion ne peult estre de uraye Chrestiẽte/ et aussi

130 2455 1382 119 riens autre chose ne peult estre le refuge des

139 2541 1394 110 Chrestiens uueillans congnoistre la uerite de

142 2639 1391 104 foy/ que les escriptures diuines. Car par cy

136 2716 1397 104 deuant on mongroit par beaucoup de manie¬

138 2794 1402 107 res q̃lle estoit leglise de Christ/ et q̃lle estoit la

140 2888 1378 120 payẽnerie? mais maintenãt nest nullemẽteon

1518 139 208 163 344

1509 320 294 95 natiõ de

1509 391 273 104 desola¬

1506 478 142 136 tion.

1509 1042 264 124 Quecest

1509 1143 258 107 fuir aux

1518 1226 249 89 montai¬

1527 1312 157 104 gnes.

1521 1392 240 101 rom̃.2.d

1550 1799 238 125 Ps̈.75.a

1524 1959 252 125 Ps̈.86.a

1533 2209 255 118 Lesglise

1530 2292 270 121 de christ

1524 2396 279 98 nest con

1533 2464 273 110 gneue si

1553 2553 244 104 non ꝑ la

1559 2633 232 104 parolled

1559 2707 170 119 Dieu.

1267 2985 253 116 gneue de
