2267 3563
1114 174 636 138 De Antechrist.

744 298 1390 131 gneue de ceulx qui ueullent cõgnoistre q̃lle est

736 391 1394 117 la uraye eglise de Christ/ sinon seullemẽt par

742 471 1390 126 les escriptures. Pourquoy? Pource q̃ toutes

740 552 1390 122 les choses q̃ ꝓprement appartiẽnent a Christ

728 637 1396 131 en uerite: ces heresies icy les ont aussi en simu

718 718 1402 131 lation ⁊ diuision/ ilz ont sẽblablemẽt des egli

722 809 1402 125 ses/ semblablemẽt aussi les escriptures diui¬

724 886 1408 121 nes/ semblablement des euesques ⁊ toutes les

740 969 1400 123 autres ordres de clercz/ sẽblablemẽt le baptes¬

746 1060 1388 115 me: autrement leucharistie: et toutes autres

740 1138 1376 116 choses finablemẽt aussi mesme Christ. Celuy

730 1223 1396 121 donc qui ueult cõgnoistre q̃lle est la uraye egli

742 1308 1376 113 se de Christ: donc la congnoistra il en si gran¬

752 1391 1370 115 de cõfusion de telle similitude/ sinon seulemẽt

769 1472 1346 122 par les escriptures? * Pareillemẽt aussi par cy

769 1558 1352 110 deuant on entendoit leglise de Christ/ mesme

769 1644 1355 119 par les meurs: quant la conuersatiõ des chre¬

769 1728 1358 118 stiens/ ou de tous/ ou de plusieurs estoit sain¬

769 1805 1370 119 cte: laquelle nestoit point auec les infideles.

784 1891 1358 119 Mais maintenãt les chrestiẽs sont deuenus

757 1971 1382 128 telz ou pires q̃ les hereticq̃s ou payens. Mes¬

754 2045 1379 131 me encore est trouuee enuers eulx plus grãde

758 2139 1376 115 cõtinẽce (cõbien qͥlz soyẽt en diuisiõ) q̃ enuers

760 2220 1380 117 les Chrestiẽs. Celuy donc qͥ ueult congnoistre

769 2298 1370 127 quelle est leglise du uray Christ/ dont la con¬

778 2390 1358 121 gnoistra il/ sinõ seulemẽt par les escriptures?

784 2470 1361 125 Le seigneur donc cõgnoissant si grande con¬

781 2547 1361 131 fusion estre a aduenir es choses aux derniers

781 2633 1358 122 iours: pourtãt mande il/ que les chrestiẽs qui

781 2716 1352 128 sont en la chrestiente/ uueillans prendre la fer

778 2799 1355 134 mete de uraye foy: quilz ne ayẽt refuge a nul¬

775 2877 1352 151 le chose/ sinon aux escriptures. Autremẽt silz

478 1484 276 119 En legli

481 1576 273 110 se primi

475 1665 264 92 tiue les

475 1736 276 101 chrestiẽs

475 1823 252 103 estoient

469 1915 282 104 cõgneuz

469 1989 252 113 par les

469 2090 238 89 meurs.

487 2310 267 127 Le seul

481 2405 276 109 ꝯseil du

496 2497 270 106 seigͬ poͬ

481 2577 282 101 les derni

481 2666 282 101 ers tẽps

478 2752 285 86 ẽ dauoir

475 2826 226 113 refuge

475 2906 285 101 aux escri

483 3012 235 93 ptures.

1787 2971 331 120 regardent
