2267 3563
237 134 1257 160 De Antechrist. Cha.xxiiii.

102 273 1390 138 regardent aux autres choses: ilz seront scan¬

110 366 1384 130 dalisez ⁊ periront non entendant quelle est la

126 451 1374 128 urayeeglise. Et par ce tresbucheront en labo¬

118 532 1378 133 mination de la desolation/ laq̃lle se tient aux

116 629 810 123 sainctz lieux de leglise/ ⁊c.

380 704 774 121 ¶ En la mesme Homelie.

112 771 1376 131 ¶ Si quelcun uous dit/ uoicy il est au desert

115 861 1382 136 ne uueillez sortir hors: car ilz uous ueullẽt se¬

116 958 1388 118 duyre. Mais aucun dira. Que sera ce dõc? Si

112 1031 1394 124 adõc les fideles ne sortẽt point hors au desert/

108 1114 1404 127 ou quilz ne entrent pas dedens les maisons:

110 1193 1394 135 par ce mesme pourrõt ilz euiter le dãgier/ prin

108 1276 1408 135 cipalement cõme il soit que adonc Lãtechrist

112 1363 1396 123 contiendra toutes choses/ ⁊ dedens/ ⁊ dehors/

121 1437 1391 139 ⁊ en la cite ⁊ au desert?? Mais regarde que en

118 1523 1388 142 disant ces choses il demonstre: que alors les

118 1606 1400 142 fideles se muceront es lieux les plus secretz:

121 1686 1424 137 par ce q̃ dieu les mucera/ ꝯdus que le lieu: com

127 1772 1420 146 me il est escript.TTu les muceras au secret de

124 1849 1406 143 ton uisage/ pou la comtrbation des hõmes

127 1932 1382 143 Tu les couuriras en ton tabernacle: pour la

128 2044 863 111 contradiction des langues.

133 2099 1394 154 ¶ Si quelcũ uous dit/ uoicy il est es maisons

127 2194 1400 124 ne le croyez point. Car uous faictes imure q

132 2282 1396 123 la diuinite/ si uoꝰ la cherchez es maisons celle

142 2359 1382 129 qui emplist le ciel ⁊ la terre: ou si uous cuydez

136 2444 1386 139 que celuy qͥ est uenu poͬ resister aux orgueil¬

142 2523 1397 134 leux/ ⁊ pour exalter les humbles y soit muce.

160 2609 1393 140 UEn mõfrant par telles choses: comment de

136 2696 1417 133 ces urayes eglises en sortẽt souuẽt seducteurs:

142 2770 1403 145 pourtant ne fault nullemẽt croyre a eulx/ silz

142 2853 1385 160 ne diẽt ou font ce qͥ est duenable aux escriptu¬¬

1592 121 190 155 345

1512 769 264 127 Matth.

1512 878 128 149 24.c

1530 1404 240 125 Les fi¬

1524 1493 270 113 deles se

1542 1579 276 113 mucerõt

1553 1671 265 107 aux der¬

1562 1769 161 89 niers

1542 1843 166 95 tẽps.

1533 1924 243 112 Ps̈.30.c

1539 2117 258 124 Matth.

1539 2220 124 87 24.e

1562 2500 259 127 Il ne sa¬

1562 2606 253 98 ult croi¬

1568 2684 238 101 re a per¬

1556 2767 253 116 sõne sãs

1539 2859 252 113 escriptu

1545 2951 83 107 re.

915 2939 612 157 Ss res. Uous
