2267 3563
764 288 1378 105 ees. Uous donc ne uueillez sortir ne uueillez

772 374 1378 105 croyre. Car comme la fumee precede le feu/ et

772 455 1376 97 la bataille deuant la uictoire: ainsi pareille¬

768 542 1372 107 ment la tentation de Lantechrist precede la

764 621 612 109 gloire de Christ/ ⁊c.

885 702 1114 113 ¶ Theophylacte sur le .xxiiii. cha¬

993 793 919 107 pitre de sainct Matthieu. A.

780 880 1350 129 ¶ Mais qui perseuerera iusques en

780 987 776 127 la fin/ il sera sauue.

789 1106 1341 111 ¶ Il predict les maulx qui sont a uenir: en dõ

772 1195 1358 115 nant courage aux disciples par ce qͥl predict.

769 1273 1376 113 ¶Car les choses quon ne attend point: coustir

775 1359 1376 113 mieremẽt espouẽtent ⁊ troublent. Il adoulcist

802 1437 1343 124 donc deuãt la crainte en p̃disant les griefies

796 1517 1337 121 haynes a uenir/ les inmaiues/ les offensions/

796 1603 1343 116 les faulx ꝓphetes/ lesq̃lz sont quãtcoureurs

786 1692 1358 105 de Lantechrist/ seduysant plusieurs: tellemẽt

788 1773 1366 107 quilz soiẽt obstinez en toute iniquite. Et peur

786 1860 1370 103 ce q̃ liniquite ⁊ la trõperie de Lantechrist sera

782 1941 1380 99 multipliee: les hommes deuiendrõt rebelles ⁊

772 2026 1372 109 fout cruelz: tellemẽt arss/ que e/ ec leres plus

770 2108 1378 103 familiers ne garderõt nul liẽ de charite: mais

786 2189 1356 111 trahyrõt uunglautre. Mois celuy q̃ uerseue¬

789 2270 1359 107 rera/ ⁊ souffrira uirilemẽt: ⁊ qͥl ne dõnera poĩt

788 2349 1354 115 lieu aux choses qͥ alors seront inferees: il sera

791 2440 1188 105 sauue/ ⁊ sera esprouue noble cheualier.

946 2517 1071 117 ¶ Theophilacte sur le .xuiii. Cha¬

1124 2604 733 103 pitre de Sainct Luc.A.

793 2686 1367 108 ¶ Parquoy celuy qͥ nous a enseigne et mõstre

795 2771 1369 113 que au tẽps de la cõsommation du siecle il se¬

789 2858 1369 138 ra besoing de prier/ affin que nous paissions

1065 136 623 145 De Antechrist.

481 952 257 105 mat.10.c

487 1250 261 136 Les tretz

487 1365 273 89 quõ uoit

496 1434 282 115 uenir ne

502 1523 252 101 frappẽt

505 1603 255 116 point si

504 1694 169 135 fort.

1900 2963 268 99 durer es
