2267 3563
275 130 1235 145 De Antechrist. Cha.xx1.

148 273 1382 107 durer es dãgiers aduenir: il dit ap̃s. Quant le

158 358 1372 105 filz de Hõme uiẽdra: trouuera il la foy en la

154 439 1373 104 terre?? Par laquelle figure de interrogatiõ/ ib

151 522 1376 104 ditq̃ peu de fideles serõt trouuez. Car le filz di

142 602 1379 119 mqͥte aura si grãde force: q̃ sil est possible/ aussi

136 679 1385 113 il seduyra les esleuz. Et a de coustume de user

139 769 1376 103 de telle maniere de interroguer/ es choses q̃ on

136 852 1385 107 ne trouue gueres: cõme aussi quãt il dit. Leq̃l

133 932 1388 107 estime tu estre seruiteur fidele ⁊ prudẽt? Et aus

144 1027 1370 107 si en ce lieu icy signifiãt le mesme: ascauoir q̃

138 1108 1390 105 le nombre sera petit de ceulx qui entre dieu et

136 1189 1388 109 eulx garderõt la foy: il use de ceste mesme in¬

138 1274 1394 107 terrogatiõ. Et nest pas sans cause quil a an¬

138 1359 1398 103 nexe le sermon de la foy au sermon doraison:

160 1445 1364 93 7 car le sondement ⁊ le soustenement de toute

133 1514 1382 110 oraison/ est foy. Car si lhõme necroit quil re¬

136 1612 1397 98 ceura ce quil demarde/ a son utilite/ loraison

133 1680 1417 113 quil faict est uaine Et pouetãt le seigneur en

142 1771 1412 103 enseignant doraison/ aussi a faict mention de

140 1852 1406 111 foy. declarãt aussi/ que alors serõt peu de gẽs

136 1941 1388 103 qui prierõt/ pource urayemẽt que la foy sera

127 2024 1385 107 trouuee en peu de gẽs. Quant donc le seigñr

136 2108 1376 105 sera uenu en la nuee/ il ne trouuera pas foy

134 2195 1073 101 en la terre/ sinon en peu de gens ⁊c.

340 2268 1010 115 ¶ Augustin en lepiftre sainct Ie¬

552 2353 594 103 han/ au .iui. traicte.

136 2431 1370 107 ¶ Tons ceulx urayemẽt qui sorlẽt de leglise

142 2523 1382 101 ⁊ sont couppez de lintte de leglise/ ceulx sont

130 2595 1406 118 Antechusz. Nul ne le doubte: car cestuy la si¬

127 2684 1406 115 gniste.?Ilz sont sortis hors de nous/ mais ilz

130 2769 1396 107 nestoiẽt pas des nostres. Car silz eussent estez

130 2852 1382 125 des nr̃es/ ilz fussẽt totademẽt demourez anec

1547 427 280 116 Peu d si

1547 516 268 107 deles sõt

1542 617 246 101 trouuez

1539 697 261 92 aux der¬

1536 766 175 112 niers

1542 864 222 95 temps.

1539 941 261 98 mar.13.c

1601 133 199 157 340

1553 1395 247 140 Foy est

1542 1520 282 107 le fonde

1559 1612 265 92 ment de

1574 1674 244 122 oraison.

1536 2007 264 124 mat.26.f

1536 2413 282 119 Qui sõt

1559 2508 253 116 les Ante

1556 2583 199 110 christz.

1550 2672 244 121 1.Ioã.2.c

946 2937 552 113 Ss ii nous.
