2267 3563
463 365 273 113 1Ioã.2.e

466 534 244 110 Cõmẽt

463 635 276 92 est con¬

466 706 267 116 gneu An

466 801 235 101 techrist.

744 294 1388 109 nous. Tous ceulx dõc qͥ ne demeure pas auec

757 377 1373 109 nous/ mais se partent hors de nous: il est ma¬

748 465 1388 105 nifeste qͥlz sont Antechristz. Et cõment sont

760 552 1373 104 esprouuez les Antechristz? Par mẽsonge. Et

754 632 1373 104 qui est mẽteur/ sinon celuy qui nye que Iesus

739 715 1382 104 est le Christ? Interrogõs les hereticques. Le¬

733 807 1397 92 quel trouue tu hereticque? qui nye/ disant que

724 882 1414 109 Iesus nest pas le Christ. Que uostre charite

728 969 1406 103 regarde le grant sacrement. Entendez q̃lle cho

750 1051 1378 101 se dieu nous a inspire/ et quelle chose il nous

750 1132 1370 105 ueult declarer. Uoscy/ ilz sont sortis hors de

730 1221 1392 103 nous/ et sont faictz Donatistes. Interrogons

728 1304 1416 95 les/ ascauoir si Iesus est Christ: incontinẽt cõ

750 1383 1386 105 sesserõt que uesus est le Christ. Si donc celuy

750 1464 1390 107 est Antechrist/ qui ie Iesus nestre le Christ:

752 1547 1376 105 iceulx ne peuuẽt dire q̃ noꝰ soyõs Antechristz.

752 1631 1372 99 ne nous aussi eulx: car aussi le confessent ilz

766 1725 1358 86 cõme nous. USi donc iceulx ne nous diẽt pas

763 1796 1367 107 estre Antechristz/ ne nous eulx/ dõc ne sont ilz

766 1870 1364 107 point uuidez de noꝰ/ ne nous de eulx. Si donc

766 1962 1364 98 nous ne sõmes point ꝑtis de uous/ nous som

751 2054 1376 89 mes en umite: si nous sõmes en umite. q̃lle cho¬

746 2133 1380 103 se font deux autelz en une cite? q̃lle chose font

756 2226 1362 91 les maisons diuisees/ ⁊ les mariages diuisez?

760 2298 1366 105 Quelle chose faict le lict cõmun/ ⁊ Christ di¬

758 2383 1376 103 uise? il nous admõneste/ ⁊ ueult q̃ nous cõfes¬

766 2466 1362 105 sons ce qͥ est ueritable. Sõt ilz partis de noꝰ/

762 2549 1370 101 ou nous deulx? Mais ia naduiẽne que soyõs

762 2640 1372 95 partis de eulx: car nous auons le testamẽt de

762 2717 1372 101 lheritage du seigneur: nous le recitons et la

769 2799 1358 101 nous trouuõs nous.? Ie te dõneray les gentz

764 2888 1360 116 pour ton heritaige/ ⁊c. Si donc ilz se sont ꝑtis

970 150 631 138 De Antechrist.

472 1692 276 125 Les dis¬

475 1796 273 95 sentions

469 1885 273 104 ⁊ scismes

469 1968 279 80 des An¬

466 2030 264 134 techristz.

484 2782 229 133 Ps̈.2.b

1859 2979 269 95 de nous
