2267 3563
257 174 1225 136 De Antechrist. Cha.xxiiii.

144 306 1386 103 de nous ilz sont Antechristz. Silz sont Ante¬

140 395 1378 105 christz ilz sont mẽteurs. Silz sõt mẽteurs ilz

148 473 1368 110 nyẽt Iesus estre le Christ. Retournons dere¬

140 562 1386 109 chief a la difficulte de la question. Interrogue

136 643 1388 109 les ungz ⁊ les autres/ ilz cõfessent Iesus estre

128 726 1388 109 le Christ. Lestroit entendemẽt en ceste epistre/

136 809 1374 99 nous tiẽt serrez. Certes uous uoyez la q̃stion.

142 898 1374 107 Ceste q̃stion trouble/ ⁊ nous et eulx si elle nest

140 977 1384 109 pas entẽdue. Ou nous sõmes Antechristz/ ou

132 1059 1396 112 ilz sont Anthechristz. Iceulx nous appellent

134 1146 1394 106 Antechristz/ ⁊ dient q̃ nous nous sõmes partis

132 1235 1388 101 deulx: ⁊ noꝰ les appellons pareillemẽt. Mais

134 1310 1382 109 ceste epistre a signifie et demonstre les Ante¬

134 1391 1396 113 christz. Quiconque nye q̃ Iesus ne soit pas le

130 1472 1388 113 Christ: cestuy est Antechrist. * Maintenãt dõc

136 1555 1391 113 regardõs qui cest qͥ le nye: ⁊ ne regardõs point

130 1636 1423 112 a la lãgue/ mais aux faictz. Car si tous sont

133 1716 1432 124 interroguez: tous dune mesme parolle cõfesse

142 1793 1414 119 rõt Iesus est le Christ. Que la langue se repo

148 1879 1397 131 se ung petit: interrogue la uie. Si uous trou¬

139 1980 1388 98 uez ce/ si mesme lescripture nous dit/ q̃ la ne¬

144 2058 1392 117 gatiõ diceulx nest pas seulemẽt faicte par la

142 2149 1406 107 langue/ mais aussi par oeuures. Certainemẽt

142 2224 1402 111 nous trouuons plusieurs Antechristz/ lesq̃lz

150 2308 1394 108 de bouche cõfessent Christ: mais en meurs ilz

154 2395 1398 101 cõtredient a Christ. Ou trouuerons nous ce

148 2474 1410 113 en lescripture? Escoute Paul lapostre: quant

154 2550 1414 122 il parloit de telz/ il dist: * Certes ilz cõfessent

156 2642 1420 111 eulx cõgnoistre dieu: mais ilz le nyẽt par oeu¬

152 2731 1416 105 ures. Nous trouuons aussi les Antechristz.

158 2800 1402 125 Quicõques nye par oeuures Christ/ il est An

154 2886 1390 134 techrist. Ie nescoute pas quelle chose il sonne/

1545 190 237 136 347

1545 1445 255 131 Lhere¬

1553 1543 274 113 tique est

1574 1650 253 92 esprou¬

1583 1725 241 98 ue ꝑ pa¬

1577 1805 241 104 rolles et

1562 1891 235 107 par oeu

1547 1980 158 98 ures.

1589 2535 235 143 Tite.1.d

991 2973 547 118 Ss .iii. mais
