2267 3563
1079 166 653 144 De Antechrist.

738 308 1380 111 mais ie regarde quelle chose uit. Les oeuures

742 389 1386 115 parlent ⁊ nous demãdõs encore les parolles.

742 475 1380 114 Car qui est le mauuais qui ne uueille biẽ par¬

738 554 1378 120 ler? * Maintenãt dõc mes freres/ sil fault de¬

742 632 1367 122 mander des oeuures: nous ne trouuons point

736 712 1385 137 seulemẽt plusieurs Antechristz estre sortis de¬

727 798 1394 131 hors: mais plusieurs qͥ ne sont pas encore ma

730 890 1385 116 nifestes qͥlz soiẽt sortis dehors. Car toꝰ ceulx

745 964 1370 122 q̃ leglise ha/ qui sont pariures/ fraudateurs/

740 1055 1368 114 adulteres/ yurongnes/ usuriers/ faulx mar¬

738 1140 1364 107 chans/ ⁊ tout ce q̃ ne pouuõs nõbrer: silz sont

722 1223 1380 117 cõtraires a la doctrine de Christ/ ilz sõt ꝯtrai¬

726 1312 1382 97 res a la parolle de dieu. Et la parolle de dieu/

748 1389 1378 115 cest Christ. Tout ce qui est ꝯtraire a la parolle

750 1470 1372 113 de dieu/ ce est en Antechrist. Car Lãtechrist est

742 1557 1374 113 cõtraire a Christ. Et uoulez uous cõgnoistre

748 1638 1360 113 cõbien manifestemẽt iceulx resistẽt a Christ:

750 1722 1366 108 quil aduiẽne aucunesfois/ qͥlz faicẽt quelque

748 1803 1374 115 mal/ ⁊ qͥlz cõmencent a estre corrigez: poͬce qͥlz

750 1886 1374 115 ne osent poĩt blasphemer Christ/ ilz blasphe¬

740 1969 1380 107 mẽr ses ministres desq̃lz ilz sont reprins. Ung

738 2054 1372 117 chascun cõsiderãt sa cõscience/ qͥl se chãge sil

750 2141 1358 103 est amateur de ce monde: ⁊ quil soit faict ama

758 2218 1297 113 teur de Christ/ qͥl ne soit faict Antechrist/ ⁊c.

938 2300 1018 118 ¶ Origene sur sainct Matthieu/

1112 2395 658 103 en la .xxix. Homelie.

766 2468 1362 117 ¶ Prenons premier la parolle de labomina¬

756 2553 1370 111 tion de la desolation soy tenãt au sainct lieu.

775 2642 1343 116 Car celuy qui lit doibt estre diligẽt/ ⁊ entẽdre/

762 2721 1358 115 affin quil ne soit pas seduict de labominatiõ

769 2805 1352 110 de la desolatiõ. * Dõt le lieu sainct est facile¬

766 2886 1343 133 mẽt entendu tout mot de lescripture diuine/ q̃

457 579 251 111 Plusi¬

457 662 259 104 eurs An

454 742 247 110 techristz

451 834 226 110 ne sont

439 929 265 98 pas enco

436 1015 280 92 re mani¬

457 1084 212 123 festes.

463 2645 282 134 mat.24.b

466 2805 253 125 Le lieu

472 2903 264 176 saĩct/ est

1742 2983 384 108 les ꝓphetes
