2267 3563
257 144 1279 141 De Amtechrist. Cha.xxti◊.

133 270 1394 124 les propheses ont parle despuis le cõmẽceme/

142 371 1361 101 du monde: cõ me Moyse/ ⁊ apres luy tous les

151 451 1358 113 autres. Et nõ pas seulemẽt ce mais aussi tou

144 536 1380 107 te pa rolle des euangelistes ou des apostres de

140 617 1376 109 Iesuchrist. Parquoy donc en ce lieu sainct de

134 706 1380 101 toutes les escriptures/ tant de lãcien testamẽt

136 787 1376 101 cõme du nouueau/ Lantechrist qͥ est la faulse

142 870 1376 107 parolle/ si est souuẽt tenu: par ce mesme qͥl sem

138 952 1366 105 ble estre droict es escriptures diuines/ en soy

130 1030 1376 101 monstrant cõme sil estoit dieu ⁊ cõme sil fust

130 1119 1376 101 Christ la parolle de dieu: ⁊ cestuy est labomina

134 1203 1376 105 tion de la desolation. Certes on peult souuẽt

138 1288 1370 97 ueoir par infideles argumẽtatiõs de diuerses

140 1375 1378 99 doctrines enuers les heresies/ ceste abomina¬

134 1452 1380 105 tion de desolation: cestadire/ Antechrist qui est

136 1534 1378 99 faulse parolle dabominations desolãt de dieu

132 1621 1402 105 toute persõne qͥ aura receu en soy ceste odomte¬

132 1700 1414 105 nation contredilonte a la uerue/ soy esleuant

140 1791 1404 99 par dessus toute parolle laquelle est hors dicel

140 1868 1384 107 le: laquelle est annõcee estre la parolle de dieu:

142 1953 1378 97 ⁊ soy esleuant par dessus ce q̃ tout hõme ueult

136 2027 1367 113 hõnorer soit en uerite ou faulsemẽt.? Car une

133 2117 1379 109 chascune doctrine dheresie/ nest pas seulemẽt

136 2206 1379 106 aduersaire a la uerite: mais aussi a toutes au

142 2283 1373 104 tres doctrines faulses cõe icelle. Et pour ce q̃lle

148 2375 1364 107 se eslieue en telle maniere/ que aussi elle soit

142 2446 1370 110 assise au tẽple des escriptures: uueillant par

151 2541 1382 101 ce temple/ cest adire par icelles escriptures se

151 2621 1408 95 monstrer que icelle urayement est dieu qui est

145 2701 1405 107 la parolle: q̃ celuy dõc qui lit les diuines escri

142 2791 1405 103 ptures/ mette son entendemẽt tousioͬs en icel¬

142 2877 1385 107 les: principalement quant il uerra labomi¬

1545 279 297 121 la sacree

1521 377 306 127 escriptu

1527 475 74 124 re.

1609 172 178 113 348

1518 1018 267 160 2.Thess.

1515 1140 119 121 2.a.

1530 2027 267 122 Les here

1536 2128 225 95 ticques

1530 2203 276 112 sõt aussi

1530 2304 267 95 ꝯtraires

1527 2372 291 113 les ungz

1542 2464 282 110 aux aue

1559 2544 149 101 tres.

1580 2621 232 107 Le mes¬

1571 2710 238 98 me hras

1559 2796 170 104 tu en

1545 2886 264 95 lhystoi¬

1553 2966 259 115 re ecclo¬

995 2942 532 148 S s .iiii. nation
