2267 3563
490 302 270 125 stasticq̃/

487 415 273 95 au .u. li¬

487 495 255 92 ure/ au

490 578 237 93 xxuiii.

487 662 261 115 chapitte

781 290 1370 125 nation de la desolation (selon ce q̃ nous aud̃s

787 397 1364 101 dit) soy tenant au lieu sainct/ que nous auõs

781 478 1376 103 expose des sainctes escriptures. Et celuy qui

781 570 1364 101 lemẽdra: il la destruira par la uraye traditiõ¬

763 644 1382 101 cestadire/ ꝑ lillumination de la uenue de christ

744 732 1400 105 qͥ est la uerite: ⁊ destruira la parolle laquelle

738 817 1412 109 semble soy tenir au lieu saĩct/ qͥ ne luy appar¬

740 900 1414 107 tiẽt point. Et celuy qui entedratelle abominu

754 985 1400 99 tiõ de desolation il sen mocquera: ⁊ la iectera

766 1066 1382 103 hors du lieu sainct auquel semble q̃lle se tiem-

756 1146 1378 108 ne. Mais souuerainemẽt la destruira Christ/

744 1233 1386 105 leq̃l parle en ce lieu/ uraye lumiere. Et si ice-

738 1320 1394 101 luy Christ parle en aucun/ uueillant escouter

760 1401 1376 101 ⁊ mautfeser/ il se tiẽdra ferme: ⁊ occira par le¬

768 1484 1380 105 sprit de sa bouche toute faulse parolle qui est

758 1561 1386 111 abominatiõ de desolation (oy tenãt au sainct

762 1654 1374 97 lieu ⁊ seãt au tẽple de dieu/ qui est Iãtechrist

762 1732 1368 102 par ceulx qui se rendrons capables diceluy.

778 1808 1361 113 4 Laq̃lle parolle faulse ne se tient pas dedout

778 1888 1367 116 souuẽt: mais aussi se sied au tẽple: quãt il sem

763 1980 1379 98 ble que cõme bien ⁊ raisonnablemẽt icelle soit

748 2063 1385 101 fondee. Mais ceulx qͥ en telle mamiere uoyent

745 2143 1376 104 ceste adomination de desolation: tellemẽt qͥlz

766 2223 1361 107 pourroient dire diceRie. Certes nous ne igno¬

756 2310 1376 108 rons point ses faulsetez: quant ilz lisent en la

752 2395 1382 108 parolle en entendant les choses urayes/ quilz

760 2480 1378 107 fuyent la faulse parolle: ⁊ quilz se retirent au

756 2569 1368 95 lieu ou mensonge ne les pourra comprendre.

754 2646 1370 107 Mais la mensonge ne peult cõprendre ceulx

756 2733 1368 103 qui fuyent de Iudee qui est la lettre/ aux cho¬

760 2816 1362 111 ses spirituelles ⁊ intelligibles/ ⁊ aux haultes

754 2899 762 121 montaignes de uerite ⁊c.

1122 166 653 144 De Antechrist.

479 1813 285 103 Quant

469 1903 288 98 ce estq̃ la

463 1986 258 104 parolle

463 2069 264 113 faulse se

469 2143 223 116 sied en

469 2235 241 122 leglise.

1661 2986 463 127 Ezechi.28.A.
