2267 3563
956 180 897 132 Lutilite de la parolle

734 330 1378 129 Esai.55.A. ¶ Uenez aux eaues

724 449 1388 128 uoꝰ tous qͥ auez soif: ⁊ ceulx qui na¬

713 555 1396 142 uez point dargẽt/ hastez uoꝰ achetez

706 682 1400 127 ⁊ si mengez. Uenez si achetez sans

704 797 1396 127 argent/ et sans quelque eschange¬

716 912 1380 125 ment/ du uin et du laict. Pourquoy

716 1025 1378 125 alouez uous largent/ et non pas en

690 1144 1396 120 pains/ ⁊ pourquoy alouez uous uo¬

687 1256 1401 129 stre labeur/ et non point pour uous

698 1365 497 127 rassasier? ⁊c.

867 1474 1027 107 ¶ Hierosme sur ce passaige/ au .xu.

1063 1561 675 95 liure au .lu. chapitre.

740 1640 1342 95 ¶ Il reprend aussi duremẽt ceulx qͥ ensuyuẽt

726 1726 1364 101 la sapience seculiere/ ⁊ les peruerses doctrines

726 1809 1368 101 des hereticques/ ⁊ aussi les traditiõs des pha¬

710 1892 1380 107 risiens/ ⁊ toute science de faulx nom/ laquelle

707 1971 1369 107 seslieue cõtre dieu: * et ceulx qui continuelle¬

694 2058 1376 105 ment alouent par grand pris ⁊ grosse labeur

690 2143 1377 99 largẽt pour telle science en laquelle ny a nulz

689 2226 1380 101 pains: ⁊ suẽt pour auoir les uiãdes esq̃lles ny

689 2304 1397 104 a nulle satiete. Dequoy est mõstre/ quõ doibt

692 2389 1386 105 suyuir ceste sapience qui nest point es fueilles

692 2476 1388 99 ny en la fleur des parolles/ mais es moelles ⁊

694 2557 1376 107 es fruictz des sens: laq̃lle ne passe poĩt parmy

696 2640 1378 93 les aureilles/ mais refectionne lame. Et pour

702 2719 1370 103 lapprẽdre ne fault point passer la mer/ ⁊ si na

707 2799 1354 116 uons q̃ faire de gros despens/ mais la parolle

683 2891 1263 113 est pres en nostre bouche ⁊ en nostre cueur.

453 417 255 93 apo.22.d

445 561 259 127 25.dist.c.

453 667 192 116 si. in fi.

431 1672 283 105 mat.16.b

429 1755 256 89 mar.8.b

431 1838 258 103 Heb.13.b

415 1986 274 122 La ꝑolle

411 2088 256 99 de Dieu

417 2173 224 97 sapprẽd

421 2262 246 101 sans ar¬

423 2335 163 113 gent.

392 2696 275 93 Ro.10.b

392 2776 300 121 deut̃.30.c

1682 2981 383 122 ¶ Le mesme
