<?xml version="1.0" encoding="UTF-8"?>
<alto xmlns:xsi="http://www.w3.org/2001/XMLSchema-instance"
      xmlns="http://www.loc.gov/standards/alto/ns-v4#"
      xsi:schemaLocation="http://www.loc.gov/standards/alto/ns-v4# http://www.loc.gov/standards/alto/v4/alto-4-2.xsd">
  <Description>
    <MeasurementUnit>pixel</MeasurementUnit>
    <sourceImageInformation>
      <fileName>280_44c2b_default.jpg</fileName>
      <fileIdentifier>https://www.e-rara.ch/i3f/v20/4106438/full/full/0/default.jpg</fileIdentifier>
    </sourceImageInformation>
  </Description>
  <Tags>
    <OtherTag ID="BT8" LABEL="DamageZone" DESCRIPTION="block type DamageZone"/><OtherTag ID="BT10" LABEL="DropCapitalZone" DESCRIPTION="block type DropCapitalZone"/><OtherTag ID="BT11" LABEL="GraphicZone" DESCRIPTION="block type GraphicZone"/><OtherTag ID="BT12" LABEL="MainZone" DESCRIPTION="block type MainZone"/><OtherTag ID="BT13" LABEL="MarginTextZone" DESCRIPTION="block type MarginTextZone"/><OtherTag ID="BT15" LABEL="NumberingZone" DESCRIPTION="block type NumberingZone"/><OtherTag ID="BT17" LABEL="QuireMarksZone" DESCRIPTION="block type QuireMarksZone"/><OtherTag ID="BT18" LABEL="RunningTitleZone" DESCRIPTION="block type RunningTitleZone"/><OtherTag ID="BT20" LABEL="StampZone" DESCRIPTION="block type StampZone"/><OtherTag ID="BT21" LABEL="TableZone" DESCRIPTION="block type TableZone"/><OtherTag ID="BT22" LABEL="TitlePageZone" DESCRIPTION="block type TitlePageZone"/>
    <OtherTag ID="LT8" LABEL="DefaultLine" DESCRIPTION="line type DefaultLine"/><OtherTag ID="LT9" LABEL="DropCapitalLine" DESCRIPTION="line type DropCapitalLine"/><OtherTag ID="LT10" LABEL="HeadingLine" DESCRIPTION="line type HeadingLine"/><OtherTag ID="LT11" LABEL="InterlinearLine" DESCRIPTION="line type InterlinearLine"/><OtherTag ID="LT311" LABEL="default" DESCRIPTION="line type default"/>
  </Tags>
  <Layout>
    <Page WIDTH="2267"
          HEIGHT="3563"
          PHYSICAL_IMG_NR="280"
          ID="eSc_dummypage_">
      <PrintSpace HPOS="0"
                  VPOS="0"
                  WIDTH="2267"
                  HEIGHT="3563">
        <TextBlock HPOS="115"
                   VPOS="262"
                   WIDTH="1507"
                   HEIGHT="2739"
                   ID="eSc_textblock_39296a98"
                   TAGREFS="BT12">
          <Shape><Polygon POINTS="135 262 115 3001 1578 2960 1622 2717 1620 2708 1575 2510 1574 2410 1568 2390 1563 2374 1561 2293 1556 2275 1547 2246 1543 2149 1599 2007 1606 1690 1588 1296 1594 266"/></Shape>
          <TextLine ID="eSc_line_48c71801"
                    TAGREFS="LT8"
                    BASELINE="176 370 1564 348" 
                    HPOS="174"
                    VPOS="255"
                    WIDTH="1390"
                    HEIGHT="142">
            <Shape><Polygon POINTS="174 288 176 370 176 393 417 397 419 397 421 397 457 387 477 384 492 387 530 395 532 395 625 384 679 378 712 382 778 391 780 391 782 391 825 380 841 376 859 378 926 389 928 389 1152 372 1183 370 1197 370 1300 384 1302 384 1304 384 1306 384 1326 368 1328 368 1332 368 1530 380 1532 380 1534 380 1564 362 1564 348 1558 271 1391 271 1372 255 1370 255 1368 255 1366 255 1263 271 1189 257 1187 257 1185 257 1152 275 1150 275 1148 275 1104 265 1102 265 1047 277 1039 277 1031 277 932 261 930 261 827 277 740 265 738 265 736 265 734 265 714 281 712 281 704 281 639 271 637 271 546 283 518 285 502 283 431 269 429 269 427 269 425 269 425 271 409 283 405 288 366 288 362 285 346 271 344 271 342 271 340 271 338 271 336 271 316 283 209 273 207 273 205 273 180 281 174 288"/></Shape>
	    <String CONTENT="Ezechie.28.A. ¶ Pource que ton"
                    HPOS="174"
                    VPOS="255"
                    WIDTH="1390"
                    HEIGHT="142"
                    WC="0.9969364285469056"></String>
          </TextLine>
          <TextLine ID="eSc_line_f8d7c0d2"
                    TAGREFS="LT8"
                    BASELINE="178 481 1542 463" 
                    HPOS="176"
                    VPOS="368"
                    WIDTH="1366"
                    HEIGHT="148">
            <Shape><Polygon POINTS="178 481 178 496 253 516 255 516 257 516 330 496 390 514 392 514 394 516 479 516 479 514 556 496 617 512 619 512 621 512 623 512 675 494 914 508 916 508 918 508 993 488 1033 488 1063 506 1065 506 1067 506 1069 506 1071 506 1132 486 1203 502 1205 502 1207 502 1209 502 1239 484 1362 496 1364 496 1366 496 1393 482 1435 500 1437 500 1439 502 1492 502 1492 500 1494 500 1542 479 1542 463 1538 393 1506 393 1477 368 1475 368 1473 368 1387 368 1385 368 1326 370 1324 370 1322 370 1302 387 1286 376 1284 376 1282 376 1281 376 1279 376 1233 395 1081 382 1079 382 1077 382 1043 399 756 401 631 378 629 378 443 382 441 382 411 393 330 382 328 382 326 382 324 382 295 399 231 385 229 385 227 385 176 407 178 481"/></Shape>
	    <String CONTENT="cueur sest esleue: ⁊ que tu as dit. Ie"
                    HPOS="176"
                    VPOS="368"
                    WIDTH="1366"
                    HEIGHT="148"
                    WC="0.995842423878218"></String>
          </TextLine>
          <TextLine ID="eSc_line_20807077"
                    TAGREFS="LT8"
                    BASELINE="170 597 1554 577" 
                    HPOS="168"
                    VPOS="484"
                    WIDTH="1386"
                    HEIGHT="147">
            <Shape><Polygon POINTS="170 597 172 631 217 619 257 629 259 629 261 629 263 629 330 617 344 627 344 629 346 629 348 629 350 629 370 627 447 615 518 623 574 629 576 629 578 629 580 629 580 627 588 621 597 613 689 613 700 619 718 627 720 627 722 627 815 615 873 609 883 615 900 623 902 623 904 625 997 625 997 623 999 623 1021 611 1029 607 1094 607 1096 609 1114 621 1116 621 1118 621 1120 621 1122 621 1148 611 1506 615 1508 615 1510 615 1554 597 1554 577 1548 506 1524 508 1520 506 1494 486 1492 486 1490 486 1488 486 1486 486 1484 486 1459 506 1413 484 1411 484 1409 484 1407 484 1405 484 1370 508 1364 512 1312 512 1310 510 1282 486 1281 486 1279 486 1277 486 1275 486 1225 510 1221 514 1088 514 1084 512 1049 490 1047 490 1045 490 997 490 995 490 993 490 991 490 956 514 952 518 898 518 896 516 851 494 849 494 847 494 845 494 817 506 803 494 801 494 799 494 748 494 746 494 744 494 742 494 710 518 706 522 603 522 603 520 588 508 588 506 586 506 584 506 582 506 580 506 544 522 542 524 471 524 471 522 421 502 419 502 417 502 415 502 413 502 390 520 360 500 358 500 356 500 302 500 300 500 211 502 209 502 168 524 170 597"/></Shape>
	    <String CONTENT="suis dieu/ ⁊ me suis assis en la chaie"
                    HPOS="168"
                    VPOS="484"
                    WIDTH="1386"
                    HEIGHT="147"
                    WC="0.9909227317885348"></String>
          </TextLine>
          <TextLine ID="eSc_line_f096634e"
                    TAGREFS="LT8"
                    BASELINE="156 708 1554 694" 
                    HPOS="156"
                    VPOS="607"
                    WIDTH="1398"
                    HEIGHT="117">
            <Shape><Polygon POINTS="158 667 156 708 156 724 1552 718 1554 694 1550 623 1376 607 1374 607 1286 619 1213 609 1211 609 1209 609 1180 623 1158 609 1156 609 1154 609 1152 609 1150 609 1110 621 1035 611 1033 611 954 627 952 627 950 627 916 613 914 613 912 613 910 613 859 627 603 621 601 621 534 631 528 631 522 631 463 619 269 619 267 619 265 619 263 619 245 633 243 635 164 635 158 667"/></Shape>
	    <String CONTENT="re de dieu/ au cueur de la mer: cõme"
                    HPOS="156"
                    VPOS="607"
                    WIDTH="1398"
                    HEIGHT="117"
                    WC="0.9870176830807248"></String>
          </TextLine>
          <TextLine ID="eSc_line_d36f3d9e"
                    TAGREFS="LT8"
                    BASELINE="158 823 1542 807" 
                    HPOS="156"
                    VPOS="724"
                    WIDTH="1386"
                    HEIGHT="144">
            <Shape><Polygon POINTS="158 823 158 849 255 849 279 866 281 866 283 866 285 868 318 868 318 866 320 866 322 866 340 853 358 865 360 865 362 865 364 866 502 866 502 865 504 865 506 865 534 847 542 843 584 843 590 847 623 863 625 863 627 865 677 865 677 863 679 863 681 863 700 847 780 861 782 861 784 861 831 845 849 839 859 845 883 859 885 859 887 859 888 859 976 845 1021 837 1057 845 1116 857 1118 857 1195 855 1197 855 1199 855 1215 843 1231 835 1288 835 1300 843 1314 855 1316 855 1318 855 1320 855 1403 853 1405 853 1439 843 1469 833 1538 841 1542 807 1538 744 1492 744 1492 742 1461 724 1459 724 1457 724 1455 724 1374 742 1364 744 1354 742 1300 734 1298 734 1296 734 1275 742 1269 746 1045 746 1035 742 999 726 997 726 892 726 890 726 888 726 859 742 843 752 791 752 770 742 736 728 734 728 689 728 687 728 685 728 683 728 661 742 643 752 611 742 599 738 597 738 595 738 593 738 591 738 588 742 570 754 530 754 506 742 491 734 489 734 487 734 485 734 469 742 451 750 429 742 403 732 401 732 399 732 156 740 158 823"/></Shape>
	    <String CONTENT="il soit que tu soys hõme ⁊ non pas"
                    HPOS="156"
                    VPOS="724"
                    WIDTH="1386"
                    HEIGHT="144"
                    WC="0.9983814460890633"></String>
          </TextLine>
          <TextLine ID="eSc_line_c9cc6c33"
                    TAGREFS="LT8"
                    BASELINE="162 938 1548 926" 
                    HPOS="160"
                    VPOS="843"
                    WIDTH="1388"
                    HEIGHT="126">
            <Shape><Polygon POINTS="162 938 162 954 388 969 390 969 469 967 471 967 496 954 498 954 582 967 584 967 586 967 588 967 599 958 687 965 689 965 776 952 784 952 799 952 972 963 974 963 1065 952 1090 948 1241 948 1247 950 1257 958 1259 958 1261 958 1263 958 1379 950 1411 948 1421 950 1467 960 1469 960 1548 948 1548 926 1544 859 1469 843 1467 843 1465 843 1413 857 1279 845 1277 845 1219 859 1215 859 1211 859 1112 845 1110 845 1057 855 974 847 972 847 970 847 968 847 950 859 946 861 869 861 623 855 621 855 619 855 599 861 584 865 572 861 544 851 542 851 540 851 538 851 536 851 524 861 516 865 471 861 380 853 378 853 376 853 356 861 342 866 322 861 291 853 289 853 287 853 160 861 162 938"/></Shape>
	    <String CONTENT="dieu: ⁊ as donne ton cueur cõme le"
                    HPOS="160"
                    VPOS="843"
                    WIDTH="1388"
                    HEIGHT="126"
                    WC="0.9888787235532488"></String>
          </TextLine>
          <TextLine ID="eSc_line_6f91feba"
                    TAGREFS="LT8"
                    BASELINE="156 1053 1546 1037" 
                    HPOS="154"
                    VPOS="942"
                    WIDTH="1392"
                    HEIGHT="142">
            <Shape><Polygon POINTS="156 1053 156 1070 261 1082 263 1082 265 1082 267 1082 279 1072 310 1080 312 1080 314 1080 386 1072 401 1070 419 1072 514 1084 516 1084 518 1084 520 1084 534 1072 534 1070 692 1068 702 1072 720 1082 722 1082 724 1082 726 1082 728 1082 740 1072 748 1066 819 1072 914 1080 916 1080 918 1080 940 1072 962 1064 982 1072 1003 1080 1005 1080 1007 1080 1009 1080 1037 1072 1077 1062 1136 1072 1170 1078 1172 1078 1211 1072 1269 1064 1338 1072 1368 1076 1370 1076 1372 1076 1383 1072 1423 1060 1435 1072 1437 1072 1439 1072 1441 1074 1546 1074 1546 1037 1544 962 1516 942 1514 942 1512 942 1510 942 1413 952 1366 944 1364 944 1362 944 1320 965 1269 965 1225 944 1223 944 1221 944 1219 944 1162 969 1088 969 1063 956 1061 956 1059 956 1057 956 1021 969 976 950 974 950 972 950 916 960 746 950 744 950 590 973 560 952 558 952 556 952 524 952 522 952 324 979 241 979 219 962 217 962 215 962 213 962 211 962 154 979 156 1053"/></Shape>
	    <String CONTENT="cueur de dieu. Uoicy tu es plus saige"
                    HPOS="154"
                    VPOS="942"
                    WIDTH="1392"
                    HEIGHT="142"
                    WC="0.9757166102125838"></String>
          </TextLine>
          <TextLine ID="eSc_line_0f1993f0"
                    TAGREFS="LT8"
                    BASELINE="152 1171 1556 1155" 
                    HPOS="150"
                    VPOS="1070"
                    WIDTH="1406"
                    HEIGHT="137">
            <Shape><Polygon POINTS="152 1171 152 1193 194 1207 196 1207 197 1207 332 1193 675 1203 677 1203 847 1201 849 1201 851 1201 869 1187 871 1187 1027 1199 1029 1199 1031 1199 1069 1185 1073 1185 1193 1197 1195 1197 1197 1197 1199 1197 1217 1183 1219 1183 1227 1183 1344 1193 1346 1193 1427 1181 1431 1181 1435 1181 1496 1193 1498 1193 1554 1179 1556 1155 1552 1086 1453 1070 1451 1070 1449 1070 1447 1070 1447 1072 1429 1086 1429 1088 1284 1088 1282 1088 1205 1072 1203 1072 1152 1074 1150 1074 1148 1074 1128 1090 1126 1090 1017 1082 1015 1082 898 1092 853 1076 851 1076 849 1076 768 1078 766 1078 732 1094 679 1078 677 1078 675 1078 544 1080 467 1098 453 1086 451 1086 449 1086 326 1082 324 1082 322 1082 320 1082 289 1102 150 1102 152 1171"/></Shape>
	    <String CONTENT="que Daniel: nul secret nest muce de"
                    HPOS="150"
                    VPOS="1070"
                    WIDTH="1406"
                    HEIGHT="137"
                    WC="0.9871516687529428"></String>
          </TextLine>
          <TextLine ID="eSc_line_ea1adf05"
                    TAGREFS="LT8"
                    BASELINE="154 1282 1548 1270" 
                    HPOS="154"
                    VPOS="1183"
                    WIDTH="1394"
                    HEIGHT="137">
            <Shape><Polygon POINTS="154 1302 293 1320 295 1320 296 1320 366 1302 413 1316 415 1316 417 1316 496 1300 498 1300 524 1316 526 1316 528 1316 530 1316 605 1300 669 1316 671 1316 673 1316 675 1316 724 1300 801 1314 803 1314 805 1314 837 1298 924 1314 926 1314 928 1314 997 1296 999 1296 1079 1314 1081 1314 1083 1314 1138 1294 1142 1294 1146 1294 1229 1312 1231 1312 1233 1312 1261 1296 1286 1310 1288 1310 1290 1310 1292 1310 1294 1310 1316 1292 1318 1292 1362 1292 1364 1292 1387 1310 1389 1310 1391 1310 1393 1310 1546 1290 1548 1270 1544 1183 1488 1183 1486 1183 1484 1183 1445 1201 1231 1185 1217 1185 1215 1185 1213 1185 1211 1185 1182 1201 1166 1187 1166 1185 1164 1185 1162 1185 1128 1185 1126 1185 1124 1185 1118 1187 1055 1205 993 1191 991 1191 989 1191 952 1207 795 1207 770 1189 768 1189 766 1189 669 1189 667 1189 665 1189 663 1189 661 1191 637 1209 510 1209 477 1193 471 1191 469 1191 386 1191 384 1191 382 1191 380 1191 376 1193 352 1213 211 1213 154 1197 154 1282 154 1302"/></Shape>
	    <String CONTENT="toy. Tu as faict en toy la force par"
                    HPOS="154"
                    VPOS="1183"
                    WIDTH="1394"
                    HEIGHT="137"
                    WC="0.9994209756453832"></String>
          </TextLine>
          <TextLine ID="eSc_line_dfa8bfaa"
                    TAGREFS="LT8"
                    BASELINE="154 1397 1554 1383" 
                    HPOS="152"
                    VPOS="1300"
                    WIDTH="1402"
                    HEIGHT="141">
            <Shape><Polygon POINTS="154 1397 156 1431 199 1419 227 1431 251 1441 253 1441 255 1441 314 1429 316 1429 342 1441 344 1441 346 1441 407 1439 409 1439 411 1439 425 1427 429 1427 481 1431 483 1431 485 1431 508 1425 540 1417 564 1425 599 1437 601 1437 603 1439 736 1439 736 1437 738 1437 740 1437 760 1421 772 1413 831 1419 887 1425 888 1425 890 1425 892 1425 900 1419 908 1413 972 1413 982 1417 1019 1433 1021 1433 1023 1435 1081 1435 1081 1433 1083 1433 1146 1413 1164 1409 1199 1413 1350 1431 1352 1431 1354 1431 1415 1409 1423 1407 1510 1407 1512 1407 1532 1419 1534 1419 1536 1419 1538 1419 1540 1419 1542 1419 1554 1409 1554 1383 1548 1300 1425 1302 1423 1302 1421 1302 1399 1314 1378 1306 1376 1306 1374 1306 1372 1306 1370 1306 1348 1322 1273 1312 1271 1312 1205 1322 1174 1310 1172 1310 1170 1310 1168 1310 1166 1310 1150 1324 1114 1314 1112 1314 1110 1314 1108 1314 1106 1314 1088 1326 976 1326 964 1314 958 1310 958 1308 956 1308 954 1308 952 1308 950 1308 936 1316 914 1328 877 1328 863 1316 849 1306 847 1306 845 1306 815 1306 813 1306 811 1306 758 1320 724 1328 690 1322 669 1318 667 1318 665 1318 663 1318 659 1322 649 1330 522 1332 477 1332 471 1328 437 1310 435 1310 433 1310 431 1310 372 1326 346 1312 344 1312 291 1312 289 1312 287 1312 285 1312 261 1332 199 1316 197 1316 196 1316 194 1316 152 1332 154 1397"/></Shape>
	    <String CONTENT="ta sapience ⁊ prudence: ⁊ as acqueru"
                    HPOS="152"
                    VPOS="1300"
                    WIDTH="1402"
                    HEIGHT="141"
                    WC="0.9983382589287229"></String>
          </TextLine>
          <TextLine ID="eSc_line_e9b9bc22"
                    TAGREFS="LT8"
                    BASELINE="154 1514 1556 1498" 
                    HPOS="152"
                    VPOS="1419"
                    WIDTH="1404"
                    HEIGHT="130">
            <Shape><Polygon POINTS="154 1514 154 1534 293 1549 295 1549 296 1549 322 1536 475 1547 477 1547 570 1532 635 1545 637 1545 639 1545 681 1530 774 1530 851 1543 853 1543 984 1541 985 1541 987 1541 999 1532 1055 1540 1057 1540 1059 1540 1061 1540 1061 1538 1077 1526 1136 1540 1138 1540 1378 1522 1397 1536 1399 1536 1401 1536 1403 1536 1405 1536 1447 1522 1484 1534 1486 1534 1488 1534 1556 1518 1556 1498 1550 1419 1480 1437 1378 1437 1352 1423 1350 1421 1348 1421 1346 1421 1304 1421 1302 1421 1300 1421 1298 1421 1294 1425 1284 1435 1065 1439 1047 1431 1031 1423 1029 1423 1027 1423 952 1425 950 1425 932 1433 916 1441 890 1435 855 1425 853 1425 851 1425 797 1437 766 1443 724 1439 679 1433 677 1433 621 1441 590 1444 572 1441 508 1429 506 1429 504 1429 449 1444 439 1446 421 1444 354 1437 352 1437 350 1437 328 1446 324 1450 152 1450 154 1514"/></Shape>
	    <String CONTENT="or ⁊ argẽt en tes thresors: par la mul"
                    HPOS="152"
                    VPOS="1419"
                    WIDTH="1404"
                    HEIGHT="130"
                    WC="0.9844730679805462"></String>
          </TextLine>
          <TextLine ID="eSc_line_85c3d6e8"
                    TAGREFS="LT8"
                    BASELINE="152 1627 1558 1613" 
                    HPOS="150"
                    VPOS="1524"
                    WIDTH="1408"
                    HEIGHT="138">
            <Shape><Polygon POINTS="152 1627 152 1648 209 1646 217 1648 249 1660 251 1660 253 1660 344 1646 364 1644 374 1646 409 1656 411 1656 413 1656 415 1656 447 1646 491 1660 492 1660 494 1660 496 1660 530 1648 568 1660 570 1660 572 1662 714 1662 714 1660 716 1660 746 1646 859 1646 873 1658 875 1658 877 1658 879 1660 954 1660 954 1658 1043 1638 1045 1638 1049 1638 1205 1650 1207 1650 1209 1650 1259 1635 1304 1635 1378 1635 1379 1635 1451 1652 1453 1652 1455 1652 1457 1652 1494 1633 1558 1631 1558 1613 1554 1541 1437 1524 1435 1524 1354 1541 1352 1541 1350 1541 1322 1532 1320 1532 1318 1532 1172 1541 1170 1541 1168 1541 1053 1530 1051 1530 1049 1530 1003 1543 999 1545 819 1545 815 1543 786 1530 784 1530 782 1530 780 1530 748 1541 635 1532 633 1532 631 1532 629 1532 611 1545 607 1547 597 1545 558 1534 556 1534 554 1534 496 1545 475 1549 465 1545 439 1534 437 1534 435 1534 433 1534 395 1545 388 1547 384 1545 362 1534 360 1534 358 1534 295 1545 285 1547 277 1545 241 1536 239 1536 237 1536 150 1545 152 1627"/></Shape>
	    <String CONTENT="titude de ta sapiẽce ⁊ par ta marchã¬"
                    HPOS="150"
                    VPOS="1524"
                    WIDTH="1408"
                    HEIGHT="138"
                    WC="0.9872076236284696"></String>
          </TextLine>
          <TextLine ID="eSc_line_0a96bd28"
                    TAGREFS="LT8"
                    BASELINE="154 1741 1579 1730" 
                    HPOS="152"
                    VPOS="1642"
                    WIDTH="1427"
                    HEIGHT="147">
            <Shape><Polygon POINTS="154 1741 156 1787 188 1777 197 1787 199 1787 201 1787 203 1789 350 1789 350 1787 352 1787 356 1785 392 1767 431 1779 433 1779 435 1779 437 1779 469 1767 584 1767 597 1777 599 1777 601 1777 603 1777 673 1765 687 1775 689 1775 690 1775 692 1775 720 1769 734 1781 736 1781 736 1783 738 1783 740 1783 742 1785 847 1785 847 1783 849 1783 851 1783 855 1779 877 1763 946 1777 948 1777 1045 1763 1084 1777 1094 1781 1096 1781 1098 1781 1124 1777 1207 1761 1279 1761 1308 1775 1318 1779 1320 1779 1322 1779 1411 1777 1413 1777 1415 1777 1419 1773 1431 1765 1441 1773 1445 1777 1447 1777 1449 1777 1451 1779 1514 1779 1514 1777 1516 1777 1518 1777 1522 1773 1532 1765 1577 1771 1579 1730 1576 1658 1482 1642 1480 1642 1478 1642 1477 1642 1453 1658 1445 1662 1413 1658 1387 1654 1385 1654 1368 1658 1340 1664 1316 1658 1294 1652 1292 1652 1290 1652 1288 1652 1286 1652 1281 1658 1273 1666 1170 1666 1154 1658 1116 1644 1114 1644 1112 1644 1110 1644 1063 1658 1035 1666 976 1658 875 1646 873 1646 871 1646 835 1660 821 1664 793 1660 728 1648 726 1648 724 1648 722 1648 706 1660 690 1670 623 1670 599 1660 576 1650 574 1650 572 1650 526 1660 479 1672 392 1672 342 1660 304 1652 302 1652 152 1660 154 1741"/></Shape>
	    <String CONTENT="dise/ tu as multiplie ta force: ⁊ a este"
                    HPOS="152"
                    VPOS="1642"
                    WIDTH="1427"
                    HEIGHT="147"
                    WC="0.9828275710344314"></String>
          </TextLine>
          <TextLine ID="eSc_line_804bf1a5"
                    TAGREFS="LT8"
                    BASELINE="164 1862 1243 1846" 
                    HPOS="162"
                    VPOS="1767"
                    WIDTH="1081"
                    HEIGHT="125">
            <Shape><Polygon POINTS="164 1862 164 1878 296 1892 298 1892 300 1892 354 1876 358 1876 360 1876 395 1884 397 1884 558 1874 629 1886 631 1886 694 1872 700 1870 706 1870 748 1882 750 1882 752 1882 801 1872 887 1882 888 1882 890 1882 942 1868 944 1868 946 1868 1065 1880 1067 1880 1241 1862 1243 1846 1241 1781 1215 1767 1213 1767 1211 1767 1094 1779 1015 1767 1013 1767 1011 1767 968 1783 934 1769 932 1769 930 1769 928 1769 926 1769 906 1783 746 1771 744 1771 742 1771 700 1787 673 1773 671 1773 607 1773 605 1773 603 1773 564 1789 562 1791 471 1791 453 1791 411 1777 409 1777 407 1777 334 1791 308 1777 306 1777 304 1777 302 1777 300 1777 283 1791 180 1779 178 1779 176 1779 174 1779 162 1787 164 1862"/></Shape>
	    <String CONTENT="ton cueue esleue en ta force."
                    HPOS="162"
                    VPOS="1767"
                    WIDTH="1081"
                    HEIGHT="125"
                    WC="0.9996451653283218"></String>
          </TextLine>
          <TextLine ID="eSc_line_f177a20e"
                    TAGREFS="LT10"
                    BASELINE="332 1957 1409 1939" 
                    HPOS="330"
                    VPOS="1862"
                    WIDTH="1079"
                    HEIGHT="123">
            <Shape><Polygon POINTS="332 1971 382 1985 384 1985 386 1985 487 1971 568 1983 570 1983 687 1967 689 1967 690 1967 730 1979 732 1979 734 1979 736 1979 738 1979 738 1977 750 1967 871 1977 873 1977 958 1963 962 1963 966 1963 1118 1973 1120 1973 1409 1955 1409 1939 1405 1878 1207 1862 1205 1862 1203 1862 1154 1880 1142 1870 1142 1868 1140 1868 1138 1868 1067 1864 1065 1864 1063 1864 1023 1882 930 1866 928 1866 807 1886 726 1870 724 1870 722 1870 649 1888 407 1876 405 1876 330 1894 332 1957"/></Shape>
	    <String CONTENT="¶ Origene sur sainct Matthieu/"
                    HPOS="330"
                    VPOS="1862"
                    WIDTH="1079"
                    HEIGHT="123"
                    WC="0.9874947786331176"></String>
          </TextLine>
          <TextLine ID="eSc_line_6204bfb2"
                    TAGREFS="LT10"
                    BASELINE="526 2036 1178 2026" 
                    HPOS="524"
                    VPOS="1957"
                    WIDTH="654"
                    HEIGHT="111">
            <Shape><Polygon POINTS="526 2052 582 2068 584 2068 586 2068 588 2068 653 2050 655 2050 657 2050 700 2066 702 2066 704 2068 786 2068 786 2066 839 2064 841 2064 843 2064 861 2048 906 2064 908 2064 910 2064 912 2064 946 2046 995 2056 997 2056 1112 2044 1146 2056 1148 2056 1150 2056 1152 2056 1178 2040 1178 2026 1172 1961 1124 1971 1112 1963 1108 1959 1108 1957 1106 1957 1104 1957 993 1957 991 1957 989 1957 987 1957 976 1967 970 1973 958 1967 934 1957 932 1957 930 1957 928 1957 926 1957 908 1969 906 1969 877 1961 875 1961 873 1961 754 1975 724 1977 714 1975 655 1961 653 1961 524 1981 526 2036"/></Shape>
	    <String CONTENT="en la .xxx. Homelte."
                    HPOS="524"
                    VPOS="1957"
                    WIDTH="654"
                    HEIGHT="111"
                    WC="0.9984832108020782"></String>
          </TextLine>
          <TextLine ID="eSc_line_8e275c5a"
                    TAGREFS="LT8"
                    BASELINE="166 2149 1524 2125" 
                    HPOS="162"
                    VPOS="2024"
                    WIDTH="1362"
                    HEIGHT="175">
            <Shape><Polygon POINTS="166 2149 166 2181 215 2199 217 2199 219 2199 221 2199 261 2179 279 2169 459 2169 471 2173 491 2183 492 2183 494 2183 542 2171 562 2167 572 2171 631 2197 633 2197 635 2197 637 2197 718 2167 732 2163 784 2163 786 2165 801 2179 803 2179 805 2179 807 2179 809 2179 847 2163 849 2163 853 2163 918 2193 920 2193 922 2193 1288 2187 1290 2187 1354 2153 1421 2177 1423 2177 1425 2177 1427 2177 1471 2157 1494 2167 1496 2167 1498 2167 1500 2167 1502 2167 1524 2149 1524 2125 1520 2040 1441 2024 1439 2024 1437 2024 1435 2024 1417 2040 1407 2048 1354 2048 1344 2040 1328 2026 1326 2026 1324 2026 1292 2026 1290 2026 1288 2026 1241 2040 1207 2050 1166 2040 1134 2034 1132 2034 1130 2034 1128 2034 1120 2040 1108 2050 1092 2040 1075 2032 1073 2032 984 2032 982 2032 980 2032 958 2042 924 2058 821 2058 797 2048 795 2048 793 2048 694 2060 661 2042 655 2040 653 2040 651 2040 649 2040 643 2042 609 2062 510 2044 498 2042 496 2042 494 2042 492 2042 491 2044 461 2064 358 2044 352 2044 350 2044 162 2044 166 2149"/></Shape>
	    <String CONTENT="¶ Certes faulx Christz se esle¬"
                    HPOS="162"
                    VPOS="2024"
                    WIDTH="1362"
                    HEIGHT="175"
                    WC="0.9997037226153959"></String>
          </TextLine>
          <TextLine ID="eSc_line_074de66b"
                    TAGREFS="LT8"
                    BASELINE="158 2256 508 2256" 
                    HPOS="158"
                    VPOS="2181"
                    WIDTH="350"
                    HEIGHT="101">
            <Shape><Polygon POINTS="158 2256 158 2282 508 2274 508 2256 508 2199 433 2181 431 2181 253 2195 190 2181 188 2181 186 2181 158 2195 158 2256"/></Shape>
	    <String CONTENT="ueront."
                    HPOS="158"
                    VPOS="2181"
                    WIDTH="350"
                    HEIGHT="101"
                    WC="0.9970604181289673"></String>
          </TextLine>
          <TextLine ID="eSc_line_966339f4"
                    TAGREFS="LT8"
                    BASELINE="164 2357 1122 2339 1545 2337" 
                    HPOS="160"
                    VPOS="2262"
                    WIDTH="1382"
                    HEIGHT="116">
            <Shape><Polygon POINTS="163 2354 163 2378 1539 2357 1542 2336 1536 2262 160 2268 163 2354"/></Shape>
	    <String CONTENT="¶ Car generalemẽt il est ung seul Antechrist¬"
                    HPOS="160"
                    VPOS="2262"
                    WIDTH="1382"
                    HEIGHT="116"
                    WC="0.997674427602602"></String>
          </TextLine>
          <TextLine ID="eSc_line_e8d28ef0"
                    TAGREFS="LT8"
                    BASELINE="168 2436 1556 2423" 
                    HPOS="163"
                    VPOS="2357"
                    WIDTH="1390"
                    HEIGHT="110">
            <Shape><Polygon POINTS="166 2434 166 2467 1550 2452 1553 2422 1545 2357 163 2366 166 2434"/></Shape>
	    <String CONTENT="mais il a plusieͬs especes: cõe si nous disiõs:"
                    HPOS="163"
                    VPOS="2357"
                    WIDTH="1390"
                    HEIGHT="110"
                    WC="0.9993760914218669"></String>
          </TextLine>
          <TextLine ID="eSc_line_6c86892c"
                    TAGREFS="LT8"
                    BASELINE="160 2523 1559 2506" 
                    HPOS="154"
                    VPOS="2428"
                    WIDTH="1402"
                    HEIGHT="119">
            <Shape><Polygon POINTS="157 2520 157 2547 1553 2526 1556 2505 1547 2428 154 2449 157 2520"/></Shape>
	    <String CONTENT="il ne est generalemẽt q̃ une mensonge. Mais"
                    HPOS="154"
                    VPOS="2428"
                    WIDTH="1402"
                    HEIGHT="119"
                    WC="0.9997233883901075"></String>
          </TextLine>
          <TextLine ID="eSc_line_1d9c58c3"
                    TAGREFS="LT8"
                    BASELINE="174 2606 1286 2591 1577 2593" 
                    HPOS="169"
                    VPOS="2523"
                    WIDTH="1405"
                    HEIGHT="104">
            <Shape><Polygon POINTS="172 2603 172 2627 1571 2615 1574 2592 1571 2523 202 2523 199 2523 196 2523 169 2535 172 2603"/></Shape>
	    <String CONTENT="selon les differences de faulses doctrines/ on"
                    HPOS="169"
                    VPOS="2523"
                    WIDTH="1405"
                    HEIGHT="104"
                    WC="0.9987976395565531"></String>
          </TextLine>
          <TextLine ID="eSc_line_bbb3780c"
                    TAGREFS="LT8"
                    BASELINE="172 2690 1595 2668" 
                    HPOS="170"
                    VPOS="2600"
                    WIDTH="1425"
                    HEIGHT="123">
            <Shape><Polygon POINTS="172 2690 174 2723 207 2705 300 2705 413 2705 455 2719 457 2719 459 2719 461 2719 463 2719 465 2719 487 2703 546 2717 550 2717 552 2717 558 2717 625 2703 641 2715 641 2717 643 2717 645 2717 647 2719 689 2719 689 2717 690 2717 696 2715 734 2699 821 2713 829 2713 831 2713 833 2713 837 2713 865 2703 883 2711 887 2713 888 2713 890 2713 910 2711 976 2703 1029 2709 1051 2711 1053 2711 1055 2711 1063 2709 1094 2697 1259 2705 1302 2707 1304 2707 1306 2707 1312 2705 1348 2690 1417 2699 1419 2699 1518 2688 1540 2701 1542 2703 1544 2703 1546 2703 1548 2703 1595 2699 1595 2668 1591 2610 1530 2600 1528 2600 1526 2600 1506 2610 1500 2612 1492 2610 1471 2604 1469 2604 1467 2604 1431 2610 1409 2614 1389 2610 1350 2602 1348 2602 1346 2602 1344 2602 1334 2610 1332 2612 1320 2610 1255 2604 1253 2604 1251 2604 1225 2612 1207 2616 1185 2612 1154 2606 1152 2606 1150 2606 1148 2606 1140 2612 1134 2618 940 2622 920 2614 912 2610 910 2610 908 2610 879 2614 811 2624 726 2616 690 2612 689 2612 665 2616 627 2622 605 2616 597 2614 595 2614 593 2614 591 2614 586 2616 554 2628 451 2618 433 2616 431 2616 429 2616 425 2618 384 2630 170 2620 172 2690"/></Shape>
	    <String CONTENT="trouue estre plusieͬs mẽsonges. Car si une mẽ"
                    HPOS="170"
                    VPOS="2600"
                    WIDTH="1425"
                    HEIGHT="123"
                    WC="0.9875205133823638"></String>
          </TextLine>
          <TextLine ID="eSc_line_043ca3f2"
                    TAGREFS="LT8"
                    BASELINE="166 2773 1591 2749" 
                    HPOS="164"
                    VPOS="2682"
                    WIDTH="1427"
                    HEIGHT="120">
            <Shape><Polygon POINTS="166 2773 168 2802 209 2792 235 2802 237 2802 239 2802 241 2802 407 2800 425 2798 522 2787 665 2794 704 2796 706 2796 821 2792 1148 2779 1172 2787 1180 2789 1182 2789 1183 2789 1342 2787 1344 2787 1350 2783 1374 2773 1587 2779 1591 2749 1587 2694 1475 2682 1473 2682 1471 2682 1469 2682 1469 2684 1457 2694 1455 2696 1443 2696 1354 2684 1352 2684 1350 2684 1348 2684 1328 2696 1324 2697 1300 2697 1158 2688 1156 2688 1154 2688 1116 2699 1108 2701 1102 2699 1084 2692 1083 2692 1081 2692 995 2701 966 2703 940 2701 857 2694 855 2694 782 2703 754 2707 746 2703 732 2697 730 2697 728 2697 627 2705 580 2709 564 2707 522 2697 520 2697 451 2707 427 2713 164 2713 166 2773"/></Shape>
	    <String CONTENT="songe ne differe riẽs a lautre mensonge: asca¬"
                    HPOS="164"
                    VPOS="2682"
                    WIDTH="1427"
                    HEIGHT="120"
                    WC="0.9980457336344617"></String>
          </TextLine>
          <TextLine ID="eSc_line_9850705e"
                    TAGREFS="LT8"
                    BASELINE="160 2858 1572 2834" 
                    HPOS="158"
                    VPOS="2761"
                    WIDTH="1414"
                    HEIGHT="115">
            <Shape><Polygon POINTS="160 2858 160 2876 1572 2860 1572 2834 1566 2761 1506 2775 1486 2765 1484 2765 1431 2765 1348 2765 1346 2765 1344 2765 1342 2765 1340 2767 1320 2781 1219 2771 1217 2771 1160 2783 1116 2773 1098 2769 1096 2769 1094 2769 1092 2769 1092 2771 1088 2773 1075 2787 948 2787 934 2779 928 2773 926 2773 924 2773 861 2773 859 2773 857 2773 831 2781 805 2789 694 2785 548 2779 546 2779 544 2779 514 2789 500 2794 494 2791 485 2781 483 2781 481 2781 427 2781 425 2781 370 2792 354 2796 338 2794 273 2783 271 2783 269 2783 267 2783 249 2796 245 2800 158 2800 160 2858"/></Shape>
	    <String CONTENT="uoir de Basile/ ou de Marcion/ ou de Ualen¬"
                    HPOS="158"
                    VPOS="2761"
                    WIDTH="1414"
                    HEIGHT="115"
                    WC="0.9998690569123556"></String>
          </TextLine>
          <TextLine ID="eSc_line_6324563b"
                    TAGREFS="LT8"
                    BASELINE="158 2945 1158 2923 1552 2923" 
                    HPOS="156"
                    VPOS="2848"
                    WIDTH="1396"
                    HEIGHT="135">
            <Shape><Polygon POINTS="158 2945 158 2967 257 2983 259 2983 261 2983 291 2967 364 2981 366 2981 368 2981 392 2969 441 2977 443 2977 445 2977 473 2963 574 2977 576 2977 578 2977 613 2965 627 2975 629 2975 631 2975 633 2975 635 2975 637 2975 655 2963 671 2971 673 2971 675 2971 677 2971 702 2957 837 2957 888 2971 890 2971 892 2971 1049 2967 1051 2967 1114 2951 1191 2961 1193 2961 1195 2961 1197 2961 1197 2959 1209 2949 1286 2963 1288 2963 1415 2961 1417 2961 1451 2947 1508 2955 1510 2955 1512 2955 1552 2941 1552 2923 1550 2852 1322 2848 1320 2848 1318 2848 1298 2854 1277 2862 1243 2856 1233 2854 1231 2854 1201 2856 1090 2868 1017 2868 1003 2858 995 2854 993 2854 991 2854 989 2854 987 2854 985 2854 978 2860 962 2870 881 2870 855 2860 845 2858 843 2858 841 2858 823 2862 776 2874 704 2874 687 2864 677 2858 675 2858 673 2858 671 2858 649 2864 613 2874 522 2866 477 2862 475 2862 473 2862 471 2862 471 2864 467 2866 459 2874 449 2866 447 2864 445 2864 443 2864 368 2864 366 2864 364 2864 348 2868 306 2880 156 2872 158 2945"/></Shape>
	    <String CONTENT="tin/ ou de Apelles/ ou de q̃lque autre sẽblable,"
                    HPOS="156"
                    VPOS="2848"
                    WIDTH="1396"
                    HEIGHT="135"
                    WC="0.9922682703757773"></String>
          </TextLine>
        </TextBlock>
        <TextBlock HPOS="279"
                   VPOS="103"
                   WIDTH="1302"
                   HEIGHT="158"
                   ID="eSc_textblock_0520663d"
                   TAGREFS="BT18">
          <Shape><Polygon POINTS="279 103 279 261 1578 261 1581 103"/></Shape>
          <TextLine ID="eSc_line_dee69157"
                    TAGREFS="LT10"
                    BASELINE="308 237 718 223 1564 219" 
                    HPOS="306"
                    VPOS="118"
                    WIDTH="1258"
                    HEIGHT="151">
            <Shape><Polygon POINTS="1494 118 1475 118 1455 118 1435 118 1431 118 1399 138 1397 140 1229 140 1225 138 1201 118 1197 118 1178 118 1158 118 1138 118 1118 118 1098 118 1079 118 1071 118 1029 138 1021 144 916 144 912 140 892 122 892 120 890 120 888 120 841 120 839 120 837 120 805 136 750 120 748 120 746 120 744 120 704 140 692 146 687 140 671 126 671 124 669 124 667 124 665 124 663 124 613 140 611 140 607 140 552 122 550 122 548 122 508 124 506 124 504 124 485 140 477 144 445 140 336 124 334 124 332 124 306 136 308 237 308 253 372 263 374 263 508 253 584 269 586 269 675 259 687 269 689 269 690 269 692 269 754 267 756 267 758 267 782 251 823 263 825 263 827 263 896 249 926 265 928 265 930 267 1071 267 1071 265 1158 263 1160 263 1162 263 1183 247 1195 257 1197 257 1199 257 1201 257 1203 257 1237 247 1342 261 1344 261 1453 245 1475 259 1477 259 1478 259 1480 261 1528 261 1528 259 1530 259 1564 241 1564 219 1562 136 1530 118 1514 118"/></Shape>
	    <String CONTENT="De Antechrist. Cha.xxiiii."
                    HPOS="306"
                    VPOS="118"
                    WIDTH="1258"
                    HEIGHT="151"
                    WC="0.9991171566339639"></String>
          </TextLine>
        </TextBlock>
        <TextBlock HPOS="1646"
                   VPOS="139"
                   WIDTH="190"
                   HEIGHT="132"
                   ID="eSc_textblock_f0bce304"
                   TAGREFS="BT15">
          <Shape><Polygon POINTS="1646 139 1646 271 1836 271 1836 139"/></Shape>
          <TextLine ID="eSc_line_40bc925e"
                    TAGREFS="LT8"
                    BASELINE="1663 235 1824 231" 
                    HPOS="1654"
                    VPOS="127"
                    WIDTH="167"
                    HEIGHT="149">
            <Shape><Polygon POINTS="1660 234 1660 270 1815 276 1821 228 1815 136 1654 127 1660 234"/></Shape>
	    <String CONTENT="84)"
                    HPOS="1654"
                    VPOS="127"
                    WIDTH="167"
                    HEIGHT="149"
                    WC="0.9999976952870687"></String>
          </TextLine>
        </TextBlock>
        <TextBlock HPOS="1548"
                   VPOS="2107"
                   WIDTH="314"
                   HEIGHT="92"
                   ID="eSc_textblock_4d9e0ffd"
                   TAGREFS="BT13">
          <Shape><Polygon POINTS="1548 2107 1548 2199 1860 2198 1862 2107"/></Shape>
          <TextLine ID="eSc_line_ed4242c0"
                    TAGREFS="LT8"
                    BASELINE="1558 2169 1847 2165" 
                    HPOS="1556"
                    VPOS="2102"
                    WIDTH="291"
                    HEIGHT="87">
            <Shape><Polygon POINTS="1833 2108 1817 2102 1704 2112 1684 2110 1631 2102 1629 2102 1556 2116 1558 2169 1558 2189 1845 2187 1847 2165 1841 2108 1833 2108"/></Shape>
	    <String CONTENT="mat.24b"
                    HPOS="1556"
                    VPOS="2102"
                    WIDTH="291"
                    HEIGHT="87"
                    WC="0.9999979564121791"></String>
          </TextLine>
        </TextBlock>
        <TextBlock HPOS="1560"
                   VPOS="2273"
                   WIDTH="305"
                   HEIGHT="351"
                   ID="eSc_textblock_50aba122"
                   TAGREFS="BT13">
          <Shape><Polygon POINTS="1560 2273 1565 2365 1579 2405 1577 2493 1590 2547 1597 2624 1865 2623 1865 2273"/></Shape>
          <TextLine ID="eSc_line_60f99aef"
                    TAGREFS="LT8"
                    BASELINE="1572 2337 1855 2335" 
                    HPOS="1568"
                    VPOS="2253"
                    WIDTH="286"
                    HEIGHT="116">
            <Shape><Polygon POINTS="1571 2336 1571 2369 1851 2369 1854 2333 1845 2253 1568 2256 1571 2336"/></Shape>
	    <String CONTENT="Il nest q̃"
                    HPOS="1568"
                    VPOS="2253"
                    WIDTH="286"
                    HEIGHT="116"
                    WC="0.9444215178489686"></String>
          </TextLine>
          <TextLine ID="eSc_line_8ebacba1"
                    TAGREFS="LT8"
                    BASELINE="1586 2423 1857 2420" 
                    HPOS="1580"
                    VPOS="2351"
                    WIDTH="276"
                    HEIGHT="104">
            <Shape><Polygon POINTS="1583 2422 1583 2455 1854 2452 1856 2419 1848 2351 1580 2351 1583 2422"/></Shape>
	    <String CONTENT="ung gen"
                    HPOS="1580"
                    VPOS="2351"
                    WIDTH="276"
                    HEIGHT="104"
                    WC="0.9999669875417437"></String>
          </TextLine>
          <TextLine ID="eSc_line_59c91fbf"
                    TAGREFS="LT8"
                    BASELINE="1593 2506 1853 2503" 
                    HPOS="1589"
                    VPOS="2434"
                    WIDTH="262"
                    HEIGHT="104">
            <Shape><Polygon POINTS="1592 2505 1592 2526 1848 2538 1851 2500 1845 2440 1589 2434 1592 2505"/></Shape>
	    <String CONTENT="re de An"
                    HPOS="1589"
                    VPOS="2434"
                    WIDTH="262"
                    HEIGHT="104"
                    WC="0.9440338164567947"></String>
          </TextLine>
          <TextLine ID="eSc_line_42003527"
                    TAGREFS="LT8"
                    BASELINE="1603 2593 1827 2595" 
                    HPOS="1601"
                    VPOS="2520"
                    WIDTH="223"
                    HEIGHT="98">
            <Shape><Polygon POINTS="1601 2592 1601 2618 1824 2618 1824 2592 1824 2520 1601 2520 1601 2592"/></Shape>
	    <String CONTENT="techrist."
                    HPOS="1601"
                    VPOS="2520"
                    WIDTH="223"
                    HEIGHT="98"
                    WC="0.9999329249064127"></String>
          </TextLine>
        </TextBlock>
        <TextBlock HPOS="1259"
                   VPOS="2956"
                   WIDTH="298"
                   HEIGHT="93"
                   ID="eSc_textblock_fb788a6c"
                   TAGREFS="BT17">
          <Shape><Polygon POINTS="1259 2956 1259 3049 1557 3049 1557 2956"/></Shape>
          <TextLine ID="eSc_line_8d65f2c8"
                    TAGREFS="LT8"
                    BASELINE="1271 3014 1546 3010" 
                    HPOS="1269"
                    VPOS="2941"
                    WIDTH="277"
                    HEIGHT="115">
            <Shape><Polygon POINTS="1271 3014 1271 3056 1328 3056 1328 3054 1330 3054 1332 3054 1332 3052 1334 3052 1346 3040 1391 3048 1421 3052 1423 3052 1546 3038 1546 3010 1542 2959 1429 2941 1427 2941 1352 2959 1332 2943 1330 2943 1328 2943 1326 2943 1298 2945 1296 2945 1269 2959 1271 3014"/></Shape>
	    <String CONTENT="ce ne sera"
                    HPOS="1269"
                    VPOS="2941"
                    WIDTH="277"
                    HEIGHT="115"
                    WC="0.9829219281673431"></String>
          </TextLine>
        </TextBlock>
      </PrintSpace>
    </Page>
  </Layout>
</alto>
