2267 3563
1075 142 637 146 De Antechrist.

730 283 1382 124 ce ne sera tout que une mensonge. Mais silz

736 380 1384 104 mentent selon diuerses doctrines: ceulx qui se

738 459 1386 105 eslieuẽt sont plusieurs. Et ceulx certes sõt An

734 540 1382 111 techristz/ ⁊ tous ceulx qͥ apres sesleuerõt: mais

722 631 1394 107 cõme ceulx qͥ ont este des le cõmẽcemẽt du mõ¬

720 716 1384 103 de sainctz ꝓphetes annõceans les passions de

708 795 1406 103 Christ/ ⁊ puis apres ses gloires a uenir/ sont

714 878 1404 105 toꝰ au uray Christ ⁊ ne sõt q̃ dung: ainsi doibtz

732 958 1388 108 tu entẽdre q̃ selõ ung chascun faulx Christ/ il

746 1041 1364 109 y a plusieͬs faulx ꝓphetes. Parquoy dõc les

736 1122 1354 113 docteͬs de mẽsõge ne sõt pas dung seul/ mais

720 1213 1370 109 les faulx ꝓphetes de ung chascun appartien

706 1296 1384 105 nẽt a cest Antechrist/ duq̃l ilz preschẽt ⁊ ensei¬

722 1375 1364 109 gnẽt les faulses parolles cõe ueritables. Selõ

734 1456 1364 113 ce donc q̃ nous auõs dit/ ceulx qͥ chrestiẽnemẽt

736 1540 1360 108 enseignẽt la parolle sõt les ꝓphetes de Christ.

740 1623 1360 109 Mais ceulx qui preschẽt la faulse parolle de

738 1702 1368 113 Marcion ou de quelcun diceulx: ceulx sont

736 1789 1374 113 les prophetes de Antechrist/ ascauoir de celuy

738 1876 1384 111 qui est selon Marcion: cestadire/ selon la men

738 1961 1380 95 sõge que Marcion a introduict: ⁊ les autres

724 2044 1382 95 faulx prophetes sont prophetes de ceste men¬

744 2123 1348 107 sõge qui est selon Basile: ⁊ les autres de celuy

746 2207 1354 95 qͥ est selon Apelles. Sẽblablemẽt diras tu des

751 2295 1352 95 prescheͬs de toutes autres heresies. * Car tou¬

748 2378 1364 107 tes parolles persuasibles qui sont proferees

748 2458 1370 107 pour la deffense de Lantechrist: ce sont les si¬

748 2544 1367 98 gnes ⁊ ꝓdiges diceluy Antechrist. Toutes les

748 2621 1349 113 choses qui sont mises au deuãt par le serpẽt qͥ

748 2713 1352 89 est la plus fine de toutes les bestes de la terre/

734 2791 1376 108 ⁊ par le prince des Assyriẽs grãd en sens: ce sõt

734 2874 1378 128 signes ⁊ prodiges: affin q̃ aussi les esleuz/ sil

459 724 228 144 1.Pe.1.c

481 2226 238 164 Quelz

454 2363 273 122 sõt les si

451 2458 232 107 gnes et

448 2547 235 104 ꝓdiges

448 2630 276 98 de Lan¬

439 2701 268 137 techrist.

1734 2963 384 115 est possible/
