2267 3563
257 126 1297 182 De Antechrist. Cha.xxith.

156 269 1388 146 est possible/ soiẽt induictz en erreur. Mais cest

164 360 1362 128 une parolle de uehemẽce/ disant. Sid est posst

158 447 1358 123 ble. Car il na pas dit ne pronõce/ affin q̃ les

154 528 1382 125 esleuz soient enuoyez en erreur: mais il ueult

148 613 1386 127 mõ ftrer/ que souuẽt les parolles des hereticq̃s

154 694 1376 135 sont fort persuasibles ⁊ aussi puissãtes de es¬

151 780 1373 116 mounoir ceulx qͥ les escoutẽt sagemẽt. Mais

148 852 1367 133 cõe le sauueur nous p̃dict toutes choses:?ne

148 944 1367 145 sortons point au desert: ⁊ ne croyons point a

142 1024 1385 142 ceulx qͥ protestẽt que Christ soit aux maisõs.

160 1116 1367 116 Y Mais adioustons encore a ce q̃ nous auons

148 1187 1382 131 dit: q̃ toute parolle qui se proteste estre la ueri¬

148 1285 1385 119 te/ la ou nest pas la uerite/ soit enuers les gen

157 1356 1382 131 tilz/ soit enuers les barbares: ce est aucunemẽt

151 1445 1388 134 Antechrist uueillant seduire cõme sil estoit ue

148 1532 1388 124 rite/ ⁊ uueillãt separer de celuy qui a dit. Ie

160 1609 1405 130 suis la uerite. Pourtãt ne debuõs nous uoint

166 1692 1411 145 escouter a ceulx ðͥ diẽt  Uoicy Christ est icy¬

163 1766 1417 143 mais ilz ne le mõstrẽt pas en leglise laq̃lle est

160 1852 1408 152 plaie de L miere despuis oriẽt iusques en oe¬

157 1944 1396 140 cidẽt laq̃lle est plaine de uraye lumiere/ laq̃lle

160 2024 1382 131 est la colõne ⁊ le firmamẽt de uerite/ en laquel

164 2114 1396 124 le totalle est toute la uenue du filz de lhõme

157 2194 1390 121 di sãt a tous qui sont partout? Uoyci ie suis

172 2276 1394 127 auec uous tous les iours de la uie/ iusq̃s a la

169 2363 1390 137 cõsummation du siecle.UEt partout la ou se¬

170 2450 1415 129 ra son corps (lequel est selon la dispẽsation de

196 2531 1389 129 sapassion lequel est cheu poͬ ceste cause affin

180 2612 1417 133 qͥl reuieue ceulx qͥ sont tõbez) illec aussi ser ont

176 2697 1425 127 assemblees nõ pas toutes bestes/ mais les ai¬

188 2773 1397 138 gles qͥ sont ses discioles. Et considere quil na

184 2860 1390 144 pas dit. Partout la ou sera le corps/ la seront

1625 145 169 131 350

1539 843 264 119 fault cro

1622 700 184 175 It ne

1539 935 264 104 yre a ce¬

1547 1009 265 122 ulx qͥ di

1547 1110 265 98 sent que

1556 1172 259 116 christ est

1559 1264 259 110 auxmai

1559 1345 164 115 sons.

1580 1434 250 101 Toute

1562 1505 232 116 faulse

1583 1594 241 107 parolle

1592 1671 235 116 est Ante

1598 1766 181 101 christ.

1583 1840 238 119 Io.14.a

1571 1935 253 104 mar.13.c

1562 2004 280 124 1.tim̃.3.d

1565 2185 294 110 mat.28.d

1583 2348 279 116 mat.24c

1275 2947 289 113 assemblez
