2267 3563
1071 152 643 142 De Antechrist.

738 288 1386 129 assemblez les Uaultours ou les corbeaux:

732 382 1402 120 mais uueillãt mõstrer q̃ tous ceulx qͥ ont creu

732 465 1396 120 en la passion de Christ/ sont tous magnificq̃s

732 552 1392 107 ⁊ royalz: il a propremẽt dit. La ou le corps se¬

726 631 1253 123 ra/ la aussi seront les aigles assemblees.

710 736 1406 134 Miche.7.B. ¶ Garde toy de cel¬

742 843 1379 157 le qui couche auec toy/ ne croys poĩt

751 967 1361 140 a elle: car le filz faict contumelie au

732 1076 1366 145 pere: la fille se eslieue cõtre la mere/

710 1189 1394 147 la belle fille contre sa belle mere: les

710 1310 1404 152 ennemis de lhõme sont ses hommes

728 1417 556 146 domesticques.

926 1551 950 127 ¶ Hierosme sur Michee/ au .ui.

1033 1648 780 105 Tome/ au .uii. Chapitre.

742 1704 1352 142 ¶ Christ est le chief de tout hõme: ⁊ Christ est

732 1805 1374 124 le chief de leglise/ ceulx qͥ sont estimez estre en

736 1888 1379 122 sa maison/ cestadire en leglise/ sont souuẽt ses

736 1968 1373 119 ennemis: ⁊ est uerite quilz ne se partent point

724 2054 1367 131 du chief/ mais contredient a leur chief: lesq̃lz

724 2131 1367 125 sans le maistre/ ⁊ sans la grace du seigñr pro¬

745 2223 1346 116 mettant selon leur iugement la sciẽce des escri

742 2307 1352 109 ptures/ sont enflez/ si ne scaiuẽt riẽs: ⁊ lãguis¬

730 2384 1367 116 sent autour des q̃stions ⁊ des cõtentiõs et des

730 2470 1367 116 estrifz de parolles: lesq̃lz urayemẽt eulx estãs

722 2557 1372 121 en la maison/ sont ennemis de uerite. Mais

716 2640 1384 119 nous debuons scauoir que quasi les mesmes

718 2725 1390 113 parolles sont en leuangile/ que maintenant

712 2812 1398 115 nous auõs leut au ꝓphete: ⁊ selon le texte de

710 2889 1388 135 ce passaige icy ont autre sens: lesquelles pa¬

484 843 229 133 Selon

436 944 300 127 les .lxx.

431 1047 303 87 interpre¬

437 1132 222 91 teurs.

443 1379 269 95 mat.10.c

451 1695 276 128 ephe.5.e.

442 1861 268 125 Aucuns

442 1959 274 110 de ceulx

445 2042 262 113 qͥ sont en

439 2119 217 116 leglise

445 2206 282 104 sentẽt cõ

439 2283 285 124 tre legli¬

460 2369 95 119 se.

439 2452 282 125 1.tim̃.6a

1892 3000 196 95 rolles
