2267 3563
269 146 1291 137 De Antechrist. Cha.xxiiii.

152 275 1402 109 rolles ascauoir si elles sont prinses du prophe

160 370 1382 103 te/ ou cõmandee par propre auctorite/ ce est au

166 451 1370 115 seigneur a cõgnoistre/ lequel a parle ⁊ par les

154 534 1378 113 prophetes ⁊ par les euãgelistes. Mais le seigͬ

148 626 1394 101 dit en ce passaige. * Ie suis uenu pour diuiser

139 694 1397 107 lhõme cõtre son pere/ ⁊ la fille cõtre sa mere/ et

154 777 1376 110 la belle fille cõtre sa belle mere: ⁊ les ennemis

151 869 1376 107 de lhõme serõt ses domesticques. Parquoy ces

145 947 1382 115 choses bien distinguees (si touteffoys nous

142 1033 1385 110 auons peu attaindre le sens des escriptures)

146 1116 1392 113 lhõme sainct entẽdãt la charite estre refroidee

148 1201 1396 105 ⁊ que les hõmes en la cõsummation du mõde

146 1288 1402 107 ne sont point amateurs de dieu: mais de eulx

148 1373 1408 105 mesmes/ ⁊ que en croyant aux autres amis ⁊

148 1452 1400 99 conducteurs ⁊ a leurs femmes/ le filz ⁊ la fil¬

152 1532 1408 105 le ⁊ la belle fille se eslieuent contre le pere ⁊ la

148 1617 1431 101 mere ⁊ la belle mere: cestuy uoyant ce il croit

152 1704 1433 111 au seigneur: ⁊ toute sa cõtemplation est en son

164 1781 1431 113 dieu: ⁊ combien quil soit oppresse par les tri¬

154 1864 1431 109 bulatiõs ⁊ oppressiõs du monde: toutesfoys il

151 1938 1399 131 na fiance en nul/ sinon en celuy qui dit. * Ne

154 2034 1402 113 craignez point/ ie ay uaincu le mõde: ⁊ attend

156 2121 1412 109 dieu son sauueur: ⁊ croyãt en luy/ ⁊ adressant

162 2205 1404 112 tousioͬs ses yeulx a luy/ il espere destre exau

162 2290 1186 109 ce toutes les foys quil le inuocquera.

358 2369 1045 109 ¶ Chrysostome/ au .uii. Tome sur

382 2454 996 109 sainct Matthieu/ en la .xxxiiii.

473 2541 794 95 homelie/ au .xx. chapitre.

184 2600 1405 137 ¶ Mes petis enfans/ la derniere heure est ue¬

172 2699 1427 111 nue. Et lapostre dit que maintenant aucune

174 2785 1403 103 partie de la douziesme heure est passee/ ainsi.

190 2868 1369 127 * Car nostre salut est plus pres/ que nous ne

1672 151 143 169 351

1568 587 256 131 Mat.10.

1556 697 268 107 Les enne

1550 786 226 101 mis de

1553 861 265 106 lhõe sõt

1553 962 268 92 ses dome

1556 1039 256 118 sticques.

1574 1926 262 140 Ioã.16.g

1607 2589 217 142 1.Io.2.c

1586 2850 229 169 Ro.13.d

1286 2957 284 119 le auons
