2267 3563
1094 146 652 137 De Antechrist.

746 283 1394 114 le auõs creu. Ascauoir il estoit lheure de unze

752 370 1384 120 heure. Maintenãt en nostre tẽps sil ne est pas

750 455 1392 117 la douziesme heure entiere/ sans doubte il ne

748 536 1384 127 sen fault gueres. Nous sommes en la douzies

748 629 1385 119 me heure. * Dequoy lestime tu? pource que la

739 703 1382 122 clarte de iustice est desia retiree du mõde: mais

736 795 1391 113 aussi le soleil a rappelle les rais de graces en

727 866 1403 125 les recueillant en soy ⁊ la couleur noire diniqͥ

734 960 1402 108 te ou de mẽsonges a couuert toute la terre cõe

748 1041 1376 113 une nuict obscure: quest ce/ sinon q̃ desia aussi

744 1124 1370 113 ceste douziesme heure se termine? Tu uoys

728 1207 1396 121 partout des tenebres/ ⁊ si doubte q̃ le iour est

724 1288 1410 111 passe. Mesme aussi quant le iour decline a fi¬

738 1375 1388 109 ner lobscurite se faict p̃mier es uallees. Quãt

748 1458 1368 109 dõc tu uerras les mõtaignes estre obscurcies:

750 1538 1360 112 qͥ doubte q̃ alors la nuict soit uenue? Ainsi pre

748 1625 1360 110 mieremẽt lobscurite des pechez cõme a auoir

750 1704 1344 117 puissance aux seculiers ⁊ aux gens laiz.

760 1778 1367 125 * Mais quãt maintenãt tu uoys q̃ liniqͥte te¬

757 1867 1358 125 nebreuse a cõprins les p̃stres mis tout au plꝰ

751 1947 1370 125 hault des dignitez spirituelles/ lesq̃lz sont ap

739 2036 1364 128 pellez mõtaignes ⁊ mõtaignettes: cõmẽt doub

742 2122 1195 122 teroit on: que ce ne fust la fin du monde?

829 2220 1188 127 ¶ Chrysostome au premier Tome sur

885 2310 1085 124 sainct Matthieu/ en la .xluii. Ho¬

1003 2395 836 108 melie sur le .xiii. chap̃.D.

763 2461 1355 178 ¶ Laissez croistre lung ⁊ lautre ius¬

742 2608 808 135 ques a la moisson ⁊c.

748 2707 1358 123 ¶ Et le seigneur le deffend/ affin par aduẽtu¬

740 2796 1368 115 re qͥlz ne arrachent ensemble auec les zizanies

740 2876 1358 126 lherbe du froment: laq̃lle chose il disoit/ affin

469 611 252 134 La der¬

463 709 264 119 niere heu

460 807 261 113 re est ue¬

473 894 134 106 nue.

460 1781 273 134 Le signe

451 1876 288 104 tres cer¬

448 1956 262 116 tain/ du

448 2051 223 86 dernier

454 2122 229 119 temps.

457 2491 282 160 mat.13.d

1728 2965 392 113 de deffendre
