2267 3563
150 279 1392 118 de deffendre les batailles de sãg. Car si les He¬

160 376 1368 97 reticques estoient mis a mort sans abiance de

164 453 1360 105 poix/ la guerre seroit faicte au mõde sãs tref¬

160 538 1374 101 ues. Parquoy il le deffendit pour deux rai¬

156 621 1372 101 sons. Lune pourtãt que peu ilz nuysoiẽt aux

150 702 1370 103 fromẽtz: lautre/ que sil ne se guerissoient/ ilz

150 787 1376 99 ne eschapperoient point les tormentz eternelz.

150 865 1372 110 Parquoy si uoꝰ les uoulez aussi punir/ ⁊ nul

145 947 1370 104 lement nuyre aux fromentz: il uous fault at¬

148 1036 1367 98 tendre la conuenable opportunite du temps.

145 1107 1373 104 Mais il ne deffẽd point de dissiper les ꝯsistoi¬

145 1193 1373 116 res des he reticq̃s ⁊ les cõseilz/ ⁊ de leur fermer

148 1279 1376 110 les bouches/ ⁊ de resequer la liberte de parler:

148 1356 1385 116 mais deffẽd de les occir/ ⁊ d les mettre a mort.

160 1523 1370 181 ¶ De la persecutiõ des

279 1678 1176 135 Chrestiens/ ⁊ de la fuyte au

405 1797 971 123 temps des Arriãs Here¬

409 1914 907 126 ticqules. Cha.xxb.

524 2030 646 129 ¶ Hiere.51.A.

469 2128 1087 158 Uyez uous du milieu de Ba

484 2250 1061 155 bilone affin que ung chascũ

490 2369 582 142 sauue son ame.

174 2494 1405 136 Ezechie.22. C. ¶ Uoicy iay frap¬

180 2612 1409 125 pe ensẽble mes mains sur ton auari¬

178 2727 1407 131 ce que tu as faict/ ⁊ sur le sang qui

184 2844 1370 142 est respandu au milieu de toy. Ton

340 134 1081 147 De la fuyte. Cha.xxu.

1560 162 152 136 S2

1530 935 264 119 Il ne est

1530 1033 267 119 pas deffẽ

1527 1119 273 110 du de re¬

1527 1220 246 89 prendre

1550 1282 256 101 les here¬

1547 1374 268 104 ticques:

1524 1472 309 93 mais de

1554 1549 279 113 les tuer.

187 2137 291 371 C

1180 2967 382 107 oreur pourra
