<?xml version="1.0" encoding="UTF-8"?>
<alto xmlns:xsi="http://www.w3.org/2001/XMLSchema-instance"
      xmlns="http://www.loc.gov/standards/alto/ns-v4#"
      xsi:schemaLocation="http://www.loc.gov/standards/alto/ns-v4# http://www.loc.gov/standards/alto/v4/alto-4-2.xsd">
  <Description>
    <MeasurementUnit>pixel</MeasurementUnit>
    <sourceImageInformation>
      <fileName>287_65c70_default.jpg</fileName>
      <fileIdentifier>https://www.e-rara.ch/i3f/v20/4106445/full/full/0/default.jpg</fileIdentifier>
    </sourceImageInformation>
  </Description>
  <Tags>
    <OtherTag ID="BT8" LABEL="DamageZone" DESCRIPTION="block type DamageZone"/><OtherTag ID="BT10" LABEL="DropCapitalZone" DESCRIPTION="block type DropCapitalZone"/><OtherTag ID="BT11" LABEL="GraphicZone" DESCRIPTION="block type GraphicZone"/><OtherTag ID="BT12" LABEL="MainZone" DESCRIPTION="block type MainZone"/><OtherTag ID="BT13" LABEL="MarginTextZone" DESCRIPTION="block type MarginTextZone"/><OtherTag ID="BT15" LABEL="NumberingZone" DESCRIPTION="block type NumberingZone"/><OtherTag ID="BT17" LABEL="QuireMarksZone" DESCRIPTION="block type QuireMarksZone"/><OtherTag ID="BT18" LABEL="RunningTitleZone" DESCRIPTION="block type RunningTitleZone"/><OtherTag ID="BT20" LABEL="StampZone" DESCRIPTION="block type StampZone"/><OtherTag ID="BT21" LABEL="TableZone" DESCRIPTION="block type TableZone"/><OtherTag ID="BT22" LABEL="TitlePageZone" DESCRIPTION="block type TitlePageZone"/>
    <OtherTag ID="LT8" LABEL="DefaultLine" DESCRIPTION="line type DefaultLine"/><OtherTag ID="LT9" LABEL="DropCapitalLine" DESCRIPTION="line type DropCapitalLine"/><OtherTag ID="LT10" LABEL="HeadingLine" DESCRIPTION="line type HeadingLine"/><OtherTag ID="LT11" LABEL="InterlinearLine" DESCRIPTION="line type InterlinearLine"/><OtherTag ID="LT311" LABEL="default" DESCRIPTION="line type default"/>
  </Tags>
  <Layout>
    <Page WIDTH="2267"
          HEIGHT="3563"
          PHYSICAL_IMG_NR="287"
          ID="eSc_dummypage_">
      <PrintSpace HPOS="0"
                  VPOS="0"
                  WIDTH="2267"
                  HEIGHT="3563">
        <TextBlock HPOS="689"
                   VPOS="291"
                   WIDTH="1476"
                   HEIGHT="2717"
                   ID="eSc_textblock_4debc2c1"
                   TAGREFS="BT12">
          <Shape><Polygon POINTS="689 291 693 2689 910 2902 1120 3008 1743 2997 2017 2833 2129 2621 2165 295"/></Shape>
          <TextLine ID="eSc_line_db4f8bf6"
                    TAGREFS="LT8"
                    BASELINE="736 395 2128 382" 
                    HPOS="734"
                    VPOS="288"
                    WIDTH="1394"
                    HEIGHT="133">
            <Shape><Polygon POINTS="2120 298 2041 288 2039 288 2037 288 1995 300 1983 304 1932 302 1821 296 1819 296 1764 304 1748 306 1744 304 1720 292 1718 292 1716 292 1714 292 1682 306 1676 308 1671 306 1641 292 1639 292 1542 292 1540 292 1538 292 1480 308 1473 310 1471 308 1449 294 1447 294 1445 294 1330 294 1328 294 1205 296 1203 296 1166 312 1094 298 1092 298 1090 298 1055 314 1055 316 912 316 896 304 894 304 892 304 890 304 888 304 857 314 815 300 813 300 811 300 809 300 807 300 782 318 734 318 734 322 736 395 742 419 748 411 778 419 791 421 793 421 898 417 1057 409 1067 413 1075 419 1077 419 1079 419 1081 419 1124 413 1166 407 1225 411 1308 417 1310 417 1312 417 1332 409 1344 405 1395 409 1494 415 1496 415 1625 405 1647 403 1649 403 1659 413 1661 413 1663 413 1665 413 1722 403 1736 401 1766 401 1924 411 1926 411 1928 411 1954 399 1958 399 2067 409 2069 409 2128 395 2128 382 2124 302 2120 298"/></Shape>
	    <String CONTENT="cueur poͬra il soustenir/ ou tes maĩs"
                    HPOS="734"
                    VPOS="288"
                    WIDTH="1394"
                    HEIGHT="133"
                    WC="0.9891809695645383"></String>
          </TextLine>
          <TextLine ID="eSc_line_ed4f19b0"
                    TAGREFS="LT8"
                    BASELINE="738 510 2130 498" 
                    HPOS="736"
                    VPOS="409"
                    WIDTH="1394"
                    HEIGHT="141">
            <Shape><Polygon POINTS="738 510 738 548 776 550 778 550 780 550 782 550 784 548 807 532 892 542 894 542 950 532 989 544 991 544 993 544 995 544 1025 530 1187 530 1237 542 1251 546 1253 546 1255 546 1532 544 1534 544 1548 538 1570 528 1587 538 1595 544 1597 544 1599 544 1601 544 1700 542 1702 542 1716 536 1740 526 2128 530 2130 498 2126 431 1966 425 1934 409 1932 409 1896 409 1894 409 1892 409 1890 409 1869 429 1863 431 1779 427 1637 421 1635 421 1633 421 1621 427 1613 431 1605 427 1587 413 1585 413 1583 413 1524 413 1522 413 1520 413 1488 425 1469 435 1417 435 1397 425 1383 415 1381 415 1379 415 1378 415 1376 415 1350 425 1320 435 1255 423 1203 415 1201 415 1199 415 1197 415 1187 423 1168 437 1079 423 1041 417 1039 417 1037 417 1025 423 991 437 968 421 966 419 964 419 962 419 960 419 958 419 956 419 954 421 930 441 877 441 835 421 831 419 829 419 827 419 736 419 738 510"/></Shape>
	    <String CONTENT="serontelles les plus fortes es iours"
                    HPOS="736"
                    VPOS="409"
                    WIDTH="1394"
                    HEIGHT="141"
                    WC="0.9997800985972086"></String>
          </TextLine>
          <TextLine ID="eSc_line_b361bcd6"
                    TAGREFS="LT8"
                    BASELINE="734 629 1508 619" 
                    HPOS="732"
                    VPOS="532"
                    WIDTH="776"
                    HEIGHT="135">
            <Shape><Polygon POINTS="734 629 734 645 793 665 795 665 797 667 883 667 883 665 885 665 887 665 918 645 1021 663 1023 663 1025 663 1027 663 1027 661 1047 643 1100 657 1102 657 1104 657 1106 657 1132 643 1211 653 1213 653 1269 641 1288 657 1288 659 1290 659 1292 659 1294 661 1330 661 1330 659 1332 659 1383 639 1469 657 1471 657 1473 657 1475 657 1508 637 1508 619 1502 546 1376 548 1374 548 1352 532 1350 532 1348 532 1346 532 1344 532 1277 550 1265 552 1253 550 1209 538 1207 538 1205 538 1203 538 1176 552 1170 556 1114 556 1110 552 1079 536 1077 536 1075 536 1073 536 1071 536 1071 538 1055 554 1053 556 1019 556 1017 554 999 540 999 538 997 538 995 538 960 538 958 538 956 538 954 538 954 540 938 554 928 546 928 544 926 544 924 544 922 544 920 544 894 554 869 540 867 540 768 540 766 540 764 540 732 556 734 629"/></Shape>
	    <String CONTENT="lesquelz ie te feray?"
                    HPOS="732"
                    VPOS="532"
                    WIDTH="776"
                    HEIGHT="135"
                    WC="0.998295613697597"></String>
          </TextLine>
          <TextLine ID="eSc_line_c4d85cda"
                    TAGREFS="LT8"
                    BASELINE="718 748 2110 738" 
                    HPOS="716"
                    VPOS="637"
                    WIDTH="1394"
                    HEIGHT="146">
            <Shape><Polygon POINTS="2102 639 1898 659 1851 643 1829 637 1827 637 1825 637 1823 637 1795 645 1738 661 1708 647 1692 639 1690 639 1688 639 1651 647 1621 655 1595 649 1552 639 1550 639 1445 653 1433 653 1425 653 1332 641 1330 641 1328 641 1292 655 1269 667 1136 667 1114 659 1084 651 1083 651 1081 651 1079 651 1051 661 1039 665 1013 661 908 647 906 647 904 647 853 665 847 667 841 665 789 647 788 647 786 647 784 647 716 665 718 748 718 764 789 781 791 783 995 783 995 781 997 781 1041 768 1069 758 1223 758 1247 768 1263 775 1265 775 1267 775 1269 775 1292 768 1336 756 1439 756 1469 770 1477 773 1478 773 1480 773 1482 773 1490 770 1516 758 1546 768 1548 768 1550 768 1671 754 1722 771 1734 775 1736 775 1738 775 1740 775 1752 771 1797 756 1851 770 1853 770 1855 770 1948 756 1977 771 1979 771 1981 771 1983 771 2013 764 2106 773 2110 738 2104 641 2102 639"/></Shape>
	    <String CONTENT="Ezechi.22. E. ¶ La coniuration"
                    HPOS="716"
                    VPOS="637"
                    WIDTH="1394"
                    HEIGHT="146"
                    WC="0.9992339789867402"></String>
          </TextLine>
          <TextLine ID="eSc_line_f710a264"
                    TAGREFS="LT8"
                    BASELINE="708 863 1348 853 2118 857" 
                    HPOS="706"
                    VPOS="762"
                    WIDTH="1412"
                    HEIGHT="136">
            <Shape><Polygon POINTS="708 863 708 880 742 894 744 894 746 894 748 894 750 894 764 882 772 882 837 882 873 896 875 896 877 898 1140 898 1140 896 1219 884 1239 882 1257 884 1300 892 1302 892 1304 892 1322 886 1336 880 1379 886 1443 894 1445 894 1496 886 1538 880 1585 888 1631 894 1633 896 1817 896 1817 894 1819 894 1829 888 1849 878 1916 878 2116 890 2118 857 2116 785 2076 785 2076 783 2039 762 2037 762 2035 762 2033 762 2031 762 1985 783 1932 762 1930 762 1928 762 1853 764 1851 764 1849 764 1821 783 1817 787 1726 787 1724 783 1700 764 1698 764 1696 764 1623 764 1621 764 1619 764 1574 781 1362 764 1360 764 1358 764 1318 783 1308 787 1294 783 1267 775 1265 775 1263 775 1197 781 1176 768 1174 768 1172 768 1170 768 1168 768 1122 783 1100 766 1098 766 1096 766 1094 766 1092 766 1045 783 1037 785 1023 783 991 777 989 777 987 777 985 777 980 783 974 789 801 789 793 783 772 766 770 766 768 766 766 766 764 766 706 781 708 863"/></Shape>
	    <String CONTENT="des prophetes est au milieu dicelle."
                    HPOS="706"
                    VPOS="762"
                    WIDTH="1412"
                    HEIGHT="136"
                    WC="0.9873474753565259"></String>
          </TextLine>
          <TextLine ID="eSc_line_0851bb7b"
                    TAGREFS="LT8"
                    BASELINE="750 975 2124 971" 
                    HPOS="748"
                    VPOS="880"
                    WIDTH="1376"
                    HEIGHT="123">
            <Shape><Polygon POINTS="750 975 750 1003 932 1001 934 1001 936 1001 948 991 993 999 995 999 997 999 1025 987 1081 997 1083 997 1176 989 1211 1001 1213 1001 1215 1001 1336 987 1391 999 1393 999 1395 999 1437 985 1492 995 1494 995 1496 995 1522 985 1682 985 1764 999 1766 999 1872 989 2120 999 2124 971 2120 896 2029 896 2029 894 2013 882 2013 880 2011 880 2009 880 1960 880 1958 880 1956 880 1954 880 1932 894 1932 896 1805 896 1805 894 1764 880 1762 880 1760 880 1645 892 1627 880 1625 880 1623 880 1621 880 1619 880 1617 880 1601 894 1599 896 1530 896 1528 894 1490 880 1488 880 1486 880 1411 892 1312 882 1310 882 1308 882 1263 894 1251 896 1231 894 1148 882 1146 882 1144 882 1110 894 1100 896 1090 894 1051 882 1049 882 1047 882 1045 882 1009 894 1001 896 993 894 972 884 970 884 968 884 916 894 898 898 859 898 853 894 837 882 835 882 833 882 831 882 748 892 750 975"/></Shape>
	    <String CONTENT="Ilz ont deuore les ames cõme ung"
                    HPOS="748"
                    VPOS="880"
                    WIDTH="1376"
                    HEIGHT="123"
                    WC="0.9999405958435752"></String>
          </TextLine>
          <TextLine ID="eSc_line_a880a6c8"
                    TAGREFS="LT8"
                    BASELINE="738 1084 2116 1088" 
                    HPOS="736"
                    VPOS="989"
                    WIDTH="1380"
                    HEIGHT="137">
            <Shape><Polygon POINTS="738 1084 736 1098 843 1122 845 1122 974 1116 976 1116 978 1116 993 1104 1017 1122 1019 1122 1021 1122 1023 1122 1025 1122 1079 1108 1094 1122 1096 1122 1098 1122 1100 1124 1140 1124 1140 1122 1142 1122 1174 1106 1182 1102 1284 1102 1290 1106 1310 1122 1312 1122 1314 1122 1316 1122 1318 1122 1320 1122 1342 1108 1352 1102 1370 1108 1393 1116 1395 1116 1397 1116 1459 1110 1508 1104 1528 1110 1568 1124 1570 1124 1572 1124 1574 1124 1576 1124 1593 1112 1607 1104 1720 1104 1732 1114 1744 1124 1746 1124 1748 1124 1750 1124 1803 1114 1817 1112 1821 1114 1831 1124 1833 1124 1835 1124 1837 1126 1910 1126 1910 1124 1912 1124 1914 1124 1924 1116 1940 1104 1977 1118 1999 1124 2001 1124 2003 1124 2114 1118 2116 1088 2116 1011 2080 991 2078 991 2029 991 2027 991 2025 991 2023 991 1995 1011 1983 1019 1801 1019 1789 1011 1785 1007 1783 1007 1781 1007 1779 1007 1762 1011 1734 1017 1726 1011 1700 991 1698 991 1696 991 1498 991 1496 991 1494 991 1431 1009 1409 1017 1296 1017 1282 1009 1261 999 1259 999 1257 999 1255 999 1223 1009 1205 1015 1199 1009 1176 989 1174 989 1172 989 1079 989 1077 989 1075 989 1031 1009 1019 1015 1009 1009 997 1001 995 1001 993 1001 991 1001 989 1001 974 1009 960 1015 871 1015 861 1009 819 989 817 989 815 989 738 1007 738 1084"/></Shape>
	    <String CONTENT="lion rugissant ⁊ rauissãt laproye: ilz"
                    HPOS="736"
                    VPOS="989"
                    WIDTH="1380"
                    HEIGHT="137"
                    WC="0.993604200008588"></String>
          </TextLine>
          <TextLine ID="eSc_line_773430aa"
                    TAGREFS="LT8"
                    BASELINE="724 1201 2102 1205" 
                    HPOS="722"
                    VPOS="1110"
                    WIDTH="1380"
                    HEIGHT="127">
            <Shape><Polygon POINTS="724 1201 722 1225 987 1233 989 1233 991 1233 1021 1225 1037 1221 1041 1225 1051 1233 1053 1233 1055 1233 1057 1233 1059 1233 1081 1225 1096 1219 1148 1225 1219 1233 1221 1233 1223 1233 1225 1233 1225 1231 1233 1225 1241 1219 1364 1219 1376 1225 1391 1233 1393 1233 1395 1233 1441 1223 1449 1223 1459 1223 1536 1235 1538 1235 1605 1223 1621 1221 1631 1223 1665 1235 1667 1235 1669 1235 1740 1223 1752 1221 1756 1223 1770 1235 1772 1235 1774 1235 1775 1237 1835 1237 1835 1235 1837 1235 1865 1223 1869 1221 1871 1223 1886 1235 1888 1235 1890 1235 1892 1235 1960 1223 1962 1223 2007 1235 2009 1235 2011 1235 2100 1221 2102 1205 2100 1114 2045 1112 2043 1112 2041 1112 2033 1114 1970 1134 1831 1134 1762 1116 1736 1112 1734 1112 1700 1118 1655 1126 1639 1118 1629 1114 1627 1114 1625 1114 1623 1114 1621 1114 1617 1118 1609 1126 1591 1118 1574 1112 1572 1112 1570 1112 1473 1120 1467 1120 1465 1120 1413 1110 1411 1110 1409 1110 1407 1110 1389 1122 1379 1128 1372 1122 1358 1110 1356 1110 1354 1110 1352 1110 1290 1122 1259 1128 1233 1124 1166 1110 1164 1110 1162 1110 1160 1110 1142 1124 1134 1130 1053 1130 1045 1126 1025 1112 1023 1112 1021 1112 1019 1112 1017 1112 968 1126 952 1130 724 1130 724 1201"/></Shape>
	    <String CONTENT="ont prins les richesses ⁊ la proye: et"
                    HPOS="722"
                    VPOS="1110"
                    WIDTH="1380"
                    HEIGHT="127"
                    WC="0.9966855190302196"></String>
          </TextLine>
          <TextLine ID="eSc_line_099f67cd"
                    TAGREFS="LT8"
                    BASELINE="714 1320 2102 1320" 
                    HPOS="714"
                    VPOS="1223"
                    WIDTH="1388"
                    HEIGHT="128">
            <Shape><Polygon POINTS="714 1320 714 1342 764 1338 780 1344 797 1349 799 1349 801 1349 803 1349 805 1349 815 1344 827 1336 888 1344 936 1349 938 1349 940 1349 942 1349 950 1344 960 1336 1021 1336 1075 1346 1106 1349 1108 1349 1110 1349 1124 1346 1160 1334 1209 1346 1229 1349 1231 1349 1233 1349 1247 1346 1286 1334 1463 1334 1500 1348 1508 1349 1510 1349 1512 1349 1514 1349 1522 1348 1562 1334 1625 1334 1698 1348 1708 1349 1710 1349 1712 1349 1718 1348 1764 1334 1785 1349 1787 1349 1789 1349 1791 1351 1853 1351 1853 1349 1855 1349 1857 1349 1888 1334 1912 1349 1914 1349 1916 1349 1918 1349 1920 1349 1922 1349 1975 1336 2100 1349 2102 1320 2102 1233 2051 1223 2049 1223 2047 1223 2027 1233 2007 1245 1920 1245 1906 1233 1894 1223 1892 1223 1890 1223 1888 1223 1817 1235 1809 1235 1801 1235 1706 1223 1704 1223 1702 1223 1667 1235 1657 1239 1647 1237 1615 1223 1613 1223 1611 1223 1609 1223 1607 1223 1607 1225 1593 1237 1591 1237 1574 1229 1572 1229 1570 1229 1568 1229 1540 1237 1518 1243 1510 1237 1492 1223 1490 1223 1488 1223 1447 1223 1445 1223 1372 1239 1348 1243 1338 1239 1304 1223 1302 1223 1300 1223 1298 1223 1296 1223 1275 1239 1269 1243 1209 1239 1065 1231 1063 1231 1061 1231 1035 1241 1031 1243 1027 1241 987 1223 985 1223 922 1223 920 1223 918 1223 871 1241 714 1243 714 1320"/></Shape>
	    <String CONTENT="ont faict grand nõbre de uefues au"
                    HPOS="714"
                    VPOS="1223"
                    WIDTH="1388"
                    HEIGHT="128"
                    WC="0.9981223549161639"></String>
          </TextLine>
          <TextLine ID="eSc_line_99350269"
                    TAGREFS="LT8"
                    BASELINE="722 1435 2102 1435" 
                    HPOS="722"
                    VPOS="1342"
                    WIDTH="1380"
                    HEIGHT="132">
            <Shape><Polygon POINTS="722 1435 722 1462 795 1472 797 1472 799 1472 801 1472 813 1462 827 1454 940 1454 956 1462 976 1472 978 1472 980 1474 1298 1474 1298 1472 1300 1472 1334 1458 1346 1454 1419 1454 1429 1458 1461 1472 1463 1472 1465 1474 1599 1474 1599 1472 1601 1472 1603 1472 1629 1456 1635 1454 1696 1454 1702 1456 1732 1472 1734 1472 1736 1472 1835 1454 1843 1454 1920 1454 2039 1454 2065 1466 2067 1466 2069 1466 2070 1466 2102 1452 2102 1435 2102 1365 1934 1365 1922 1353 1920 1353 1918 1353 1916 1353 1914 1353 1912 1353 1896 1365 1722 1365 1688 1342 1686 1342 1684 1342 1585 1342 1583 1342 1581 1342 1579 1342 1552 1365 1439 1365 1312 1342 1310 1342 1308 1342 1267 1361 1233 1342 1231 1342 1229 1342 1227 1342 1102 1357 1077 1342 1075 1342 1073 1342 1009 1342 1007 1342 1005 1342 930 1363 902 1346 900 1346 898 1346 825 1342 823 1342 722 1363 722 1435"/></Shape>
	    <String CONTENT="milieu dicelle. Ses prestres ont con¬"
                    HPOS="722"
                    VPOS="1342"
                    WIDTH="1380"
                    HEIGHT="132"
                    WC="0.9995542458585791"></String>
          </TextLine>
          <TextLine ID="eSc_line_22c6659a"
                    TAGREFS="LT8"
                    BASELINE="738 1549 2100 1549" 
                    HPOS="738"
                    VPOS="1458"
                    WIDTH="1362"
                    HEIGHT="119">
            <Shape><Polygon POINTS="738 1549 738 1561 772 1575 774 1575 776 1575 855 1563 1120 1563 1162 1575 1164 1575 1166 1577 1267 1577 1267 1575 1269 1575 1306 1563 1397 1563 1415 1575 1417 1575 1419 1575 1421 1577 1538 1577 1538 1575 1540 1575 1570 1563 1619 1575 1621 1575 1623 1575 1732 1563 1789 1575 1791 1577 2051 1577 2051 1575 2053 1575 2100 1561 2100 1549 2100 1478 1964 1458 1962 1458 1910 1462 1908 1462 1906 1462 1906 1464 1890 1476 1890 1478 1783 1478 1783 1476 1740 1462 1738 1462 1736 1462 1734 1462 1700 1476 1641 1458 1639 1458 1546 1458 1544 1458 1542 1458 1502 1474 1465 1458 1463 1458 1461 1458 1350 1476 1346 1476 1340 1476 1257 1460 1255 1460 1253 1460 1221 1476 1219 1476 1217 1476 1164 1458 1162 1458 1160 1458 1158 1458 1156 1458 1140 1470 1096 1458 1094 1458 1092 1458 1090 1458 1088 1458 1071 1474 1033 1466 1031 1466 871 1476 849 1476 847 1476 823 1458 821 1458 819 1458 817 1458 738 1474 738 1549"/></Shape>
	    <String CONTENT="tẽne ma loy: ⁊ ont souille mes sain¬"
                    HPOS="738"
                    VPOS="1458"
                    WIDTH="1362"
                    HEIGHT="119"
                    WC="0.9984729273899181"></String>
          </TextLine>
          <TextLine ID="eSc_line_3f964639"
                    TAGREFS="LT8"
                    BASELINE="740 1664 2104 1658" 
                    HPOS="738"
                    VPOS="1567"
                    WIDTH="1366"
                    HEIGHT="133">
            <Shape><Polygon POINTS="740 1664 740 1680 843 1700 845 1700 847 1700 892 1682 894 1680 896 1682 906 1690 908 1690 910 1690 912 1690 982 1682 999 1680 1003 1682 1031 1696 1033 1696 1035 1696 1037 1696 1071 1682 1075 1680 1079 1682 1104 1700 1106 1700 1108 1700 1110 1700 1322 1682 1385 1678 1399 1682 1429 1694 1431 1694 1433 1694 1435 1694 1437 1694 1451 1684 1467 1698 1469 1698 1471 1698 1473 1698 1475 1698 1477 1698 1500 1684 1510 1678 1568 1684 1639 1690 1641 1690 1702 1684 1775 1676 1785 1684 1793 1690 1793 1692 1795 1692 1797 1692 1849 1694 1851 1694 1853 1694 1855 1694 1855 1692 1863 1684 1894 1696 1896 1696 1898 1696 2102 1684 2104 1658 2100 1585 2057 1585 2035 1567 2033 1567 2031 1567 2029 1567 1817 1583 1791 1567 1789 1567 1787 1567 1698 1567 1696 1567 1694 1567 1647 1585 1623 1569 1621 1569 1619 1569 1617 1569 1615 1569 1579 1585 1577 1585 1574 1585 1508 1573 1506 1573 1504 1573 1502 1573 1490 1583 1437 1575 1435 1575 1433 1575 1431 1575 1417 1585 1415 1587 1298 1587 1298 1585 1271 1575 1269 1575 1267 1575 1265 1575 1241 1585 1195 1569 1193 1569 1191 1569 1110 1571 1108 1571 1106 1571 1083 1585 1079 1589 997 1589 995 1585 978 1571 976 1571 974 1571 853 1571 851 1571 849 1571 847 1571 833 1583 780 1573 778 1573 776 1573 738 1585 740 1664"/></Shape>
	    <String CONTENT="ctuaires. Ilz nont pas mis de diffe¬"
                    HPOS="738"
                    VPOS="1567"
                    WIDTH="1366"
                    HEIGHT="133"
                    WC="0.9999634176492691"></String>
          </TextLine>
          <TextLine ID="eSc_line_426a1518"
                    TAGREFS="LT8"
                    BASELINE="740 1779 2102 1773" 
                    HPOS="738"
                    VPOS="1684"
                    WIDTH="1364"
                    HEIGHT="129">
            <Shape><Polygon POINTS="740 1779 740 1799 801 1799 823 1811 825 1811 827 1811 829 1811 831 1811 861 1797 863 1797 995 1797 1027 1813 1029 1813 1031 1813 1138 1797 1140 1797 1146 1797 1298 1799 1316 1811 1318 1811 1320 1811 1322 1811 1391 1801 1411 1811 1413 1811 1415 1811 1417 1811 1461 1801 1534 1811 1536 1811 1538 1811 1576 1799 1629 1811 1631 1811 1633 1811 1680 1795 1704 1807 1706 1807 1708 1807 1710 1807 1740 1795 1805 1809 1807 1809 1861 1799 2017 1809 2019 1809 2100 1791 2102 1773 2098 1708 1920 1708 1872 1686 1871 1686 1869 1686 1867 1686 1809 1706 1756 1706 1736 1688 1736 1686 1734 1686 1732 1686 1730 1686 1643 1706 1617 1684 1615 1684 1613 1684 1433 1684 1431 1684 1429 1684 1427 1684 1411 1696 1310 1684 1308 1684 1306 1684 1281 1698 1195 1684 1193 1684 1191 1684 1189 1684 1189 1686 1178 1696 1092 1692 1090 1692 1088 1692 1043 1710 1011 1700 1009 1700 1007 1700 1005 1700 985 1710 916 1702 914 1702 738 1712 740 1779"/></Shape>
	    <String CONTENT="rence entre la chose saincte ⁊ lapro¬"
                    HPOS="738"
                    VPOS="1684"
                    WIDTH="1364"
                    HEIGHT="129"
                    WC="0.9980578438655751"></String>
          </TextLine>
          <TextLine ID="eSc_line_fc8bb733"
                    TAGREFS="LT8"
                    BASELINE="740 1896 2122 1890" 
                    HPOS="738"
                    VPOS="1801"
                    WIDTH="1384"
                    HEIGHT="126">
            <Shape><Polygon POINTS="740 1896 740 1927 837 1925 839 1925 841 1925 863 1914 944 1914 966 1925 968 1925 970 1925 972 1925 1051 1916 1146 1925 1160 1925 1162 1925 1164 1925 1166 1925 1201 1912 1282 1912 1298 1924 1300 1924 1302 1924 1304 1924 1324 1924 1556 1912 1589 1922 1591 1922 1593 1922 1595 1922 1603 1922 1676 1910 1694 1920 1696 1922 1698 1922 1700 1922 1702 1922 1716 1920 1781 1910 1841 1920 1861 1922 1863 1924 1932 1924 1932 1922 1934 1922 1936 1922 1940 1918 1952 1910 1964 1918 1968 1922 1970 1922 1971 1922 1973 1922 1995 1918 2033 1910 2118 1916 2122 1890 2120 1819 2086 1801 2084 1801 2082 1801 2080 1801 2025 1817 1815 1817 1734 1801 1732 1801 1730 1801 1692 1817 1629 1803 1627 1803 1625 1803 1593 1819 1419 1809 1417 1809 1415 1809 1376 1819 1352 1803 1350 1803 1348 1803 1304 1803 1302 1803 1300 1803 1265 1819 1223 1811 1221 1811 1219 1811 1195 1823 1130 1823 1098 1805 1096 1805 1094 1805 920 1821 877 1805 875 1805 789 1805 788 1805 786 1805 738 1823 740 1896"/></Shape>
	    <String CONTENT="phane: ilz nont pas entendu entre le"
                    HPOS="738"
                    VPOS="1801"
                    WIDTH="1384"
                    HEIGHT="126"
                    WC="0.9857170482476553"></String>
          </TextLine>
          <TextLine ID="eSc_line_598907cd"
                    TAGREFS="LT8"
                    BASELINE="744 2011 2126 2005" 
                    HPOS="742"
                    VPOS="1912"
                    WIDTH="1384"
                    HEIGHT="130">
            <Shape><Polygon POINTS="744 2011 744 2040 837 2030 970 2030 989 2040 995 2042 997 2042 999 2042 1039 2038 1132 2030 1213 2038 1245 2040 1247 2040 1249 2040 1259 2038 1286 2028 1306 2036 1314 2040 1316 2040 1318 2040 1381 2036 1510 2028 1540 2036 1558 2040 1560 2040 1562 2040 1619 2034 1708 2026 1785 2026 1795 2034 1799 2038 1801 2038 1803 2038 1805 2038 2124 2030 2126 2005 2122 1933 1922 1933 1920 1929 1898 1912 1896 1912 1894 1912 1892 1912 1698 1916 1696 1916 1657 1927 1635 1935 1572 1935 1558 1927 1548 1920 1546 1920 1544 1920 1542 1920 1512 1925 1480 1933 1378 1925 1308 1920 1306 1920 1284 1924 1261 1929 1247 1924 1233 1918 1231 1918 1229 1918 1227 1918 1213 1924 1182 1935 1134 1922 1106 1916 1104 1916 1102 1916 1045 1918 1043 1918 1035 1922 1011 1935 991 1922 985 1916 984 1916 982 1916 906 1916 904 1916 902 1916 887 1920 851 1931 827 1920 819 1916 817 1916 815 1916 742 1918 744 2011"/></Shape>
	    <String CONTENT="souille ⁊ le net ⁊ nont pas destourne"
                    HPOS="742"
                    VPOS="1912"
                    WIDTH="1384"
                    HEIGHT="130"
                    WC="0.993085269992416"></String>
          </TextLine>
          <TextLine ID="eSc_line_12241fcc"
                    TAGREFS="LT8"
                    BASELINE="722 2123 2106 2123" 
                    HPOS="722"
                    VPOS="2034"
                    WIDTH="1384"
                    HEIGHT="127">
            <Shape><Polygon POINTS="722 2123 722 2147 805 2155 807 2155 809 2155 811 2155 823 2147 831 2143 843 2147 863 2155 865 2155 1023 2159 1025 2159 1027 2159 1029 2159 1047 2147 1051 2143 1096 2143 1104 2147 1124 2159 1126 2159 1128 2159 1130 2161 1185 2161 1185 2159 1187 2159 1189 2159 1189 2157 1203 2145 1207 2143 1221 2145 1286 2159 1288 2159 1290 2159 1292 2159 1308 2145 1312 2143 1340 2143 1366 2145 1486 2159 1488 2159 1490 2159 1528 2145 1528 2143 1698 2143 1700 2143 1716 2157 1716 2159 1718 2159 1720 2159 1722 2159 1724 2159 1762 2147 1817 2159 1819 2159 1821 2159 1863 2143 1888 2159 1890 2159 1892 2159 1894 2161 2033 2161 2033 2159 2106 2141 2106 2123 2106 2054 2003 2054 2003 2052 1981 2034 1979 2034 1977 2034 1975 2034 1896 2052 1890 2054 1813 2054 1807 2052 1754 2036 1752 2036 1750 2036 1748 2036 1718 2050 1716 2052 1712 2050 1678 2034 1676 2034 1516 2034 1514 2034 1512 2034 1510 2034 1492 2050 1488 2052 1265 2052 1261 2048 1241 2034 1239 2034 1237 2034 1203 2034 1201 2034 1199 2034 1197 2034 1182 2048 1180 2050 1176 2048 1162 2036 1162 2034 1160 2034 1158 2034 1156 2034 1154 2034 1104 2048 1084 2054 829 2054 817 2046 799 2034 797 2034 795 2034 793 2034 722 2044 722 2123"/></Shape>
	    <String CONTENT="leurs yeulx de mes /aobatz: ⁊ estoye"
                    HPOS="722"
                    VPOS="2034"
                    WIDTH="1384"
                    HEIGHT="127"
                    WC="0.9944508224725723"></String>
          </TextLine>
          <TextLine ID="eSc_line_0fb5ed7d"
                    TAGREFS="LT8"
                    BASELINE="732 2240 2104 2232" 
                    HPOS="730"
                    VPOS="2143"
                    WIDTH="1374"
                    HEIGHT="133">
            <Shape><Polygon POINTS="732 2240 732 2260 762 2274 764 2274 766 2274 768 2274 793 2260 799 2258 946 2258 950 2260 970 2274 972 2274 974 2274 976 2276 1075 2276 1075 2274 1172 2260 1197 2256 1221 2260 1306 2272 1308 2272 1477 2260 1673 2270 1675 2270 1676 2270 1678 2270 1694 2258 1698 2254 1702 2258 1712 2266 1714 2266 1716 2266 1718 2268 1772 2268 1772 2266 1774 2266 1775 2266 1775 2264 1783 2258 1791 2252 1831 2258 1906 2268 1908 2268 1987 2258 2029 2252 2100 2256 2104 2232 2100 2165 2025 2165 2023 2163 1993 2147 1991 2147 1989 2147 1987 2147 1985 2147 1985 2149 1970 2163 1968 2165 1799 2165 1793 2161 1770 2143 1768 2143 1766 2143 1732 2143 1730 2143 1728 2143 1726 2143 1726 2145 1708 2159 1702 2167 1649 2167 1641 2159 1623 2143 1621 2143 1619 2143 1595 2143 1593 2143 1532 2157 1500 2165 1477 2157 1439 2143 1437 2143 1435 2143 1433 2143 1403 2153 1379 2145 1378 2145 1376 2145 1374 2145 1372 2145 1358 2155 1340 2167 1310 2155 1284 2145 1282 2145 1193 2145 1191 2145 1189 2145 1174 2153 1154 2165 1065 2169 1015 2155 1013 2155 1011 2155 1009 2155 980 2167 958 2151 954 2147 952 2147 950 2147 861 2147 859 2147 857 2147 855 2147 853 2149 837 2163 807 2149 801 2147 799 2147 797 2147 730 2147 732 2240"/></Shape>
	    <String CONTENT="souille ou milieu diceulx. Ses prin¬"
                    HPOS="730"
                    VPOS="2143"
                    WIDTH="1374"
                    HEIGHT="133"
                    WC="0.9991645266612371"></String>
          </TextLine>
          <TextLine ID="eSc_line_758a4ddf"
                    TAGREFS="LT8"
                    BASELINE="734 2349 2110 2349" 
                    HPOS="734"
                    VPOS="2260"
                    WIDTH="1376"
                    HEIGHT="129">
            <Shape><Polygon POINTS="734 2349 734 2369 883 2369 888 2371 914 2387 916 2387 918 2387 920 2389 989 2389 989 2387 991 2387 1027 2371 1031 2369 1035 2371 1047 2379 1049 2379 1051 2379 1053 2379 1223 2373 1310 2369 1314 2373 1330 2385 1330 2387 1332 2387 1334 2387 1336 2387 1338 2387 1364 2375 1403 2387 1405 2387 1407 2389 1625 2389 1625 2387 1627 2387 1629 2387 1645 2373 1651 2369 1655 2373 1673 2387 1675 2387 1676 2387 1678 2389 1813 2389 1813 2387 1815 2387 1855 2375 1872 2369 1878 2375 1884 2381 1886 2381 1888 2381 1890 2381 1936 2375 1983 2369 1997 2375 2023 2387 2025 2387 2027 2387 2110 2375 2110 2349 2110 2280 1916 2264 1914 2264 1841 2278 1815 2264 1813 2264 1706 2260 1704 2260 1702 2260 1700 2260 1678 2280 1627 2280 1595 2260 1593 2260 1591 2260 1387 2260 1385 2260 1383 2260 1348 2278 1279 2266 1277 2266 1275 2266 1247 2278 1201 2268 1199 2268 1197 2268 1156 2278 1108 2260 1106 2260 1104 2260 1031 2272 962 2260 960 2260 958 2260 918 2280 734 2280 734 2349"/></Shape>
	    <String CONTENT="ces estoiẽt au milieu deulx/ comme"
                    HPOS="734"
                    VPOS="2260"
                    WIDTH="1376"
                    HEIGHT="129"
                    WC="0.9930946997233799"></String>
          </TextLine>
          <TextLine ID="eSc_line_faf56a86"
                    TAGREFS="LT8"
                    BASELINE="734 2468 1411 2462 2112 2468" 
                    HPOS="732"
                    VPOS="2373"
                    WIDTH="1380"
                    HEIGHT="132">
            <Shape><Polygon POINTS="734 2468 732 2482 782 2498 784 2498 786 2498 849 2486 871 2503 873 2503 875 2503 877 2503 962 2502 964 2502 995 2486 1003 2484 1090 2484 1104 2488 1142 2503 1144 2503 1146 2505 1191 2505 1191 2503 1193 2503 1195 2503 1215 2490 1229 2484 1370 2484 1383 2494 1397 2503 1399 2503 1401 2503 1403 2503 1405 2503 1429 2494 1435 2492 1449 2494 1502 2503 1504 2503 1506 2503 1508 2503 1520 2496 1538 2484 1574 2496 1597 2503 1599 2503 1601 2505 1706 2505 1706 2503 1708 2503 1718 2498 1738 2488 1760 2498 1762 2498 1764 2498 1766 2498 1793 2484 1916 2486 1948 2502 1952 2503 1954 2503 1956 2505 2110 2505 2112 2468 2112 2395 2072 2373 2070 2373 1981 2373 1979 2373 1977 2373 1936 2395 1847 2395 1821 2373 1819 2373 1817 2373 1815 2373 1813 2373 1756 2393 1643 2393 1605 2379 1603 2379 1601 2379 1599 2379 1566 2391 1524 2377 1522 2377 1520 2377 1441 2393 1383 2373 1381 2373 1379 2373 1253 2393 1229 2373 1227 2373 1225 2373 1126 2373 1124 2373 1122 2373 1069 2393 1011 2381 1009 2381 1007 2381 980 2395 837 2395 778 2373 776 2373 774 2373 772 2373 734 2391 734 2468"/></Shape>
	    <String CONTENT="loupz rauissans la proye: pour respã¬"
                    HPOS="732"
                    VPOS="2373"
                    WIDTH="1380"
                    HEIGHT="132"
                    WC="0.9782977872773221"></String>
          </TextLine>
          <TextLine ID="eSc_line_bc74ec6d"
                    TAGREFS="LT8"
                    BASELINE="732 2577 2112 2583" 
                    HPOS="730"
                    VPOS="2490"
                    WIDTH="1382"
                    HEIGHT="132">
            <Shape><Polygon POINTS="732 2577 730 2616 805 2618 807 2618 809 2618 815 2616 877 2599 1001 2616 1019 2618 1021 2618 1023 2618 1031 2616 1069 2604 1094 2616 1100 2618 1102 2618 1259 2620 1261 2620 1263 2620 1265 2620 1269 2616 1290 2599 1370 2599 1381 2608 1383 2608 1385 2608 1387 2608 1389 2608 1413 2600 1437 2614 1443 2620 1445 2620 1447 2620 1449 2620 1473 2614 1540 2599 1581 2614 1585 2616 1587 2616 1589 2616 1591 2616 1595 2614 1631 2599 1829 2610 1831 2610 1833 2610 1853 2600 1940 2614 1987 2620 1989 2620 1991 2620 1993 2620 2001 2614 2017 2602 2045 2612 2069 2622 2070 2622 2072 2622 2074 2622 2110 2612 2112 2583 2108 2507 1991 2509 1985 2505 1968 2498 1966 2498 1964 2498 1904 2505 1882 2509 1876 2505 1853 2494 1851 2494 1849 2494 1847 2494 1845 2494 1845 2496 1831 2505 1827 2511 1760 2511 1748 2505 1706 2494 1704 2494 1702 2494 1700 2494 1669 2505 1663 2509 1657 2505 1633 2494 1631 2494 1556 2492 1554 2492 1552 2492 1514 2505 1480 2494 1478 2494 1477 2494 1475 2494 1473 2494 1461 2503 1310 2496 1308 2496 1259 2505 1253 2507 1247 2505 1193 2490 1191 2490 1189 2490 1187 2490 1150 2505 1144 2505 1065 2505 1029 2490 1027 2490 978 2490 976 2490 974 2490 942 2505 910 2490 908 2490 906 2490 904 2490 902 2490 881 2505 881 2507 841 2507 839 2505 752 2490 750 2490 748 2490 746 2490 732 2500 732 2577"/></Shape>
	    <String CONTENT="dre le sang/ ⁊ pour perdre les ames/ ⁊"
                    HPOS="730"
                    VPOS="2490"
                    WIDTH="1382"
                    HEIGHT="132"
                    WC="0.986614853143692"></String>
          </TextLine>
          <TextLine ID="eSc_line_465e8dae"
                    TAGREFS="LT8"
                    BASELINE="734 2694 2061 2697" 
                    HPOS="732"
                    VPOS="2606"
                    WIDTH="1329"
                    HEIGHT="135">
            <Shape><Polygon POINTS="734 2694 732 2719 795 2739 797 2739 799 2741 962 2741 962 2739 964 2739 966 2739 985 2723 1035 2739 1037 2739 1039 2739 1086 2729 1152 2739 1154 2739 1243 2723 1269 2737 1271 2737 1273 2737 1395 2731 1427 2741 1429 2741 1431 2741 1486 2731 1631 2739 1633 2739 1635 2739 1637 2739 1637 2737 1651 2725 1692 2737 1694 2737 1696 2737 1902 2725 1942 2741 1944 2741 1946 2741 2059 2723 2061 2697 2059 2628 1977 2628 1977 2626 1950 2608 1948 2608 1946 2608 1944 2608 1783 2622 1736 2608 1734 2608 1732 2608 1730 2608 1696 2626 1694 2626 1653 2608 1651 2608 1589 2608 1587 2608 1585 2608 1544 2626 1540 2626 1419 2626 1413 2626 1374 2608 1372 2608 1370 2608 1368 2608 1334 2622 1322 2610 1320 2610 1318 2610 1316 2610 1199 2620 1079 2606 1077 2606 1075 2606 1027 2618 974 2606 972 2606 970 2606 932 2624 930 2624 916 2624 799 2614 797 2614 734 2622 734 2694"/></Shape>
	    <String CONTENT="en ensuyuant par auarice le gaing."
                    HPOS="732"
                    VPOS="2606"
                    WIDTH="1329"
                    HEIGHT="135"
                    WC="0.9923112445017871"></String>
          </TextLine>
          <TextLine ID="eSc_line_fd0a2df4"
                    TAGREFS="LT10"
                    BASELINE="904 2802 1950 2792" 
                    HPOS="902"
                    VPOS="2717"
                    WIDTH="1048"
                    HEIGHT="115">
            <Shape><Polygon POINTS="904 2830 1019 2822 1035 2832 1037 2832 1039 2832 1041 2832 1043 2832 1045 2832 1045 2830 1057 2820 1227 2830 1245 2830 1247 2830 1249 2830 1251 2830 1265 2816 1320 2816 1488 2828 1510 2828 1512 2828 1520 2828 1583 2814 1619 2826 1621 2826 1623 2826 1635 2826 1811 2812 1948 2822 1950 2792 1948 2735 1906 2717 1904 2717 1902 2717 1900 2717 1849 2735 1698 2735 1651 2721 1649 2721 1647 2721 1645 2721 1601 2735 1556 2717 1554 2717 1552 2717 1550 2717 1548 2717 1524 2735 1498 2723 1496 2723 1494 2723 1492 2723 1459 2739 1368 2739 1348 2723 1346 2723 1344 2723 1342 2723 1340 2723 1300 2733 1233 2721 1231 2721 1229 2721 1199 2737 1180 2721 1178 2721 1176 2721 1136 2721 1134 2721 1132 2721 1130 2721 1098 2741 1096 2741 1039 2723 1037 2723 962 2723 960 2723 958 2723 902 2741 904 2802"/></Shape>
	    <String CONTENT="¶ De lhystoire ecclesiasticque/ qͥlz"
                    HPOS="902"
                    VPOS="2717"
                    WIDTH="1048"
                    HEIGHT="115"
                    WC="0.994975734088156"></String>
          </TextLine>
          <TextLine ID="eSc_line_3af4155f"
                    TAGREFS="LT10"
                    BASELINE="991 2882 1853 2876" 
                    HPOS="989"
                    VPOS="2806"
                    WIDTH="864"
                    HEIGHT="97">
            <Shape><Polygon POINTS="991 2901 1413 2903 1415 2903 1417 2903 1419 2903 1419 2901 1435 2893 1530 2901 1550 2903 1552 2903 1554 2903 1556 2903 1556 2901 1574 2891 1849 2901 1853 2876 1849 2810 1795 2806 1793 2806 1791 2806 1789 2806 1789 2808 1787 2810 1774 2824 1599 2824 1585 2812 1579 2806 1577 2806 1576 2806 1574 2806 1546 2812 1490 2826 1451 2826 1437 2812 1429 2806 1427 2806 1425 2806 1288 2806 1286 2806 1284 2806 1282 2806 1282 2808 1275 2814 1267 2824 1223 2814 1187 2808 1185 2808 1183 2808 1158 2816 1136 2822 1118 2816 1098 2808 1096 2808 1094 2808 1092 2808 1073 2816 1049 2826 989 2818 991 2882"/></Shape>
	    <String CONTENT="appellent tripartite/ au .u."
                    HPOS="989"
                    VPOS="2806"
                    WIDTH="864"
                    HEIGHT="97"
                    WC="0.9723176849739892"></String>
          </TextLine>
          <TextLine ID="eSc_line_f9e26b9c"
                    TAGREFS="LT10"
                    BASELINE="1118 2963 1740 2963" 
                    HPOS="1118"
                    VPOS="2895"
                    WIDTH="622"
                    HEIGHT="109">
            <Shape><Polygon POINTS="1118 3004 1176 3004 1176 3002 1178 3002 1180 3002 1197 2986 1243 2998 1245 2998 1247 2998 1360 2988 1395 2994 1431 3002 1433 3002 1740 2985 1740 2963 1740 2909 1665 2909 1653 2897 1653 2895 1651 2895 1649 2895 1647 2895 1247 2907 1223 2895 1221 2895 1140 2895 1138 2895 1136 2895 1134 2895 1118 2905 1118 2963"/></Shape>
	    <String CONTENT="liure/ au .i. chapitre."
                    HPOS="1118"
                    VPOS="2895"
                    WIDTH="622"
                    HEIGHT="109"
                    WC="0.9844938050145688"></String>
          </TextLine>
        </TextBlock>
        <TextBlock HPOS="889"
                   VPOS="134"
                   WIDTH="1059"
                   HEIGHT="163"
                   ID="eSc_textblock_cdf947e0"
                   TAGREFS="BT18">
          <Shape><Polygon POINTS="889 134 889 297 1948 288 1948 134"/></Shape>
          <TextLine ID="eSc_line_de2b5c00"
                    TAGREFS="LT10"
                    BASELINE="916 257 1932 245" 
                    HPOS="914"
                    VPOS="152"
                    WIDTH="1018"
                    HEIGHT="142">
            <Shape><Polygon POINTS="1904 156 1884 156 1865 156 1845 156 1825 156 1805 156 1785 156 1766 156 1754 156 1726 170 1682 170 1667 156 1665 154 1647 154 1627 154 1607 154 1603 154 1601 156 1583 172 1366 172 1340 160 1338 160 1336 160 1334 160 1288 172 1263 156 1257 152 1255 152 1253 152 1251 152 1227 156 1152 174 1134 156 1132 156 1132 154 1130 154 1128 154 1100 154 1098 154 1096 154 1088 156 1039 176 1009 158 1007 158 1005 158 926 158 914 168 916 257 916 281 956 277 962 281 974 292 974 294 976 294 978 294 980 294 1051 281 1086 275 1156 275 1162 281 1176 292 1178 292 1180 292 1182 294 1243 294 1243 292 1245 292 1247 292 1247 290 1259 281 1263 277 1267 281 1286 290 1288 290 1290 290 1346 281 1348 281 1350 281 1490 288 1492 288 1494 288 1516 279 1536 271 1552 279 1570 288 1572 288 1574 288 1611 287 1613 287 1615 287 1623 279 1637 269 1714 279 1722 279 1724 279 1732 279 1817 267 1829 279 1835 283 1835 285 1837 285 1839 285 1841 285 1932 277 1932 245 1928 166 1924 164"/></Shape>
	    <String CONTENT="De la fuyte ⁊ persecution"
                    HPOS="914"
                    VPOS="152"
                    WIDTH="1018"
                    HEIGHT="142"
                    WC="0.9997622847557068"></String>
          </TextLine>
        </TextBlock>
        <TextBlock HPOS="1562"
                   VPOS="2991"
                   WIDTH="563"
                   HEIGHT="92"
                   ID="eSc_textblock_42c48ccc"
                   TAGREFS="BT17">
          <Shape><Polygon POINTS="1562 2991 1562 3083 2123 3083 2125 2991"/></Shape>
          <TextLine ID="eSc_line_fafaa595"
                    TAGREFS="LT8"
                    BASELINE="1577 3054 2100 3046" 
                    HPOS="1576"
                    VPOS="2969"
                    WIDTH="524"
                    HEIGHT="107">
            <Shape><Polygon POINTS="2092 2986 2029 2986 2003 2973 2001 2973 1999 2973 1898 2986 1829 2971 1827 2971 1825 2971 1791 2988 1768 2969 1766 2969 1764 2969 1708 2969 1706 2969 1607 2971 1605 2971 1603 2971 1576 2988 1577 3054 1577 3076 2100 3074 2100 3046 2096 2994 2092 2986"/></Shape>
	    <String CONTENT="¶ Theodoretus."
                    HPOS="1576"
                    VPOS="2969"
                    WIDTH="524"
                    HEIGHT="107"
                    WC="0.9999743274280003"></String>
          </TextLine>
        </TextBlock>
      </PrintSpace>
    </Page>
  </Layout>
</alto>
