2267 3563
324 118 1186 135 des Chrestiẽs. Cha.xxu.

588 247 530 109 ¶ Theodoretus.

184 330 1360 117 ¶ Quãt ung petit de tẽps fut passe: que Con

178 419 1362 111 stãs empereur des parties occidẽtales fut tres¬

168 502 1386 105 passe: les fauteur de Arrius cõtraignirẽt Con

158 583 1394 109 stãtium/ en luy reduisãt a memoire Athanai¬

152 667 1390 106 se: cõme si ce eut este celuy/ qui auoit este cause

150 752 1390 107 de linimitie de son frere: tellement que quasi

152 835 1386 105 en rõpant les liens de nature ilz descendirent

142 920 1397 101 iusq̃s a faire guerre. * Cõstãtius esmeu ꝑ tel¬

139 1003 1394 98 les ĩcitatiõs/ cõmãda q̃ le tressacre Athanaise

142 1077 1391 119 fust non seulemẽt boute hors/ mais aussi mis

139 1166 1388 104 a mort. Et enuoiãt q̃lq̃ duc nõme Sebastian/

136 1244 1391 118 auec grãt nõbre de gẽsdarmes/ cõmãda qͥl fust

133 1324 1394 121 mis a mort cõme hereticq̃. Mais cõmẽt cestuy

145 1425 1385 107 Sebastiã fust uenu auec sõ armee/ ⁊ cõmẽt lau

133 1493 1385 110 tre senfuit: iceluy qͥ a souffert ⁊ a miraculeuse

136 1576 1394 122 mẽt este deliure le recitera mieulx. Car en sa

132 1662 1327 107 respõse ou satisfactiõ de sa fuyte/ dit ainsi.

150 1749 1398 115 ¶ Mais toutesfoys quilz enqͥerẽt aussi la ma

136 1830 1390 115 niere de mon partemẽt ⁊ qͥlz le cõgnoissẽt par

133 1906 1382 116 leurs gẽs. * Car les Arriãs couroiẽt auec les

133 1989 1376 128 gẽsdarmes: affin de les enflãber/ ⁊ pour nous

127 2078 1382 113 mõstrer a ceulx qͥ ne nous cõgnoissoiẽt point:

130 2158 1391 128 ⁊ cõbien aussi qͥlz soiẽt sans q̃lque cõpassion/

124 2241 1403 110 neãtmoins q̃ en oyãt ilz cessent cõme confus.

136 2336 1376 107 Desia dõc estoit la nuit uenue: ⁊ aucũs du peu

130 2414 1382 111 ple estoiẽt uenus aux ueilles/ ⁊ au iour ensuy

128 2502 1406 102 uãt estoit attendue la collection. Mais le duc

144 2583 1402 111 soubdainemẽt suruint auec plus de cinq mil¬

130 2666 1410 103 le gẽsdarmes/ ascauoir ayant armures et les

126 2747 1412 103 espees desgaignees/ ðs arcs/ des flesches: ⁊ des

126 2830 1406 119 lances: ⁊ ainsi enuirõna leglise/ en ordõnant

1623 134 129 131 353

1607 908 217 131 Tous¬

1550 1003 271 101 iours les

1553 1089 262 110 chrestiẽs

1547 1175 226 95 fideles

1547 1252 271 110 seuffrẽt/

1556 1339 265 104 ⁊ les he¬

1553 1431 229 89 reticq̃s

1550 1520 286 98 persecu¬

1553 1594 170 98 tent.

1589 1918 223 106 Lenuie

1536 2004 276 92 des Arri

1539 2099 276 89 ans con¬

1553 2164 199 101 tre les

1553 2259 259 101 urays fi¬

1536 2330 193 155 deles.

898 2917 612 121 Tt les gẽsdarmes
