2267 3563
904 120 1012 141 De la fuyte ⁊ persecution

726 257 1384 111 les gẽsdarmes adherãs a luy/ tellement q̃ nul

730 342 1380 115 de ceulx qͥ sortiroiẽt de leglise/ ne peust eschap

745 430 1373 101 per de leurs mains. * Mais moy iugeãt chose

736 513 1373 98 irraisonnable/ de laisser le peuple en telle grã

730 599 1373 101 de cõfusiõ/ ⁊ non point plus tost soustenir les

707 676 1387 116 perilz deuãt eulx: moy estãt resident au siege/

690 766 1406 104 cõmanday q̃ le diacre leut le pseaulme. Cõfes

716 847 1400 107 sons q̃ le seigñr est bon: ⁊ q̃ les peuples respon

716 938 1400 103 dissent: car sa misericorde est a tousiours: ⁊ que

728 1011 1380 113 apres ilz sen allassẽt en leurs maisõs. Mais

730 1094 1364 109 apres q̃ le duc fut entre/ ⁊ que les gensdarmes

722 1179 1360 111 auoiẽt enuirõne le lieu sacre affin de noꝰ pren

710 1262 1376 111 dre: les clercz qui furẽt la trouuez ensẽble auec

712 1349 1374 107 le peuple crioyẽt en requerãt que nous partis¬

730 1431 1350 107 siõs ensemble hors auec le peuple. Mais moy

732 1510 1354 109 au cõtraire disoye plus tost/ q̃ nous ne parti¬

730 1595 1358 99 riõs point que premier tout attraict tous ne

738 1672 1356 113 fussent issus. Et ainsi apres que loraison fust

736 1757 1362 107 faicte me leuant/ cõmanday q̃ tous se partis¬

734 1842 1384 109 sent: en disant quil ualoit mieulx q̃ ie demou

732 1927 1374 109 rasse au dãgier/ que nul de eulx en fut blesse.

733 2004 1364 113 * Parquoy quant plusieurs uuidoyent hors

708 2098 1386 99 ⁊ tous les autres ensuyuant: aucuns moines

733 2182 1358 101 qui auoient la este auec nous: ⁊ aucuns clercz

734 2258 1366 103 montant a mont nous tirerent: ⁊ ainsi la ue¬

732 2343 1376 105 rite en est le tesmoing/ que les gẽsdarmes au¬

730 2422 1388 107 cuns estãs autour de leglise/ ⁊ les autres cou¬

732 2509 1380 105 rans dung coste ⁊ dautre par leglise/ nous pas

740 2593 1370 106 sasmes tous les dãgiers par le milieu deulx/

732 2674 1364 107 le seigneur donnant et gardant le chemin: en

736 2759 1362 105 glorifiant dieu magnificquemẽt/ que nauiõs

730 2838 1368 129 point liure le peuple a la mort/ ⁊ aussi qͥl fust

442 415 271 128 Le signe

457 519 181 110 dung

454 596 259 116 uray pa

439 676 176 131 steur.

460 1947 253 175 Le seigͬ

451 2102 190 101 garde

439 2182 256 122 les siẽs.

1797 2937 309 113 tant faict
