2267 3563
332 287 1055 126 ¶ Le mesme Hierosme sur Hieremie

413 374 921 124 a.b. Tome au .xxui. chap̃.B.

186 482 1354 149 ¶ Et les p̃stres ⁊ les ꝓphetes/ ⁊ tout

176 607 1362 137 le peuple ouyrẽt Hieremie parler ces

164 718 1311 145 parolles en la maison du seigñr ⁊c.

163 846 1370 127 ¶ Les prestres ⁊ les ꝓphetes (que les septante

169 941 1364 124 ont plus manifestemẽt trãslate/ les faulx p¬

172 1023 1372 125 phetes) se courroucẽt cõtre Hieremie/ de ce qͥl

164 1110 1386 111 annõceoit uerite/ ⁊ que apres la subuersiõ du

164 1195 1388 115 peuple/ ⁊ la destructiõ de la cite la religion pe

162 1280 1394 113 riroit auec les gaignages uenant de telle reli¬

169 1353 1378 125 gion.◊ Pourtãt le prẽnent ilz/ ⁊ par le consen

166 1437 1381 130 temẽt du peuple le condẽnent a la mort/ poͬce

169 1517 1393 124 qͥl a dit au nom du seigñr q̃ ceste maison ser a

166 1597 1420 128 cõme Silo/ ⁊ q̃ la cite sera de (olee de ce q̃ nul

181 1695 1411 119 ny demourer a. Uorquoy si aucunesfois pour

184 1760 1396 131 les cõmandemẽs de dieu ⁊ pour la uerise de L

187 1849 1369 134 foy/ les pee/t̃res/ ou les sanlx prophetes/ out le

176 1945 1386 111 peuple deceu se courrouce a nous: nen tenons

182 2022 1374 115 point grand estime/ mais mettõs en executiõ

178 2108 1382 120 la sentẽce de dieu/ sans pẽser aux maulx pre¬

190 2195 1292 116 sentz/ mais en regardãt aux biens a uenir.

271 2284 1297 115 Et tout le peuple sassembla contre Hiere¬

201 2377 1018 107 mie en la maison du seigneur/ ⁊c.

201 2444 1400 121 ¶ Hieremie xohet oit ou teirple les parodes

192 2533 1419 115 du seigñr: ⁊ disoit q̃ ceste maison seroit donnee

190 2610 1421 113 en malediction cõme Silo: et aussi ceste cite a

201 2697 1394 117 toutes les natiõs de la terre: ⁊ incõtinent par

201 2783 1384 116 une sedition esmeue des prestres ⁊ des ꝓphetes

197 2858 1380 138 et du peuple/ tout le cõmun sassembla an tẽ¬

436 130 981 175 de dieu. Chap̃.xi.

1592 136 187 131 223

1550 819 268 140 Hieremi.

1550 944 241 101 26.c. ⁊.d

1565 1300 277 140 La polle

1562 1416 292 98 de Dieu

1580 1493 282 110 est ꝯtrai¬

1604 1588 267 110 re au gai

1607 1668 258 119 gnaige ⁊

1592 1757 264 125 4 Lyra¬

1571 1834 128 125 rice.

1279 2947 302 117 ple contre
