2267 3563
158 261 1370 119 tant faict que nous fussions sauuez/ et auons

164 344 1338 125 eu la piissãce de eschapper des maĩs de ceulx

166 439 724 107 qui nous demandoient.

627 514 406 95 ¶ Socrates.

160 583 1350 131 ¶ Quelle chose aussi Georgius feist au mes¬

144 678 1372 117 me tẽys en Alexãdrie: recitons par la parolle

150 766 1362 108 du mesme Athanaise/ qui souffrit les mesmes

148 845 1362 115 choses. Car au liure quil a escript de sa fuyte/

144 924 1370 117 dit ainsi. En Alexandrie donc se esleuerent de

140 1007 1376 119 rechief aucuns nous querant pour occire. Et

142 1092 1372 113 furent les derniers faictz pires q̃ les premiers.

142 1179 1372 105 Car les gẽsdarmes soubdainemẽt enuirõnãt

140 1258 1374 111 leglise: au lieu de oraisons celebroiẽt la guer¬

138 1342 1386 114 re. Car aussi au cõmẽcemẽt du caresme Geor

146 1429 1378 116 ge enuoye par eulx de Cappadoce augmenta

140 1508 1374 115 les maulx quil auoit aprins par la finesse di¬

139 1597 1382 101 ceulx. Et ainsi aps la sepmaine de pasq̃ les

136 1665 1397 134 uierges estoiẽt mise en ðͥ (on/ les euesq̃s estoiẽt

139 1760 1376 104 menez liez des gẽsdarmes/ les maisons des or¬

139 1840 1361 119 phelĩs ⁊ ðs uefues estoiẽt pillees/ ⁊ faisoit on

136 1915 1367 121 des efforcemẽs ꝑ les maisõs/ ⁊ de nuict estoiẽt

136 2001 1370 116 ostez les chrestiẽs. Les maisõs estoiẽt sellees/ ⁊

136 2090 1370 110 les freres des clercz souffroient les dangiers

136 2170 1376 125 pour leͬs freres. Ces choses estoiẽt urayemẽt

140 2256 1388 119 tres mauuaises: mais encore plꝰ griefues furẽt

152 2339 1366 117 faictes ap̃s. Car iceluy George tresmauuais

144 2422 1380 121 xgnoissãt ceste chose: luymesme esmeut Seba

152 2505 1386 117 suian duc des Manichees: leq̃l auec multitu¬

144 2591 1386 112 de de gẽsdarmes armez/ a glaiues desgainez/

138 2672 1406 111 auec arcz ⁊ slesches en faisãt grosse ipetuosite

140 2755 1398 115 au ioͬ du dimẽche est subitemẽt uenu sur le peu

142 2840 1384 127 ple: ⁊ en trouna aucũ petit nõbre priãt (a cause

287 118 1140 151 des chrestiẽs. Chap̃.xxu.

1545 124 187 137 354

1610 1543 199 152 Noiez

1553 1653 250 116 la manie

1530 1754 252 101 re de la

1518 1829 258 112 ꝑsecutiõ

1527 1921 267 101 des chre

1521 2010 276 98 stiẽs ꝯtre

1530 2096 264 89 les chre¬

1536 2164 193 113 stiens.

1104 2921 422 119 Tt .ii. que
