2267 3563
738 281 1380 112 que desia plusieurs estoiẽt partis) ⁊ feist telles

742 374 1378 103 choses qͥl appartenoit a eulx de parfaire. Car

742 455 1386 105 apres qͥl eut faict ung feu/ il establit les uier¬

738 540 1388 101 ges aupres du feu: ⁊ les cõstraingnoit q̃lles se

722 619 1400 111 cõfessassẽt Arrianes. Et quãt il les ueoit estre

712 708 1404 105 uictorieuses: ⁊ q̃ nullemẽt elles ne regardoiẽt

702 787 1422 107 au seu/ il deschira tellemẽt leurs uisages/ q̃ a

724 874 1400 101 grand peine long tẽps apres les pouoit on cõ

745 959 1379 109 gnoistre.e Mais aussi en tenãt quarãte Hões

754 1030 1364 113 leur feist souffrir ung nouueau torment. Car

748 1128 1358 107 en couppãt des uerges dung Palme/ ayãt en¬

736 1199 1373 113 core ses aguillõs ⁊ poinctes/ deschira tellemẽt

721 1288 1388 98 par batures leurs dos/ q̃ aucuns diceulx par

736 1365 1379 107 pdusieurs foys surẽt fendus par les medecins:

748 1454 1362 107 a cause des esoines ðͥestoient fichees en leurs

750 1536 1354 108 dos: ⁊ les autres qui ne ueurẽt souffrir les tor

748 1619 1358 107 mentz moururẽt. Mais ceulx qͥ deurẽt uiure

748 1700 1360 107 auec aucune uierge furent enuoyez en exil en

750 1779 1368 111 la tresgrãde Stase. Et ne souffrit pas que les

746 1868 1376 101 corps des mortz fussent au premier/ rendus/

744 1959 1380 97 mais les mucea/ en les delaissans sãs sepriltu

724 2032 1384 101 re/ affin q̃ ceste grãde arudeltte /ĩcõme celee.

728 2116 1376 104 Mais telle chose font ceulx qͥ par erreur den

751 2191 1352 116 tendemẽt sont rasenlez? Car dautãt q̃ les pa

760 2283 1346 95 rens des mortz se esiouyssoiẽt urayemẽt a cau

763 2357 1352 113 se de leur confession/ mais plouroient a cause

763 2443 1346 113 des corps des trespassez/ grande demõstration

760 2520 1361 116 de leur ĩfidelite eut par tout le bruit. Et apres

754 2612 1361 113 ces choses menerent en exil aucuns euesques

752 2703 1362 97 de Egipte ⁊ des Lybies: ascauoir Ammomũ/

752 2781 1364 103 Muyum/ Gaium ⁊c. ⁊ les traicterent si dure

750 2868 1368 117 mẽt par les chemins/ que aucuns deulx mou

946 144 992 141 De la fuyte ⁊ persecution

436 920 285 142 Nouue¬

442 1033 288 110 aux gen

448 1128 282 95 res de tor

451 1205 259 92 mẽstrou¬

448 1291 250 89 uez ꝑ les

448 1365 244 122 Arriãs.

463 2179 270 128 La ioye

469 2280 276 95 des pa¬

466 2351 276 113 rẽs en la

472 2434 255 125 ꝑsecutiõ

475 2526 241 104 des en¬

473 2614 174 105 fans.

1781 2959 341 103 rurent par
