2267 3563
273 166 1202 146 des Chrestiẽs. Cha.xxu.

146 296 1433 119 rurent par les chemins ⁊ les autres en exil.

148 377 1399 118 Mais ilz occirẽt plus de trẽte euesq̃s: en met¬

145 457 1379 121 tãt leur estude cõme faisoit Achab: q̃ se ilz pou¬

142 554 1192 105 uoient annichiler totallement la uerite.

562 637 532 107 ¶ Theodoretus.

142 710 1372 119 ¶ Parquoy sur ces choses aussi Athanaise

138 803 1374 109 escript des liures consolatoires aux uierges

150 884 1368 103 qui ont souffert passiõs trescruelles/ disãt en¬

142 969 1376 105 tre plusieurs choses. Pourtãt nul de uous ne

140 1047 1382 112 soit triste/ cõbien aussi que les infideles uous

130 1136 1384 105 deniẽt la sepulture/ ⁊ quilz deffendẽt de uous

133 1208 1370 113 emporter. * Car liniquite des Arrians est ue¬

127 1294 1379 122 nue iusques a ce/ que de fermer les portes/ ⁊ de

130 1377 1376 116 demourer aupres des lieux des sepultures cõe

130 1454 1370 122 diables. George dõc faisoit ces choses ⁊ telles

130 1549 1382 116 semblables en Alexãdrie. Aussi sainct Atha¬

124 1633 1415 112 naise ne estimoit auoir nul lieu muny poͬ sa

124 1719 1415 107 cautelle: quãt estoit ainsi que Lempereur luy

124 1801 1422 101 auoit cõmande ou de lamener en uie ou de le

132 1876 1398 115 decoler mort ⁊ luy apporter son chief. Poͬ la¬

128 1963 1390 119 quelle chose promist grand salaire a celuy qui

128 2054 1198 101 apporteroit les nouuelles de telle chose.

239 2135 1182 105 ¶ En la mesme hystoire tripartite/ au

407 2218 866 101 .ui. liure/ au .xxii. Chapitre.

231 2300 1218 107 ¶ Une partie du liure de Athanaise de

413 2383 808 105 la satisfaction de sa fuyte.

134 2462 1398 109 ¶ Athanaise lit ung liure adonc en leur pre¬

144 2551 1400 109 sence/ iadis escript de soymesme de la satisfa¬

130 2636 1414 103 ction de sa fuyte: duquel ay prins les parties

134 2723 1412 97 utiles/ ⁊ celles qui proffitent icy: mais ie ad¬

124 2802 1408 95 mõneste les studieux de chercher tout le liure

128 2884 1386 116 qui est en grande quantite de uers et de le lire.

1545 181 187 154 355

1571 400 256 119 3.reg.16.

1542 489 252 187 f.g.21.g

1530 1223 270 119 La sepul

1530 1315 258 95 ture est

1530 1392 261 110 desnyee

1524 1487 306 92 aux chre

1547 1561 277 107 stiẽs par

1571 1647 253 116 les here¬

1568 1739 229 113 ticques.

962 2960 571 136 Tt .iii. Car il
