2267 3563
946 182 907 136 De la fuyte ⁊ ꝑsecution

748 290 1385 140 Car il dit. * Uoicy les presumptiõs des infide

745 400 1382 113 les qui font telles choses/ ⁊ sans uergõgne sõt

754 475 1367 124 de telle sorte/ esq̃lles premieremẽt ont machi¬

757 564 1370 115 ne maulx cõtre nous ⁊ iusques icy nous accu

745 653 1367 116 sent q̃ nous nous sommes destournez de leurs

719 730 1390 125 mains appareillez a faire occision: et encore

719 813 1402 131 plus ameremẽt gemissent de ce qͥlz ne noꝰ ont

712 900 1418 117 peu totallemẽt estaindre: ⁊ nous reprochent la

724 987 1406 111 cause de la crainte: ⁊ quãt ilz murmurerent de

734 1066 1380 113 ceste chose/ de tãt plus sõt ilz la coulpe retour¬

745 1152 1358 109 ner sur eulx. * Car si cest mal de fuyr: persecu

730 1241 1361 118 ter est beaucoup pire. Car lung se muce affin

733 1327 1367 110 quil ne meure/ ⁊ lautre persecute pour occire.

757 1389 1340 128 Mais aussi urayemẽt est il escript de sen fuyr:

754 1484 1343 110 ⁊ celuy qui demande a occire/ il transgresse la

744 1573 1350 101 loy/ ⁊ dõne plus grande occasion de fuyr. Si

748 1650 1356 105 dõc les persecuteurs reprochãt la fuyte: quilz

750 1732 1358 114 ayent plus tost honte de eulx mesmes. Quilz

750 1811 1372 120 cessent de agaiter/ ⁊ incõtinẽt ceulx qͥ senfuyẽt

760 1885 1361 137 cesserõt de fuyr. * Mais ilz ne cessẽt pas de leͬ

754 1980 1373 113 malice: ⁊ se hastẽt de toute puissance de appre

748 2054 1367 128 hender: cõgnoissant q̃ la fuyte de ceulx qͥ souf

767 2145 1339 121 frent ꝑsecution est ung tresgrãd signe de ceulx

769 2220 1346 119 qui persecutẽt. Car iamais nul ne sen fuyt du

775 2315 1340 113 doulx ⁊ du clement: mais plus tost arriere du

760 2384 1361 127 cruel ⁊ aussi du cauteleux. * Tout hõe gemis¬

781 2479 1349 124 sant ⁊ qui estoit uexe de Saul/ alloit a refuge

772 2562 1358 116 a Dauid ⁊ sẽ fuyoit de Saul. * Mais pource

775 2636 1352 119 desirent ceulx icy de mettre a mort ceulx qui

781 2719 1343 131 sont absconsez: craignant que leur malice ne

781 2802 1337 137 soit par eulx reprimee. Lesquelz aussi sont

781 2897 1355 143 aueuglez en ceste partie. Car dautant que la

451 302 273 140 De la re

460 427 259 110 spõse de

451 498 268 113 athanai

457 593 270 101 se de la

451 662 273 118 fuyte cõ

457 757 217 89 tre les

457 831 229 104 Arrians

514 1137 205 130 Quel

454 1247 199 121 grand

448 1333 229 110 mal est

451 1425 279 104 la ꝑsecu

457 1499 178 101 tion.

496 1918 246 121 On ne

460 2001 250 121 senfuyt

469 2087 258 113 poĩt poͬ

466 2179 279 95 les bõs:

466 2247 282 107 mais poͬ

469 2333 276 110 les mau

475 2437 190 86 uais.

475 2503 279 106 1.reg.22a

475 2589 276 112 poͬquoy

475 2672 276 98 ueullent

475 2755 285 104 les here¬

481 2835 235 101 ticques

478 2912 279 116 occire les

481 3004 271 129 chrestiẽs

1853 2977 287 112 fuyte est
