2267 3563
300 166 1192 148 des chrestiẽs. Chap̃.xxu.

190 310 1386 113 fuyte est plus manifeste/ dautãt sont ilz aussi

184 405 1378 103 plus manifestez par les agaitz/ par les occi¬

178 486 1358 103 sions/ ⁊ par les bãnissemens commis de eulx

170 572 1366 101 tous. Car soit quilz occisent la mort sescrie

160 651 1376 105 tousiours cõtre eulx: soit de rechief quilz me¬

162 738 1368 101 nassent par bãnissemens/ de tout coste iceulx

178 821 1354 103 sont congneuz delaisser contre eulx memoire

172 904 1360 97 de mal. Que si urayemẽt ilz auoient sain en¬

166 983 1370 107 tendemẽt ilz se uerroyẽt eulx mesmes estraĩctz

160 1072 1372 99 et oppressez en telles choses: ⁊ eulx mesmes

160 1140 1364 118 faillir en leurs conseilz. * Mais pource quilz

166 1235 1358 104 ont perdu lentendement: pourtant sont ilz

166 1315 1364 113 deceuz par persecution: et en querant de tuer/

160 1392 1370 116 ilz ne cõsiderent point leur infidelite. Car silz

160 1487 1364 104 deroguent a ceulx qui senfuyent iceulx les

160 1558 1387 116 cherchans pour occire * que feront ilz quãt ilz

166 1644 1396 113 uoyent Iacob fuyr arriere de Esau son frere:

174 1733 1398 105 * et Moyse estre descendu en Madian/ pour

166 1808 1399 116 la crainte de Pharaon? * Comment satisfe¬

166 1891 1384 116 ront ilz a Dauid fuyant arriere de Saul: le¬

163 1980 1373 107 quel enuoya en sa maison pour le tuer/ quant

160 2066 1376 107 il estoit absconse en la fosse/ ⁊ quil auoit chã¬

166 2149 1390 113 ge sa face/ iusq̃s a ce quil fust uenu uers Abi¬

163 2226 1396 98 melech? pour laquelle cause eschappa les em¬

166 2307 1390 115 busches des ennemis. * Que diront ceulx icy

172 2387 1384 113 qui temerairement proferent toutes choses/

169 2470 1393 125 uoyãt le tresgrãd Helie par son oraison auoir

181 2565 1396 110 urayement resuscite ung mort. Et toutesfoys

175 2666 1402 83 muce pour Achab/ ⁊ senfuyr pour les embu¬

176 2727 1403 111 sches de Hiezabel? Mesme adonc les enfans

168 2812 1404 105 des prophetes qui estoiẽt demandez furẽt mu¬

166 2893 1382 119 cez et celez es fosses uers Abdias. Mais silz

1601 187 184 142 356

1556 1116 259 136 Linfide¬

1559 1241 235 101 lite des

1559 1318 256 107 heretiq̃s

1547 1392 298 119 est mani

1559 1487 208 104 festee.

1577 1579 271 104 geñ.27.g

1592 1656 256 98 Exo.2.c

1586 1823 247 118 1.reg.21.

1565 1924 107 89 a.c.

1574 1980 262 116 Les sa¬

1565 2069 274 116 inctz ꝑsõ

1580 2155 226 95 naiges

1586 2244 244 95 ont fuy

1580 2307 256 112 la fureͬ

1583 2399 271 112 des mes¬

1601 2479 211 110 chans.

1601 2568 211 122 3.Regũ

1601 2651 92 113 18.c

922 2985 626 118 Tt .iiii. nont pas
