2267 3563
888 158 1010 152 De la fuyte ⁊ persecution

710 292 1392 117 nont pas leu ces choses icy cõme anciẽnes au

730 371 1367 124 moins qͥlz ayent memoire des euãgiles. * Car

716 461 1386 111 aussi les disciples a cause de la crainte des

730 537 1373 125 Iuifz se retirerẽt en eulx abscõsãs. * Et Paul

702 625 1398 115 demãde du prince de la nation en Damas/ fut

690 712 1398 113 mis en bas du mur/ en une corbeille/ ⁊ eschap

692 791 1404 115 pa les maĩs de celuy qͥ le demãdoit. Parquoy

702 874 1402 117 ueu q̃ lescripture dit telles choses des saĩctz hõ

706 963 1402 107 mes: quelle excusation cuide tu qͥlz pourront

712 1043 1380 109 trouuer de leur furiosite? Si dõc ilz reprochẽt

710 1124 1370 107 la crainte/ ilz parlent cõme insensez ꝯtre eulx

689 1205 1403 115 mesmes: silz diẽt ce estre faict ꝯtre la uolũte de

687 1288 1415 113 dieu: ilz se mõstrent totallemẽt ignorans des

719 1368 1390 113 escriptures diuines. * Car en la loy fut cõmã

739 1463 1358 98 de q̃ aussi aucunes citez fussent deputees pour

712 1541 1378 111 refuge: affin q̃ ceulx qui estoiẽt cherchez pour

720 1627 1366 106 tuer se peussẽt aucunemẽt deliurer. Et au der¬

718 1708 1364 105 nier tẽps du monde quãt la parolle du pere (qͥ

720 1789 1378 113 fut dit a Moyse) est uenue: derechief a donne

733 1864 1373 116 cõmãdemẽt/ disant. * Quãt ilz uous ꝑsecute¬

708 1957 1398 109 ront en une cite/ fuyez en lautre. Et ung petit

707 2036 1384 107 apres dist. * Quãt donc uous uerrez labomi¬

706 2123 1380 105 nation de la desolation/ laquelle est dicte par

716 2205 1370 106 Daniel le ꝓphete/ soy tenãt au sainct lieu: qͥ

718 2282 1386 117 lit/ si lentẽde. Lors ceulx qͥ sont en Iudee/ qͥlz

718 2371 1386 113 senfuyent aux mõtaignes: celuy qui est sur le

718 2458 1390 105 toict de la maison/ quil ne descẽde point pour

714 2535 1402 117 emporter q̃lque chose de sa maison: celuy qͥ est

724 2630 1384 97 au champ/ quil ne retourne point pour pren¬

728 2705 1374 113 dre ses robbes. Parquoy les sainctz cõgnois¬

728 2791 1374 104 sans telles choses/ ilz ont eu telle maniere de

716 2874 1382 132 conuersation. Car ce que le seigneur mainte¬

430 377 274 142 Ioã.20.e

430 540 250 154 Act̃.9.d

433 1348 262 142 Nu.35.b

445 1478 268 140 Ios.20.a

430 1846 277 140 mat.10.c

427 2016 268 187 mat.24b

1847 2961 245 117 nant a
