2267 3563
922 158 943 146 De la fuyte ⁊ persecutiõ

772 282 1358 133 alloit ⁊ ainsi se departit. * Cõgnois tu main¬

781 383 1355 121 tenãt cõment ceulx qͥ uoyẽt ces choses icy/ ou

775 472 1352 112 mesme qͥ les oyent (car ilz ne les uoyẽt point)

775 543 1352 128 selon ce quil est escript/ ne doibuẽt pas brusler

751 638 1370 101 par feu: pource qͥlz pensent ou parlent choses

734 724 1384 99 contraires a celles q̃ le seigñr faict/ ⁊ enseigne?

745 801 1379 107 * Car quãd Iehan souffrit le martyre/ ⁊ q̃ ses

748 878 1376 128 disciples ensepuelirent son corps. Iesus oyãt

754 969 1378 111 ce/ se partit de la en une nauire en ung lieu a¬

764 1049 1356 116 part au desert. Et ainsi le seigͬ faisãt ces cho¬

754 1132 1354 117 ses/ lenseignoit ainsi. Mais a la miẽne uou¬

742 1219 1354 113 lunte q̃ au moins iceulx fussent tellemẽt hon

734 1306 1358 109 teux: ⁊ quilz ne declairassent leur fureur sinõ

750 1383 1346 119 aux hões: ⁊ q̃ de plus en plus forsenãt ilz ne

762 1464 1340 121 fussent point aussi cõgneuz reprimer mesme le

758 1549 1340 115 sauueur/ en pẽsant totallemẽt blasphemes cõ

754 1631 1352 114 tre luy. Mais aussi mesme les insensez ne les

754 1714 1348 118 poͬrõt soustenir: cõe il soit qͥlz soiẽt redarguez:

752 1799 1362 113 mesme ð poĩt ꝯgnoistre les euãgiles. Et uraye

750 1884 1376 109 ment ceste est loccasiõ de nr̃e departemẽt/ ⁊ de

742 1967 1376 107 nr̃e raisonnable ⁊ uraye fuyte: laq̃lle aussi les

730 2052 1372 109 euãgelistes mettent par memoire du sauueur.

744 2133 1352 113 Et noꝰ fault aussi pẽser telles choses es saĩctz

769 2209 1328 121 hões. * Car ce qͥ est maintenãt escript du sau¬

766 2295 1340 104 ueur ꝑ maniere humaine: le mesme cõmune¬

766 2375 1346 122 mẽt est depute au gẽre humain. Cestuy a prĩs

766 2455 1355 113 les choses qͥ sõt nr̃es/ ⁊ a mõstre les passiõs de

766 2541 1349 125 nr̃e infirmite. Ce q̃ Iehan a ainsi escript. * Ilz

766 2627 1343 110 demandoient donc a le tenir: ⁊ nul ne mist la

760 2710 1343 116 main sur luy/ pource q̃ son heure nestoit pas

754 2802 1355 110 encore uenue. Car deuãt que icelle uenit/ il di¬

745 2877 1364 139 soit a sa mere. * Mõ heure nest pas encore ue¬

481 299 276 113 Les here

481 380 264 103 ticq̃s ne

481 472 249 98 doibuẽt

481 555 276 107 pas estre

478 638 249 133 bruslez.

475 807 249 113 Matth.

460 902 226 157 14.a.b.

469 2170 270 151 Les cho

475 2301 267 106 ses qͥ pre

472 2399 270 80 cedẽt au

466 2458 276 110 chief/ doi

463 2562 279 98 uẽt suy¬

460 2630 276 119 uir aux

454 2722 253 95 mẽbres.

457 2799 253 110 Ioã.7.b

463 2888 232 137 Ioã.2.a

1831 2988 275 109 nue. Et
