2267 3563
289 136 1203 160 des chrestiẽs. Chap̃.xxu.

154 271 1420 140 nue. Et dist a ceulx qui estoient appellez ses

160 350 1393 139 freres. * Mon temps nest pas encore uenu. Et

166 445 1358 125 de rechief au temps de la passion/ il disoit.

166 525 1340 119 * Dormez maintenant ⁊ reposez. Car uoicy

142 609 1384 133 lheure qui est approchee/ ⁊ le filz de lhõme se¬

142 694 1386 125 ra liure en la main des pecheurs. Mais aussi

144 777 1388 125 na il pas souffert destre tenu deuãt que le tẽps

158 857 1380 132 fust uenu ⁊ quant le tẽps a este uenu/ aussi ne

148 946 1390 126 sest il pas muce: mais aussi soymesme sest don

142 1018 1397 137 ne a ses aduersaires. * Ainsi pareillement les

142 1110 1388 122 bienheureux martyrs se gardoient es persecu¬

145 1199 1379 128 tions tẽporelles/ ⁊ quant on les cherchoit ilz

154 1264 1367 140 senfuyoient es lieux secretz: mais quãt on les

145 1362 1376 119 trouuoit ilz se abandonnoiẽt a martyre. Et ce

154 1446 1031 125 suffist auoir recite de Athanaise.

150 1549 1384 155 Esaie.59.E. ¶ Et la uerite a este

152 1670 1425 157 mise en oubly: ⁊ celuy qui sest retire

158 1787 1348 146 da mal est abandonne au pillage.

158 1916 1396 156 Ezechie.34.C.D. ¶ Et deliure¬

156 2046 1392 143 ray mõ troppeau de leur bouche: ⁊ ne

160 2163 1093 147 leur sera plus en uiande/ ⁊c.

164 2266 1413 148 Amos.5.C. ¶ Et pourtãt a cau¬

168 2387 1402 148 se que uous pillez le poure/ et pre¬

170 2498 1411 148 nez la meilleure despouille de luy:

174 2610 1415 145 uous edifierez des maisons de pier¬

170 2725 1415 157 res quarrees/ et ne habiterez point

166 2866 437 136 en icelles.

1572 138 164 135 358

1574 314 271 164 Ioã.7.b

1521 507 318 143 mat.26.b

1571 997 235 125 Leglise

1550 1086 259 113 mainte¬

1539 1166 273 119 nãt seuf

1539 1267 276 101 fre telles

1539 1348 288 103 choses q̃

1527 1431 312 109 alors elle

1542 1502 276 128 a souf¬

1571 1594 143 148 fert.

1160 2945 390 125 Miche.3.D.
