2267 3563
738 292 1378 153 Miche.3. D. ¶ Qui edifiez Syon

734 411 1388 147 en sang/ ⁊ Hierusalẽ en iniqͥte. Ses

734 542 1378 127 princes iugeoyẽt pour les dõs: et ses

716 649 1384 130 prestres enseignoyẽt pour le salaire.

700 760 1416 152 Miche.7.A. ¶ Le sainct est pery de

714 878 1408 131 la terre: ⁊ nya nul droicturier en icel

728 987 1380 149 le. Tous font agaitz apres le sang:

722 1104 1372 150 lhõme chasse ap̃s la mort de son fre¬

710 1223 1382 132 ie/ ⁊ diẽt le mal de leurs mains estre

716 1334 1378 144 bien. Le prince requiert/ et le iuge le

728 1448 1364 143 baille facilement. Et le grãd a parle

736 1563 1360 145 selon le desir de son ame: ⁊ont trou¬

730 1674 1358 155 ble la terre. Celuy qui est le plus bon

728 1799 1380 134 entre eulx est cõme le chardon/ ⁊ ce¬

722 1908 1390 146 luy qui est droicturier est cõme lespi¬

710 2034 543 123 ne de la haye.

803 2137 1186 115 ¶ De la persecution et tribulation des

857 2220 1103 113 Chreftiẽs qͥ Iauduhoyẽt a Chrysosto

920 2306 994 114 me. En la mesme hystoire/ au .x.

1059 2407 722 91 liure/ au .xx. Chapitre.

732 2468 1376 109 ¶ Et ainsi aucũ peu de iours passez Arsatius

734 2553 1378 111 fut ordõne euesque de Cõstantinoble/ frere de

728 2638 1372 115 Nectarius/ fort ancien/ ⁊ ayãt plus de quatre

726 2723 1362 109 uingtz ans: lequel tresdoulcement ⁊ de bonne

720 2806 1364 107 maniere gouuernoit leuesche. Duquel apres

714 2888 1376 122 lopinion fut cõtraire/ de ce quon faisoit aue c

930 152 946 152 De la fuyte ⁊ persecutiõ

1811 2981 283 100 les fau¬
