2267 3563
740 318 1380 119 ple contre le ꝓphete: ⁊ subit fut le ꝓphete tenu

734 411 1400 109 par les mains des prestres et des prophetes et

722 492 1400 99 du cõmun. Mais quant les princes de la cite

706 574 1418 114 eurẽt ouy ceste chose/ lesquelz se tenoyẽt en la

700 659 1422 114 maison du roy: ilz sen allerent ⁊ mõterent de

702 746 1414 105 la maison du roy en la maison du seigñr. Et

722 827 1388 107 fault noter q̃ pour aller a la maison du seigñr

732 912 1384 105 fault tousiours mõter. Et se sont assis en len

742 991 1376 98 tree de la nouuelle porte du (eigneur.? Car ce

736 1080 1376 104 estoit loffice des princes de seoir en la porte de

710 1160 1393 107 la mai/ on du seigñr: ⁊ la cõgnoistre da uerite

704 1235 1402 113 de laffaire ⁊ de la sedition. Et est appellee la

701 1330 1408 104 nouuelle porte: pource que ceulx qe seoyent

710 1415 1404 99 enicelde/ ⁊ quiefioient ꝯresidentz au iuge/ nent

722 1492 1378 101 resistoyent aux calomnies et accusations des

726 1575 1368 103 prestres ⁊ des faulx prophetes. Et les piestres

724 1656 1374 105 parlerẽt/ ⁊c. La ou les princes de la cite estoiẽt

724 1739 1382 95 assis en la porte du temple/ et en la nouuelle

722 1819 1384 110 porte/ lesquelz estoiẽt accourus du palais du

712 1902 1392 109 roy au temple affin que la sedition du peuple

700 1991 1400 109 fuit appaisee: ⁊ quamt la cõge egation du peu¬

687 2070 1405 109 ple fut assemblee/ les prestres ⁊ les faulx pro¬

698 2161 1387 104 phetes accuserẽt Hieremie: ⁊ estoit uerdu le ꝓ¬

704 2232 1374 113 phete quãt aux p̃stres ⁊ aux faulx ꝓphetes/

716 2319 1378 105 se iceulx accusateurs eussent eu la puissance

714 2401 1382 106 du iugemẽt. De quoy nous entendõs qͥlz ont

712 2486 1386 101 este plus cruelz sur le prophete par enuie/ de

716 2565 1380 111 sainctete/ desquelz sembloit quilz y fussẽt to¬

712 2652 1378 107 tallemẽt dõnez par religion/ que ceulx qui pre

718 2731 1170 117 sidoyent aux ne cessitez publicques/ ⁊c.

920 2816 970 115 ¶ Hierosme au .iiii. Tome en la

1079 2903 615 133 reigle des Moines.

968 184 897 122 Lutilite de la parolle

424 953 300 136 Les prin

421 1071 300 98 ces soiẽt

415 1169 271 95 les iu¬

404 1235 279 115 ges de la

410 1327 264 127 parolle.

407 2146 273 137 Hier.26.c

1805 2983 256 120 ¶ Il est
