<?xml version="1.0" encoding="UTF-8"?>
<alto xmlns:xsi="http://www.w3.org/2001/XMLSchema-instance"
      xmlns="http://www.loc.gov/standards/alto/ns-v4#"
      xsi:schemaLocation="http://www.loc.gov/standards/alto/ns-v4# http://www.loc.gov/standards/alto/v4/alto-4-2.xsd">
  <Description>
    <MeasurementUnit>pixel</MeasurementUnit>
    <sourceImageInformation>
      <fileName>300_8b17d_default.jpg</fileName>
      <fileIdentifier>https://www.e-rara.ch/i3f/v20/4106458/full/full/0/default.jpg</fileIdentifier>
    </sourceImageInformation>
  </Description>
  <Tags>
    <OtherTag ID="BT8" LABEL="DamageZone" DESCRIPTION="block type DamageZone"/><OtherTag ID="BT10" LABEL="DropCapitalZone" DESCRIPTION="block type DropCapitalZone"/><OtherTag ID="BT11" LABEL="GraphicZone" DESCRIPTION="block type GraphicZone"/><OtherTag ID="BT12" LABEL="MainZone" DESCRIPTION="block type MainZone"/><OtherTag ID="BT13" LABEL="MarginTextZone" DESCRIPTION="block type MarginTextZone"/><OtherTag ID="BT15" LABEL="NumberingZone" DESCRIPTION="block type NumberingZone"/><OtherTag ID="BT17" LABEL="QuireMarksZone" DESCRIPTION="block type QuireMarksZone"/><OtherTag ID="BT18" LABEL="RunningTitleZone" DESCRIPTION="block type RunningTitleZone"/><OtherTag ID="BT20" LABEL="StampZone" DESCRIPTION="block type StampZone"/><OtherTag ID="BT21" LABEL="TableZone" DESCRIPTION="block type TableZone"/><OtherTag ID="BT22" LABEL="TitlePageZone" DESCRIPTION="block type TitlePageZone"/>
    <OtherTag ID="LT8" LABEL="DefaultLine" DESCRIPTION="line type DefaultLine"/><OtherTag ID="LT9" LABEL="DropCapitalLine" DESCRIPTION="line type DropCapitalLine"/><OtherTag ID="LT10" LABEL="HeadingLine" DESCRIPTION="line type HeadingLine"/><OtherTag ID="LT11" LABEL="InterlinearLine" DESCRIPTION="line type InterlinearLine"/><OtherTag ID="LT311" LABEL="default" DESCRIPTION="line type default"/>
  </Tags>
  <Layout>
    <Page WIDTH="2267"
          HEIGHT="3563"
          PHYSICAL_IMG_NR="300"
          ID="eSc_dummypage_">
      <PrintSpace HPOS="0"
                  VPOS="0"
                  WIDTH="2267"
                  HEIGHT="3563">
        <TextBlock HPOS="307"
                   VPOS="130"
                   WIDTH="1232"
                   HEIGHT="155"
                   ID="eSc_textblock_210be28e"
                   TAGREFS="BT18">
          <Shape><Polygon POINTS="313 130 307 276 1527 285 1539 142"/></Shape>
          <TextLine ID="eSc_line_4065b1af"
                    TAGREFS="LT10"
                    BASELINE="330 235 1515 247" 
                    HPOS="326"
                    VPOS="115"
                    WIDTH="1186"
                    HEIGHT="175">
            <Shape><Polygon POINTS="326 252 623 282 686 261 742 285 825 285 825 282 831 282 858 261 1007 261 1033 285 1042 288 1191 288 1191 285 1230 267 1298 290 1372 290 1378 288 1378 285 1399 267 1506 276 1512 246 1509 130 1334 142 1316 127 1316 124 1209 121 1164 136 1045 121 995 139 757 139 704 118 695 118 653 136 531 115 451 133 329 127 329 234"/></Shape>
	    <String CONTENT="des chrestiẽs. Cha.xxu."
                    HPOS="326"
                    VPOS="115"
                    WIDTH="1186"
                    HEIGHT="175"
                    WC="0.9994331002235413"></String>
          </TextLine>
        </TextBlock>
        <TextBlock HPOS="107"
                   VPOS="279"
                   WIDTH="1502"
                   HEIGHT="2697"
                   ID="eSc_textblock_ada43b9e"
                   TAGREFS="BT12">
          <Shape><Polygon POINTS="128 279 107 2976 1574 2952 1609 2719 1577 2530 1589 1085 1529 889 1537 757 1534 601 1540 549 1565 415 1585 371 1585 370 1586 292"/></Shape>
          <TextLine ID="eSc_line_93c0f809"
                    TAGREFS="LT8"
                    BASELINE="148 350 1568 362" 
                    HPOS="142"
                    VPOS="261"
                    WIDTH="1423"
                    HEIGHT="130">
            <Shape><Polygon POINTS="145 347 142 383 1559 391 1565 359 1565 285 1334 273 1331 273 1328 273 1325 273 1325 276 1319 279 1310 290 1212 290 1108 276 1054 270 1051 270 1013 273 929 285 840 270 808 267 805 267 778 270 707 282 407 267 404 267 258 279 145 261 145 347"/></Shape>
	    <String CONTENT="les fauteurs de Iehã Chrysostome. * Car ueu"
                    HPOS="142"
                    VPOS="261"
                    WIDTH="1423"
                    HEIGHT="130"></String>
          </TextLine>
          <TextLine ID="eSc_line_95cd7d0d"
                    TAGREFS="LT8"
                    BASELINE="160 435 1551 442" 
                    HPOS="154"
                    VPOS="365"
                    WIDTH="1396"
                    HEIGHT="104">
            <Shape><Polygon POINTS="157 433 154 454 184 469 187 469 190 469 1547 457 1550 439 1545 365 157 368 157 433"/></Shape>
	    <String CONTENT="qͥlz ne uouloyẽt point cõmuniquer auec Arsa"
                    HPOS="154"
                    VPOS="365"
                    WIDTH="1396"
                    HEIGHT="104"></String>
          </TextLine>
          <TextLine ID="eSc_line_5de773a3"
                    TAGREFS="LT8"
                    BASELINE="168 520 1528 523" 
                    HPOS="163"
                    VPOS="448"
                    WIDTH="1364"
                    HEIGHT="104">
            <Shape><Polygon POINTS="166 519 163 534 314 552 317 552 1524 540 1527 522 1521 448 166 448 166 519"/></Shape>
	    <String CONTENT="tius/ ne auoir loraison cõmune: mais (cõme il"
                    HPOS="163"
                    VPOS="448"
                    WIDTH="1364"
                    HEIGHT="104"></String>
          </TextLine>
          <TextLine ID="eSc_line_4b793eb9"
                    TAGREFS="LT8"
                    BASELINE="156 599 1516 604" 
                    HPOS="151"
                    VPOS="534"
                    WIDTH="1364"
                    HEIGHT="107">
            <Shape><Polygon POINTS="154 596 151 623 1509 641 1515 602 1512 537 154 534 154 596"/></Shape>
	    <String CONTENT="est dit) quilz celebroyẽt le seruice dung apart ⁊"
                    HPOS="151"
                    VPOS="534"
                    WIDTH="1364"
                    HEIGHT="107"
                    WC="0.9766187310218811"></String>
          </TextLine>
          <TextLine ID="eSc_line_6b49dcb5"
                    TAGREFS="LT8"
                    BASELINE="150 686 1519 686" 
                    HPOS="148"
                    VPOS="629"
                    WIDTH="1370"
                    HEIGHT="92">
            <Shape><Polygon POINTS="148 685 148 721 1518 718 1518 685 1518 629 148 629 148 685"/></Shape>
	    <String CONTENT="par les lieux secretz au bout de la cite: cestuy"
                    HPOS="148"
                    VPOS="629"
                    WIDTH="1370"
                    HEIGHT="92"
                    WC="0.995062263061603"></String>
          </TextLine>
          <TextLine ID="eSc_line_3e969d01"
                    TAGREFS="LT8"
                    BASELINE="144 766 1528 770" 
                    HPOS="139"
                    VPOS="688"
                    WIDTH="1388"
                    HEIGHT="113">
            <Shape><Polygon POINTS="1301 688 1221 706 1132 688 1108 709 929 709 903 688 891 688 837 706 814 688 778 688 665 703 647 688 537 688 496 703 481 691 481 688 341 688 320 703 246 688 142 700 142 763 139 789 157 801 1524 789 1527 769 1527 697 1301 688"/></Shape>
	    <String CONTENT="manda ces choses a lempereur. Et quãt il eut"
                    HPOS="139"
                    VPOS="688"
                    WIDTH="1388"
                    HEIGHT="113"
                    WC="0.9851285272174412"></String>
          </TextLine>
          <TextLine ID="eSc_line_5f532656"
                    TAGREFS="LT8"
                    BASELINE="152 847 1515 854" 
                    HPOS="148"
                    VPOS="771"
                    WIDTH="1364"
                    HEIGHT="113">
            <Shape><Polygon POINTS="151 846 148 866 300 884 303 884 1509 875 1512 852 1503 774 1458 795 1310 795 1262 777 1253 774 1250 774 1247 774 1244 774 1236 777 1191 792 1158 777 1149 774 1146 774 1143 774 1114 777 1022 792 912 780 831 771 730 771 727 771 724 771 721 771 707 783 698 789 683 783 656 771 653 771 650 771 567 783 525 789 490 783 415 771 412 771 410 771 368 786 353 789 151 789 151 846"/></Shape>
	    <String CONTENT="commãde/ quil le troublast par force de gens¬"
                    HPOS="148"
                    VPOS="771"
                    WIDTH="1364"
                    HEIGHT="113"
                    WC="0.9836383150971454"></String>
          </TextLine>
          <TextLine ID="eSc_line_3d3f0af7"
                    TAGREFS="LT8"
                    BASELINE="158 930 1528 936" 
                    HPOS="158"
                    VPOS="861"
                    WIDTH="1370"
                    HEIGHT="110">
            <Shape><Polygon POINTS="158 930 158 963 613 956 633 962 647 967 649 967 651 967 653 967 665 962 677 958 754 958 760 962 766 967 768 967 770 967 772 967 774 967 786 962 795 958 960 958 1065 958 1067 962 1075 967 1075 969 1077 969 1079 969 1081 969 1083 969 1110 960 1114 960 1116 960 1136 969 1138 969 1140 971 1267 971 1267 969 1269 969 1271 969 1281 960 1282 960 1290 960 1409 969 1411 969 1413 969 1415 969 1415 967 1425 960 1526 960 1528 936 1526 884 1257 884 1239 878 1197 866 1195 866 1193 866 1148 876 1134 880 1128 876 1118 868 1118 866 1116 866 1114 866 1071 865 1069 865 1067 865 1039 874 1021 880 999 874 968 865 966 865 964 865 894 866 892 866 890 866 885 872 873 880 825 870 807 868 805 868 803 868 793 870 758 880 742 870 734 865 732 865 730 865 728 865 665 868 524 878 487 865 479 863 477 863 475 863 461 865 403 880 261 880 229 863 227 863 158 861 158 930"/></Shape>
	    <String CONTENT="darmes: il tourna le peuple en fuyte par pier¬"
                    HPOS="158"
                    VPOS="861"
                    WIDTH="1370"
                    HEIGHT="110"
                    WC="0.9927510800568954"></String>
          </TextLine>
          <TextLine ID="eSc_line_aa9ae5bd"
                    TAGREFS="LT8"
                    BASELINE="150 1019 1532 1019" 
                    HPOS="150"
                    VPOS="952"
                    WIDTH="1382"
                    HEIGHT="87">
            <Shape><Polygon POINTS="150 1019 150 1039 1532 1037 1532 1019 1532 965 1429 954 1427 954 1425 954 1395 963 1342 954 1340 954 1245 963 1227 952 1225 952 1223 952 1221 952 1219 952 1193 965 1098 965 1017 952 1015 952 924 963 908 952 906 952 904 952 673 952 671 952 617 963 591 952 590 952 588 952 522 963 443 952 441 952 439 952 437 952 423 965 257 965 215 952 213 952 211 952 150 963 150 1019"/></Shape>
	    <String CONTENT="res ⁊ par fouetz. Mais il mist les plus nobles"
                    HPOS="150"
                    VPOS="952"
                    WIDTH="1382"
                    HEIGHT="87"
                    WC="0.9997001912282861"></String>
          </TextLine>
          <TextLine ID="eSc_line_cf023048"
                    TAGREFS="LT8"
                    BASELINE="146 1098 1536 1104" 
                    HPOS="144"
                    VPOS="1027"
                    WIDTH="1392"
                    HEIGHT="103">
            <Shape><Polygon POINTS="146 1098 144 1116 1532 1130 1536 1104 1536 1049 1498 1039 1496 1039 1494 1039 1423 1049 1413 1049 1411 1049 1391 1033 1389 1033 1387 1033 1298 1033 1296 1033 1294 1033 1292 1033 1275 1045 1176 1033 1174 1033 1120 1043 1088 1049 1069 1043 1041 1031 1039 1031 1037 1031 993 1041 964 1047 845 1047 829 1037 815 1031 813 1031 811 1031 809 1031 807 1031 799 1037 782 1049 651 1049 623 1035 611 1029 609 1029 607 1029 580 1033 516 1045 407 1031 390 1029 388 1029 386 1029 382 1031 348 1047 269 1047 247 1029 245 1029 243 1029 146 1027 146 1098"/></Shape>
	    <String CONTENT="et les plus enclins a lamour de Chrysostome"
                    HPOS="144"
                    VPOS="1027"
                    WIDTH="1392"
                    HEIGHT="103"
                    WC="0.9826875412186911"></String>
          </TextLine>
          <TextLine ID="eSc_line_5d7a37e4"
                    TAGREFS="LT8"
                    BASELINE="146 1181 1530 1185" 
                    HPOS="144"
                    VPOS="1110"
                    WIDTH="1386"
                    HEIGHT="109">
            <Shape><Polygon POINTS="146 1181 144 1203 205 1215 207 1217 267 1217 267 1215 269 1215 271 1215 283 1205 285 1203 293 1205 322 1215 324 1215 326 1215 328 1215 362 1207 370 1205 401 1207 524 1215 526 1215 528 1215 530 1215 538 1207 540 1205 546 1207 562 1215 564 1215 566 1215 568 1215 570 1215 576 1209 584 1203 663 1203 716 1209 760 1215 762 1215 764 1215 774 1211 788 1203 809 1211 823 1215 825 1215 827 1215 851 1211 883 1205 894 1211 906 1217 908 1217 910 1219 1009 1219 1009 1217 1011 1217 1021 1213 1039 1205 1229 1205 1255 1215 1261 1217 1263 1217 1265 1217 1267 1217 1271 1215 1296 1205 1445 1205 1461 1217 1463 1217 1465 1217 1467 1219 1528 1219 1530 1185 1528 1128 1160 1128 1158 1126 1138 1116 1136 1116 1134 1116 1088 1126 1086 1126 1084 1126 1047 1112 1045 1112 1043 1112 885 1120 835 1110 748 1110 746 1110 744 1110 710 1124 633 1110 469 1110 467 1110 407 1124 405 1124 403 1124 360 1110 358 1110 356 1110 251 1124 241 1124 237 1124 199 1110 197 1110 196 1110 194 1110 146 1122 146 1181"/></Shape>
	    <String CONTENT="en prisõ. Mais aussi les gẽsdarmes (cõme on"
                    HPOS="144"
                    VPOS="1110"
                    WIDTH="1386"
                    HEIGHT="109"
                    WC="0.9851529002189636"></String>
          </TextLine>
          <TextLine ID="eSc_line_4f102d65"
                    TAGREFS="LT8"
                    BASELINE="152 1270 1532 1266" 
                    HPOS="150"
                    VPOS="1195"
                    WIDTH="1382"
                    HEIGHT="107">
            <Shape><Polygon POINTS="152 1270 152 1296 591 1290 637 1298 653 1300 655 1300 675 1298 722 1290 734 1298 736 1300 738 1300 740 1300 742 1302 835 1302 835 1300 867 1298 982 1288 1033 1298 1037 1298 1039 1298 1043 1298 1096 1288 1110 1298 1112 1298 1114 1298 1116 1298 1118 1298 1144 1288 1528 1298 1532 1266 1526 1207 1459 1209 1453 1205 1443 1197 1441 1197 1439 1197 1437 1197 1435 1197 1415 1205 1407 1209 1374 1205 1308 1199 1306 1199 1233 1205 1191 1209 1185 1205 1170 1195 1168 1195 1166 1195 1033 1195 1031 1195 1029 1195 1003 1205 993 1211 857 1211 847 1205 839 1199 837 1199 835 1199 833 1199 831 1199 819 1205 811 1209 805 1205 795 1197 793 1197 791 1197 789 1197 754 1205 726 1213 609 1213 597 1205 588 1197 586 1197 584 1197 582 1197 580 1197 560 1205 544 1213 491 1213 481 1205 471 1197 469 1197 467 1197 465 1197 150 1203 152 1270"/></Shape>
	    <String CONTENT="faict coustumieremẽt) en prenãt la licẽce fai¬"
                    HPOS="150"
                    VPOS="1195"
                    WIDTH="1382"
                    HEIGHT="107"
                    WC="0.9852084408001024"></String>
          </TextLine>
          <TextLine ID="eSc_line_e9fc9c62"
                    TAGREFS="LT8"
                    BASELINE="162 1351 1538 1355" 
                    HPOS="162"
                    VPOS="1286"
                    WIDTH="1376"
                    HEIGHT="91">
            <Shape><Polygon POINTS="162 1351 162 1377 1536 1371 1538 1355 1538 1292 162 1286 162 1351"/></Shape>
	    <String CONTENT="soiẽt leͬ pillage enuers les aornemẽtz des fem"
                    HPOS="162"
                    VPOS="1286"
                    WIDTH="1376"
                    HEIGHT="91"></String>
          </TextLine>
          <TextLine ID="eSc_line_906e3ece"
                    TAGREFS="LT8"
                    BASELINE="148 1431 1540 1435" 
                    HPOS="146"
                    VPOS="1365"
                    WIDTH="1394"
                    HEIGHT="95">
            <Shape><Polygon POINTS="146 1450 1536 1460 1540 1435 1538 1373 1409 1379 1397 1371 1391 1367 1389 1367 1387 1367 1385 1367 1383 1367 1381 1367 1376 1371 1360 1381 1300 1381 1271 1371 1257 1367 1255 1367 1253 1367 1251 1367 1249 1367 1245 1371 1237 1377 1223 1371 1219 1369 1217 1369 1215 1369 1201 1371 1140 1379 1126 1369 1124 1367 1122 1367 1120 1367 1118 1367 1096 1369 1051 1377 1021 1369 1011 1367 1009 1367 1007 1367 1005 1367 999 1369 980 1381 849 1381 833 1369 829 1365 827 1365 825 1365 823 1365 821 1365 813 1369 795 1379 689 1379 673 1367 671 1365 669 1365 667 1365 401 1365 399 1365 380 1367 273 1377 243 1365 241 1365 239 1365 237 1365 231 1365 174 1377 150 1365 148 1431 146 1450"/></Shape>
	    <String CONTENT="mes: en leͬ ostãt les ceintures dorees/ les brace"
                    HPOS="146"
                    VPOS="1365"
                    WIDTH="1394"
                    HEIGHT="95"
                    WC="0.9878887391090393"></String>
          </TextLine>
          <TextLine ID="eSc_line_2b2b8786"
                    TAGREFS="LT8"
                    BASELINE="146 1516 1532 1520" 
                    HPOS="146"
                    VPOS="1444"
                    WIDTH="1386"
                    HEIGHT="97">
            <Shape><Polygon POINTS="1528 1460 1500 1460 1498 1458 1484 1448 1484 1446 1482 1446 1480 1446 1439 1446 1437 1446 1435 1446 1433 1446 1417 1458 1415 1460 1407 1458 1366 1448 1364 1448 1362 1448 1360 1448 1326 1458 1316 1462 1138 1462 1134 1456 1124 1448 1122 1448 1120 1448 1118 1448 1116 1448 1083 1456 1071 1446 1069 1446 1067 1446 1065 1446 999 1456 974 1460 960 1456 934 1448 932 1448 930 1448 879 1456 847 1460 835 1456 811 1444 809 1444 764 1444 762 1444 760 1444 758 1444 742 1454 738 1458 728 1454 694 1444 692 1444 690 1444 689 1444 653 1454 641 1458 635 1454 619 1444 617 1444 615 1444 473 1444 471 1444 423 1454 397 1458 368 1452 332 1446 330 1446 328 1446 314 1452 304 1458 267 1452 213 1444 211 1444 209 1444 184 1452 164 1458 148 1452 146 1516 146 1541 1530 1538 1532 1520 1528 1460"/></Shape>
	    <String CONTENT="letz/ les afficq̃tz/ les lauoirs/ les aneaulx/ les"
                    HPOS="146"
                    VPOS="1444"
                    WIDTH="1386"
                    HEIGHT="97"
                    WC="0.9997847378253937"></String>
          </TextLine>
          <TextLine ID="eSc_line_96fbdaca"
                    TAGREFS="LT8"
                    BASELINE="148 1599 1542 1603" 
                    HPOS="146"
                    VPOS="1528"
                    WIDTH="1396"
                    HEIGHT="97">
            <Shape><Polygon POINTS="148 1599 146 1619 1538 1625 1542 1603 1542 1543 1475 1530 1473 1530 1471 1530 1469 1530 1453 1541 1453 1543 1203 1543 1201 1541 1187 1530 1185 1530 1183 1530 1182 1530 993 1540 958 1541 940 1540 843 1528 841 1528 839 1528 807 1540 805 1540 793 1540 675 1530 673 1530 584 1538 570 1540 566 1538 552 1528 550 1528 548 1528 546 1528 471 1538 455 1540 451 1538 427 1528 425 1528 423 1528 346 1538 326 1540 306 1538 243 1528 241 1528 148 1536 148 1599"/></Shape>
	    <String CONTENT="corõnes/ et leurs aureilleres/ mesmes a leurs"
                    HPOS="146"
                    VPOS="1528"
                    WIDTH="1396"
                    HEIGHT="97"
                    WC="0.9941391439541526"></String>
          </TextLine>
          <TextLine ID="eSc_line_57aa0fb9"
                    TAGREFS="LT8"
                    BASELINE="150 1680 1566 1686" 
                    HPOS="150"
                    VPOS="1613"
                    WIDTH="1416"
                    HEIGHT="103">
            <Shape><Polygon POINTS="150 1680 150 1710 595 1702 665 1714 675 1714 677 1716 827 1716 827 1714 829 1714 831 1714 847 1704 920 1714 926 1714 928 1714 930 1714 968 1704 978 1714 980 1714 982 1714 984 1714 1007 1714 1504 1706 1562 1716 1566 1686 1560 1617 1522 1633 1480 1633 1465 1619 1465 1617 1463 1617 1461 1617 1459 1617 1457 1617 1429 1627 1385 1617 1379 1617 1378 1617 1376 1617 1374 1617 1356 1629 1338 1617 1336 1617 1334 1617 1332 1617 1330 1617 1328 1617 1310 1631 1275 1617 1271 1617 1269 1617 1267 1617 1253 1617 1142 1631 1037 1631 1025 1619 1021 1617 1021 1615 1019 1615 1017 1615 918 1615 916 1615 914 1615 912 1615 908 1619 896 1629 863 1619 847 1615 845 1615 843 1615 821 1619 795 1625 780 1619 766 1615 764 1615 762 1615 760 1615 758 1615 752 1619 738 1629 724 1619 714 1615 712 1615 710 1615 685 1619 639 1629 546 1629 536 1621 528 1613 526 1613 524 1613 522 1613 471 1621 429 1627 409 1621 384 1613 382 1613 380 1613 150 1621 150 1680"/></Shape>
	    <String CONTENT="aureilles. Pour laq̃lle chose grand trouble ⁊"
                    HPOS="150"
                    VPOS="1613"
                    WIDTH="1416"
                    HEIGHT="103"></String>
          </TextLine>
          <TextLine ID="eSc_line_ffee8470"
                    TAGREFS="LT8"
                    BASELINE="150 1769 1572 1763" 
                    HPOS="148"
                    VPOS="1694"
                    WIDTH="1424"
                    HEIGHT="115">
            <Shape><Polygon POINTS="150 1769 150 1809 229 1807 231 1807 233 1807 253 1793 289 1807 291 1807 293 1807 296 1807 386 1795 461 1805 487 1807 489 1807 491 1807 492 1807 496 1803 514 1791 578 1803 586 1803 588 1803 590 1803 593 1803 635 1789 764 1799 795 1801 797 1801 815 1799 863 1789 883 1797 902 1805 904 1805 906 1805 989 1795 1047 1789 1063 1795 1090 1805 1092 1805 1094 1805 1172 1803 1174 1803 1176 1803 1193 1791 1201 1787 1215 1791 1237 1799 1239 1799 1241 1799 1243 1799 1265 1791 1277 1787 1368 1787 1372 1789 1389 1803 1391 1803 1393 1803 1395 1805 1532 1805 1532 1803 1534 1803 1572 1785 1572 1763 1568 1706 1443 1694 1441 1694 1439 1694 1397 1706 148 1706 150 1769"/></Shape>
	    <String CONTENT="gemissemẽt aduĩt en la cite. Mois toutesfoys"
                    HPOS="148"
                    VPOS="1694"
                    WIDTH="1424"
                    HEIGHT="115"
                    WC="0.9718393191047336"></String>
          </TextLine>
          <TextLine ID="eSc_line_4e4dd445"
                    TAGREFS="LT8"
                    BASELINE="152 1850 1574 1846" 
                    HPOS="150"
                    VPOS="1781"
                    WIDTH="1424"
                    HEIGHT="87">
            <Shape><Polygon POINTS="152 1850 152 1868 1572 1864 1574 1846 1570 1795 1403 1795 1389 1783 1387 1783 1385 1783 1383 1783 1381 1783 1379 1783 1368 1795 1298 1795 1281 1781 1279 1781 1277 1781 1275 1781 1273 1781 1225 1793 1197 1783 1195 1783 1193 1783 1065 1793 1047 1781 1045 1781 1043 1781 938 1781 936 1781 934 1781 932 1781 914 1793 869 1781 867 1781 865 1781 863 1781 807 1795 768 1783 766 1783 764 1783 657 1795 601 1783 599 1783 542 1795 502 1783 500 1783 498 1783 395 1795 378 1783 376 1783 374 1783 372 1783 370 1783 368 1783 348 1797 150 1797 152 1850"/></Shape>
	    <String CONTENT="encore iceulx ne osterẽt poĩt par telle maniere"
                    HPOS="150"
                    VPOS="1781"
                    WIDTH="1424"
                    HEIGHT="87"></String>
          </TextLine>
          <TextLine ID="eSc_line_d8e46e0d"
                    TAGREFS="LT8"
                    BASELINE="158 1931 1560 1931" 
                    HPOS="158"
                    VPOS="1858"
                    WIDTH="1402"
                    HEIGHT="107">
            <Shape><Polygon POINTS="158 1931 160 1963 209 1951 251 1963 253 1963 255 1965 255 1963 257 1963 298 1951 580 1951 605 1961 609 1963 611 1963 613 1963 615 1963 619 1961 641 1951 657 1961 659 1963 661 1963 663 1963 665 1965 786 1965 786 1963 788 1963 793 1961 821 1951 946 1961 964 1961 966 1961 968 1961 970 1961 982 1951 1007 1961 1017 1963 1019 1963 1021 1963 1053 1959 1130 1951 1146 1959 1154 1963 1156 1963 1158 1965 1322 1965 1322 1963 1324 1963 1332 1959 1344 1953 1358 1959 1370 1963 1372 1963 1374 1963 1376 1963 1385 1959 1399 1951 1425 1959 1443 1963 1445 1963 1447 1963 1475 1959 1514 1951 1558 1957 1560 1931 1560 1874 1009 1858 1007 1858 1005 1858 970 1874 841 1874 811 1858 809 1858 807 1858 805 1858 803 1858 788 1872 740 1860 738 1860 736 1860 673 1872 653 1858 651 1858 649 1858 580 1858 578 1858 508 1872 451 1858 449 1858 263 1858 261 1858 259 1858 257 1858 235 1872 194 1862 192 1862 190 1862 188 1862 158 1872 158 1931"/></Shape>
	    <String CONTENT="laffectiõ de Chrysostome. Mais plusieurs ne"
                    HPOS="158"
                    VPOS="1858"
                    WIDTH="1402"
                    HEIGHT="107"
                    WC="0.9942210194739428"></String>
          </TextLine>
          <TextLine ID="eSc_line_e63d6531"
                    TAGREFS="LT8"
                    BASELINE="156 2013 1536 2017" 
                    HPOS="154"
                    VPOS="1941"
                    WIDTH="1382"
                    HEIGHT="111">
            <Shape><Polygon POINTS="156 2013 154 2044 304 2048 306 2048 308 2048 310 2048 312 2046 326 2034 348 2046 354 2048 356 2048 358 2048 372 2046 413 2038 544 2046 548 2046 550 2046 552 2046 554 2046 566 2034 593 2044 595 2044 597 2044 653 2034 671 2048 673 2048 675 2048 677 2048 679 2048 681 2048 696 2034 762 2034 774 2044 776 2044 778 2044 780 2044 827 2034 845 2048 847 2050 849 2050 851 2050 853 2052 918 2052 918 2050 920 2050 922 2050 924 2048 944 2036 991 2048 997 2050 999 2050 1001 2050 1003 2050 1009 2048 1059 2036 1136 2046 1138 2046 1187 2036 1243 2050 1249 2050 1251 2050 1265 2050 1433 2036 1532 2050 1536 2017 1534 1961 1389 1943 1330 1943 1328 1943 1326 1943 1324 1943 1298 1959 1296 1961 999 1961 995 1957 976 1943 974 1943 972 1943 970 1943 968 1943 928 1953 845 1941 843 1941 841 1941 795 1955 789 1957 784 1955 744 1945 742 1945 740 1945 631 1953 607 1941 605 1941 461 1941 459 1941 457 1941 455 1941 437 1953 433 1957 425 1953 394 1941 392 1941 324 1941 322 1941 320 1941 318 1941 318 1943 306 1953 300 1957 285 1953 243 1943 241 1943 156 1951 156 2013"/></Shape>
	    <String CONTENT="osoyẽt publicq̃mẽt eulx trouuer aux rues/ ny"
                    HPOS="154"
                    VPOS="1941"
                    WIDTH="1382"
                    HEIGHT="111"
                    WC="0.980703815817833"></String>
          </TextLine>
          <TextLine ID="eSc_line_6b545f65"
                    TAGREFS="LT8"
                    BASELINE="150 2096 1536 2102" 
                    HPOS="148"
                    VPOS="2028"
                    WIDTH="1388"
                    HEIGHT="107">
            <Shape><Polygon POINTS="150 2096 148 2119 166 2131 168 2131 170 2131 172 2131 174 2131 205 2119 233 2131 235 2131 237 2131 316 2119 342 2131 344 2131 346 2133 562 2133 562 2131 564 2131 566 2131 586 2118 590 2116 613 2118 696 2129 698 2129 700 2129 726 2119 730 2118 833 2118 837 2119 855 2133 857 2133 859 2133 861 2135 946 2135 946 2133 948 2133 980 2119 984 2118 989 2119 1029 2131 1031 2131 1033 2131 1120 2119 1126 2119 1128 2119 1170 2135 1172 2135 1174 2135 1176 2135 1213 2119 1215 2119 1219 2119 1288 2135 1290 2135 1292 2135 1352 2119 1356 2119 1360 2119 1397 2135 1399 2135 1401 2135 1534 2119 1536 2102 1534 2048 1465 2034 1463 2034 1385 2046 1383 2046 1381 2046 1306 2032 1304 2032 1211 2046 1207 2046 1205 2046 1191 2034 1191 2032 1189 2032 1187 2032 1185 2032 1090 2040 1079 2030 1077 2030 1075 2030 1073 2030 1017 2040 924 2030 922 2030 920 2030 918 2030 896 2044 869 2032 867 2032 865 2032 799 2044 795 2044 791 2044 746 2030 744 2030 742 2030 740 2030 706 2044 702 2044 700 2044 675 2034 673 2034 671 2034 627 2044 621 2044 619 2044 597 2028 595 2028 593 2028 485 2028 483 2028 481 2028 479 2028 461 2042 459 2042 457 2042 360 2032 358 2032 150 2040 150 2096"/></Shape>
	    <String CONTENT="aux baingz. A aucũs aussi estoit perilleux de"
                    HPOS="148"
                    VPOS="2028"
                    WIDTH="1388"
                    HEIGHT="107"
                    WC="0.9948899486790532"></String>
          </TextLine>
          <TextLine ID="eSc_line_7ec99faf"
                    TAGREFS="LT8"
                    BASELINE="150 2177 1546 2185" 
                    HPOS="148"
                    VPOS="2114"
                    WIDTH="1398"
                    HEIGHT="100">
            <Shape><Polygon POINTS="150 2177 148 2205 324 2209 326 2209 354 2205 411 2197 429 2205 437 2209 439 2209 552 2211 554 2211 556 2211 570 2205 578 2201 586 2205 601 2211 603 2211 605 2211 607 2211 621 2205 633 2199 696 2205 772 2211 774 2211 815 2205 847 2199 869 2203 894 2211 896 2211 898 2211 962 2203 987 2201 991 2203 1007 2213 1009 2213 1011 2213 1013 2213 1191 2205 1201 2213 1201 2214 1203 2214 1205 2214 1207 2214 1271 2203 1273 2203 1296 2214 1298 2214 1300 2214 1302 2214 1304 2214 1316 2203 1338 2213 1340 2213 1342 2213 1409 2203 1445 2214 1447 2214 1449 2214 1451 2214 1453 2214 1473 2203 1544 2203 1546 2185 1546 2118 1435 2118 1433 2118 1431 2118 1368 2131 1233 2118 1197 2116 1195 2116 1193 2116 1191 2116 1187 2119 1178 2125 1134 2119 1108 2116 1106 2116 1104 2116 1102 2116 1098 2119 1088 2127 1063 2119 1051 2116 1049 2116 1047 2116 1045 2116 1043 2116 1039 2119 1023 2131 958 2131 942 2119 936 2116 934 2116 932 2116 930 2116 888 2119 833 2127 823 2121 815 2114 813 2114 811 2114 809 2114 748 2121 694 2129 611 2129 597 2121 576 2114 574 2114 572 2114 570 2114 548 2121 534 2127 465 2123 392 2118 390 2118 150 2123 150 2177"/></Shape>
	    <String CONTENT="demourer en la maisõ tellemẽt qͥlz se partoiẽt"
                    HPOS="148"
                    VPOS="2114"
                    WIDTH="1398"
                    HEIGHT="100"
                    WC="0.9981652181975695"></String>
          </TextLine>
          <TextLine ID="eSc_line_09ff5f31"
                    TAGREFS="LT8"
                    BASELINE="146 2264 1548 2260" 
                    HPOS="144"
                    VPOS="2193"
                    WIDTH="1404"
                    HEIGHT="99">
            <Shape><Polygon POINTS="146 2264 146 2292 1548 2288 1548 2260 1542 2209 1415 2209 1405 2207 1372 2195 1370 2195 1368 2195 1322 2205 1312 2197 1310 2197 1308 2197 1306 2197 1304 2197 1302 2197 1292 2205 1286 2211 1086 2211 1051 2203 995 2193 993 2193 991 2193 989 2193 976 2203 964 2211 928 2211 914 2201 900 2193 898 2193 896 2193 855 2193 853 2193 851 2193 835 2201 825 2207 815 2201 807 2195 805 2195 803 2195 625 2195 623 2195 621 2195 613 2199 588 2211 526 2197 510 2195 508 2195 492 2197 431 2211 403 2197 399 2195 397 2195 395 2195 386 2197 332 2207 265 2195 259 2195 257 2195 255 2195 253 2195 233 2211 211 2195 209 2195 207 2195 144 2195 146 2264"/></Shape>
	    <String CONTENT="de la cite. Et aussi plusieͬs hõmes ⁊ plusieurs"
                    HPOS="144"
                    VPOS="2193"
                    WIDTH="1404"
                    HEIGHT="99"
                    WC="0.9944112946589788"></String>
          </TextLine>
          <TextLine ID="eSc_line_344c5292"
                    TAGREFS="LT8"
                    BASELINE="156 2347 1009 2343 1540 2355" 
                    HPOS="156"
                    VPOS="2276"
                    WIDTH="1384"
                    HEIGHT="101">
            <Shape><Polygon POINTS="156 2347 156 2377 1538 2377 1540 2355 1538 2294 1502 2294 1502 2292 1484 2278 1482 2278 1480 2278 1478 2278 1477 2278 1451 2290 1437 2278 1435 2278 1433 2278 1431 2278 1314 2290 1290 2292 1286 2290 1275 2280 1275 2278 1273 2278 1271 2278 1209 2278 1207 2278 1205 2278 1180 2288 1170 2294 1073 2294 1057 2286 1035 2278 1033 2278 1031 2278 1029 2278 1003 2286 982 2292 958 2286 930 2278 928 2278 926 2278 892 2284 857 2292 801 2284 752 2276 750 2276 706 2282 655 2290 605 2280 578 2276 576 2276 574 2276 556 2280 516 2290 429 2280 427 2280 312 2290 293 2276 291 2276 289 2276 287 2276 285 2276 283 2276 259 2286 156 2276 156 2347"/></Shape>
	    <String CONTENT="femmes engẽdrees de noble lignee/ fort loua¬"
                    HPOS="156"
                    VPOS="2276"
                    WIDTH="1384"
                    HEIGHT="101"
                    WC="0.998178301917182"></String>
          </TextLine>
          <TextLine ID="eSc_line_2db5f92a"
                    TAGREFS="LT8"
                    BASELINE="158 2426 1504 2432" 
                    HPOS="156"
                    VPOS="2359"
                    WIDTH="1348"
                    HEIGHT="115">
            <Shape><Polygon POINTS="158 2426 156 2466 184 2468 186 2468 188 2468 190 2468 190 2466 209 2450 255 2464 257 2464 259 2464 261 2464 306 2452 332 2466 332 2468 334 2468 336 2468 338 2468 340 2468 342 2466 376 2450 413 2466 417 2468 419 2468 421 2470 534 2470 534 2468 536 2468 540 2466 590 2450 613 2466 615 2466 617 2466 619 2466 621 2466 673 2452 704 2462 706 2462 708 2462 809 2452 825 2464 825 2466 827 2466 829 2466 831 2466 833 2466 885 2452 936 2466 938 2466 940 2466 942 2466 970 2452 1081 2452 1118 2466 1128 2470 1130 2470 1132 2470 1134 2470 1136 2470 1140 2466 1148 2460 1164 2466 1180 2472 1182 2472 1183 2474 1225 2474 1225 2472 1227 2472 1229 2472 1229 2470 1235 2466 1247 2456 1288 2466 1306 2470 1308 2470 1310 2470 1312 2470 1316 2466 1324 2458 1336 2466 1344 2472 1346 2472 1348 2472 1350 2472 1403 2466 1478 2458 1498 2466 1504 2432 1500 2363 1407 2373 1150 2363 1110 2363 1108 2363 1100 2363 1057 2373 1033 2365 1025 2361 1023 2361 1021 2361 1019 2361 1011 2365 995 2371 972 2365 958 2361 956 2361 954 2361 952 2361 950 2361 946 2365 934 2371 827 2365 750 2361 748 2361 718 2365 685 2371 653 2365 623 2361 621 2361 619 2361 617 2361 611 2367 605 2371 597 2367 582 2359 580 2359 578 2359 526 2367 506 2369 491 2367 449 2359 447 2359 445 2359 413 2367 401 2371 253 2371 251 2367 241 2359 239 2359 237 2359 235 2359 158 2367 158 2426"/></Shape>
	    <String CONTENT="bles de uirginite ⁊ de uertu de uie/ senfuyrẽt."
                    HPOS="156"
                    VPOS="2359"
                    WIDTH="1348"
                    HEIGHT="115"
                    WC="0.9812161748607954"></String>
          </TextLine>
          <TextLine ID="eSc_line_fef67613"
                    TAGREFS="LT8"
                    BASELINE="158 2577 1566 2577" 
                    HPOS="158"
                    VPOS="2480"
                    WIDTH="1408"
                    HEIGHT="136">
            <Shape><Polygon POINTS="158 2577 158 2600 237 2600 257 2614 259 2614 261 2614 263 2614 265 2614 300 2600 336 2614 338 2614 340 2614 342 2614 399 2600 556 2600 574 2610 576 2610 578 2610 580 2610 708 2600 730 2614 732 2614 734 2614 736 2614 851 2604 1249 2614 1251 2614 1253 2614 1281 2602 1304 2614 1306 2614 1308 2616 1480 2616 1480 2614 1566 2599 1566 2577 1566 2486 1528 2480 1526 2480 1524 2480 1522 2480 1514 2486 1504 2492 1494 2486 1490 2482 1488 2482 1486 2482 1484 2482 1482 2482 1471 2486 1427 2505 1237 2505 1180 2492 1178 2492 1112 2503 1073 2492 1039 2480 1037 2480 1035 2480 926 2494 914 2494 912 2494 881 2480 879 2480 877 2480 875 2480 873 2480 853 2494 843 2502 829 2494 797 2480 795 2480 793 2480 791 2480 730 2496 704 2502 696 2496 673 2480 671 2480 669 2480 627 2480 625 2480 623 2480 586 2498 572 2505 506 2505 479 2500 382 2480 237 2480 235 2480 233 2480 158 2502 158 2577"/></Shape>
	    <String CONTENT="Esa.26.C. ¶ Seigñr tu nous dõ"
                    HPOS="158"
                    VPOS="2480"
                    WIDTH="1408"
                    HEIGHT="136"></String>
          </TextLine>
          <TextLine ID="eSc_line_8608044f"
                    TAGREFS="LT8"
                    BASELINE="166 2690 1562 2684" 
                    HPOS="164"
                    VPOS="2602"
                    WIDTH="1398"
                    HEIGHT="131">
            <Shape><Polygon POINTS="166 2690 166 2715 194 2729 196 2729 197 2729 199 2729 225 2715 227 2715 245 2725 247 2725 249 2725 423 2717 461 2715 467 2717 510 2731 512 2731 514 2733 597 2733 597 2731 599 2731 623 2719 665 2729 667 2729 669 2729 720 2717 732 2715 758 2717 859 2729 861 2729 863 2729 902 2717 914 2715 926 2717 958 2727 960 2727 962 2727 964 2727 999 2719 1005 2717 1007 2719 1019 2729 1021 2729 1023 2729 1025 2729 1152 2727 1154 2727 1174 2719 1193 2711 1217 2719 1241 2727 1243 2727 1245 2727 1247 2727 1269 2719 1284 2713 1300 2719 1314 2725 1316 2725 1318 2725 1320 2725 1334 2719 1344 2715 1348 2719 1356 2727 1358 2727 1360 2727 1362 2727 1560 2719 1562 2684 1558 2602 1528 2602 1526 2602 1524 2602 1522 2602 1498 2622 1459 2622 1427 2602 1425 2602 1423 2602 1421 2602 1413 2602 1344 2620 1269 2610 1267 2610 1265 2610 1237 2620 1215 2606 1211 2602 1209 2602 1207 2602 1096 2602 1094 2602 1092 2602 1090 2602 1083 2608 1057 2624 932 2624 914 2610 912 2610 910 2610 908 2610 906 2610 851 2622 813 2610 797 2606 795 2606 793 2606 762 2612 706 2622 687 2612 669 2604 667 2604 665 2604 625 2614 580 2624 552 2614 534 2608 532 2608 530 2608 528 2608 510 2614 485 2624 471 2616 457 2606 455 2606 453 2606 451 2606 449 2606 411 2616 395 2620 380 2616 342 2606 340 2606 338 2606 336 2606 302 2618 296 2620 164 2620 166 2690"/></Shape>
	    <String CONTENT="neras la paix: car tu as faict en noꝰ"
                    HPOS="164"
                    VPOS="2602"
                    WIDTH="1398"
                    HEIGHT="131"
                    WC="0.998890174401773"></String>
          </TextLine>
          <TextLine ID="eSc_line_d2d2ff17"
                    TAGREFS="LT8"
                    BASELINE="158 2800 1572 2804" 
                    HPOS="156"
                    VPOS="2715"
                    WIDTH="1416"
                    HEIGHT="123">
            <Shape><Polygon POINTS="158 2800 156 2822 229 2834 231 2834 233 2834 265 2822 269 2822 524 2822 526 2822 538 2834 540 2834 542 2834 544 2836 591 2836 591 2834 593 2834 639 2822 643 2822 649 2822 683 2834 685 2834 687 2834 740 2822 748 2822 760 2822 865 2836 867 2836 869 2836 871 2836 885 2826 898 2836 900 2836 902 2836 904 2838 1209 2838 1209 2836 1211 2836 1213 2836 1225 2826 1378 2836 1379 2836 1381 2836 1383 2836 1399 2824 1528 2836 1530 2836 1532 2836 1570 2822 1572 2804 1570 2729 1500 2717 1498 2717 1496 2717 1471 2727 1447 2739 1294 2739 1269 2725 1251 2717 1249 2717 1150 2717 1148 2717 1146 2717 1124 2725 1110 2729 1088 2725 1055 2717 1053 2717 1051 2717 1049 2717 1039 2723 1017 2739 865 2739 789 2721 774 2719 772 2719 748 2721 629 2735 588 2719 586 2719 584 2719 582 2719 580 2719 578 2719 558 2737 417 2737 395 2719 394 2715 392 2715 390 2715 245 2715 243 2715 241 2715 239 2715 237 2717 225 2725 158 2717 158 2800"/></Shape>
	    <String CONTENT="toutes noz oeuures. O seigñr nr̃e"
                    HPOS="156"
                    VPOS="2715"
                    WIDTH="1416"
                    HEIGHT="123"
                    WC="0.9931203126907349"></String>
          </TextLine>
          <TextLine ID="eSc_line_89334003"
                    TAGREFS="LT8"
                    BASELINE="158 2921 1554 2921" 
                    HPOS="158"
                    VPOS="2828"
                    WIDTH="1396"
                    HEIGHT="149">
            <Shape><Polygon POINTS="158 2921 162 2963 178 2953 223 2963 259 2969 261 2969 263 2969 279 2961 300 2951 491 2951 508 2959 540 2975 542 2975 544 2977 704 2977 704 2975 706 2975 738 2957 744 2955 750 2957 799 2975 801 2975 803 2977 938 2977 938 2975 940 2975 993 2955 1003 2951 1011 2955 1053 2975 1055 2975 1057 2977 1104 2977 1104 2975 1106 2975 1108 2975 1128 2959 1227 2969 1229 2969 1231 2969 1233 2969 1253 2953 1257 2951 1326 2951 1330 2951 1370 2973 1372 2973 1419 2975 1421 2975 1554 2949 1554 2921 1554 2848 1516 2828 1514 2828 1417 2828 1415 2828 1413 2828 1411 2828 1383 2848 1376 2852 1368 2846 1358 2842 1356 2842 1354 2842 1326 2846 1292 2852 1279 2846 1265 2838 1263 2838 1261 2838 1259 2838 1257 2838 1247 2844 1237 2850 1100 2842 1077 2842 1075 2842 1059 2842 831 2852 807 2842 805 2842 803 2842 801 2842 764 2852 708 2836 687 2830 685 2830 683 2830 681 2830 665 2836 651 2840 643 2834 633 2828 631 2828 629 2828 530 2828 528 2828 526 2828 524 2828 518 2832 502 2848 469 2850 447 2832 443 2828 441 2828 439 2828 403 2828 401 2828 399 2828 392 2830 338 2854 283 2854 255 2828 253 2828 251 2828 158 2828 158 2921"/></Shape>
	    <String CONTENT="dieu/ les seigneurs nous ont possede"
                    HPOS="158"
                    VPOS="2828"
                    WIDTH="1396"
                    HEIGHT="149"></String>
          </TextLine>
        </TextBlock>
        <TextBlock HPOS="1558"
                   VPOS="171"
                   WIDTH="203"
                   HEIGHT="107"
                   ID="eSc_textblock_8b31589e"
                   TAGREFS="BT15">
          <Shape><Polygon POINTS="1558 171 1558 278 1761 278 1761 171"/></Shape>
          <TextLine ID="eSc_line_85de9515"
                    TAGREFS="LT8"
                    BASELINE="1573 253 1747 253" 
                    HPOS="1571"
                    VPOS="163"
                    WIDTH="173"
                    HEIGHT="122">
            <Shape><Polygon POINTS="1571 252 1571 273 1687 285 1690 285 1693 285 1744 267 1744 252 1744 169 1571 163 1571 252"/></Shape>
	    <String CONTENT="359"
                    HPOS="1571"
                    VPOS="163"
                    WIDTH="173"
                    HEIGHT="122"></String>
          </TextLine>
        </TextBlock>
        <TextBlock HPOS="1528"
                   VPOS="301"
                   WIDTH="323"
                   HEIGHT="599"
                   ID="eSc_textblock_995063f1"
                   TAGREFS="BT13">
          <Shape><Polygon POINTS="1580 301 1583 385 1562 412 1563 454 1549 485 1528 606 1530 615 1540 659 1528 900 1851 889 1851 308"/></Shape>
          <TextLine ID="eSc_line_113d1144"
                    TAGREFS="LT8"
                    BASELINE="1592 362 1839 364" 
                    HPOS="1586"
                    VPOS="279"
                    WIDTH="250"
                    HEIGHT="109">
            <Shape><Polygon POINTS="1586 388 1833 388 1836 362 1830 285 1628 299 1595 279 1589 359 1586 388"/></Shape>
	    <String CONTENT="Les estu"
                    HPOS="1586"
                    VPOS="279"
                    WIDTH="250"
                    HEIGHT="109"
                    WC="0.9961776658892632"></String>
          </TextLine>
          <TextLine ID="eSc_line_bc224aed"
                    TAGREFS="LT8"
                    BASELINE="1575 442 1841 443" 
                    HPOS="1571"
                    VPOS="374"
                    WIDTH="268"
                    HEIGHT="92">
            <Shape><Polygon POINTS="1574 439 1571 466 1836 466 1839 442 1839 391 1574 374 1574 439"/></Shape>
	    <String CONTENT="des ⁊ in¬"
                    HPOS="1571"
                    VPOS="374"
                    WIDTH="268"
                    HEIGHT="92"
                    WC="0.9989040891329447"></String>
          </TextLine>
          <TextLine ID="eSc_line_14516209"
                    TAGREFS="LT8"
                    BASELINE="1550 523 1829 524" 
                    HPOS="1547"
                    VPOS="454"
                    WIDTH="280"
                    HEIGHT="110">
            <Shape><Polygon POINTS="1547 522 1547 558 1824 564 1827 522 1824 454 1547 454 1547 522"/></Shape>
	    <String CONTENT="structiõs"
                    HPOS="1547"
                    VPOS="454"
                    WIDTH="280"
                    HEIGHT="110"
                    WC="0.9996902048587799"></String>
          </TextLine>
          <TextLine ID="eSc_line_698fc245"
                    TAGREFS="LT8"
                    BASELINE="1537 604 1839 605" 
                    HPOS="1536"
                    VPOS="534"
                    WIDTH="300"
                    HEIGHT="107">
            <Shape><Polygon POINTS="1536 641 1836 635 1836 602 1836 552 1696 534 1693 534 1646 540 1577 549 1539 534 1536 602 1536 641"/></Shape>
	    <String CONTENT="des chre¬"
                    HPOS="1536"
                    VPOS="534"
                    WIDTH="300"
                    HEIGHT="107"
                    WC="0.9731263783242967"></String>
          </TextLine>
          <TextLine ID="eSc_line_b0a03df6"
                    TAGREFS="LT8"
                    BASELINE="1545 686 1825 686" 
                    HPOS="1542"
                    VPOS="626"
                    WIDTH="282"
                    HEIGHT="95">
            <Shape><Polygon POINTS="1542 685 1542 721 1824 712 1824 685 1824 629 1542 626 1542 685"/></Shape>
	    <String CONTENT="stiẽs/ au"
                    HPOS="1542"
                    VPOS="626"
                    WIDTH="282"
                    HEIGHT="95"
                    WC="0.9969210267066956"></String>
          </TextLine>
          <TextLine ID="eSc_line_f5e0b055"
                    TAGREFS="LT8"
                    BASELINE="1548 770 1817 771" 
                    HPOS="1547"
                    VPOS="706"
                    WIDTH="268"
                    HEIGHT="104">
            <Shape><Polygon POINTS="1547 769 1547 804 1812 810 1815 769 1815 712 1547 706 1547 769"/></Shape>
	    <String CONTENT="temps de"
                    HPOS="1547"
                    VPOS="706"
                    WIDTH="268"
                    HEIGHT="104"
                    WC="0.997933104634285"></String>
          </TextLine>
          <TextLine ID="eSc_line_719212f0"
                    TAGREFS="LT8"
                    BASELINE="1539 854 1793 855" 
                    HPOS="1536"
                    VPOS="777"
                    WIDTH="255"
                    HEIGHT="137">
            <Shape><Polygon POINTS="1536 852 1536 896 1550 911 1550 914 1553 914 1556 914 1559 914 1562 914 1613 896 1723 914 1726 914 1729 914 1791 890 1791 852 1788 777 1536 792 1536 852"/></Shape>
	    <String CONTENT="ꝓsecutiõ"
                    HPOS="1536"
                    VPOS="777"
                    WIDTH="255"
                    HEIGHT="137"
                    WC="0.9544826944669088"></String>
          </TextLine>
        </TextBlock>
        <TextBlock HPOS="1265"
                   VPOS="2956"
                   WIDTH="289"
                   HEIGHT="101"
                   ID="eSc_textblock_16c9d7db"
                   TAGREFS="BT17">
          <Shape><Polygon POINTS="1265 2956 1265 3057 1552 3057 1554 2956"/></Shape>
          <TextLine ID="eSc_line_c7dce312"
                    TAGREFS="LT8"
                    BASELINE="1273 3014 1540 3018" 
                    HPOS="1271"
                    VPOS="2947"
                    WIDTH="269"
                    HEIGHT="113">
            <Shape><Polygon POINTS="1273 3014 1271 3054 1391 3048 1536 3060 1540 3018 1540 2965 1475 2965 1471 2961 1447 2949 1445 2949 1443 2949 1441 2949 1417 2961 1411 2963 1397 2959 1350 2947 1348 2947 1346 2947 1273 2955 1273 3014"/></Shape>
	    <String CONTENT="sans toy:"
                    HPOS="1271"
                    VPOS="2947"
                    WIDTH="269"
                    HEIGHT="113"
                    WC="0.9854105379846361"></String>
          </TextLine>
        </TextBlock>
      </PrintSpace>
    </Page>
  </Layout>
</alto>
