2267 3563
764 304 1370 143 sans toy: seulemẽt que en toy nous

758 421 1208 137 auons recordation de ton nom.

758 530 1384 143 Esa.26. C. ¶ Seigneur ilz te ont

740 641 1394 148 requis en angoisse: ta doctrine leur

734 762 1360 138 a este en tribulatiõ de murmure/ ⁊c.

879 868 1180 127 ¶ En la mesme hystoire/ en lunziesme

1047 962 782 108 liure au .xxxiii. Chapitre.

770 1031 1364 128 ¶ Aussi le seigñr a predict telles manieres de

766 1120 1358 123 guerres estre a uenir/ ⁊ aussi la uictoie de le¬

763 1202 1355 134 glesẽ. Mais toutessoys lexperiẽce nous en¬

754 1276 1361 137 seigne/ q̃ les guerres nous sont plus utiles/ q̃

784 1365 1331 125 la doid: car la uaix nous faict delicatz/ pares

787 1445 1334 128 seux/ ⁊ craintifz: mais la guerre aguise lentẽ

784 1540 1334 113 demẽt/ ⁊ nous ꝑsuade de cõlener les choses p̃¬

774 1619 1197 114 sentes cõme trãsitoires ⁊ biẽ t ost passees.

770 1706 1358 140 Ro.14.D. ¶ Et ainsi ensuyoons

762 1813 1380 150 les choses qͥ appartiẽnent a la paix:

760 1933 1384 151 ⁊ gardõs lung enuers lautre les cho

758 2044 1259 151 ses qui appartiẽnent a edificatiõ.

770 2157 1348 156 1.Cor.14.5. ¶ Car dieu nest pas

764 2274 1338 140 le dieu de dissention/ mais de paix.

770 2387 1366 148 2.Cor.13. D. ¶ Desormais mes

774 2498 1362 166 freres esiouyssez uoꝰ/ soyez ꝑfaictz/

768 2614 1360 155 exhortez/ sentez une mesme chose/

768 2729 1362 164 ayez paix/ et le dieu de paix ⁊ de di¬

760 2862 871 144 lection sera auec uous.

970 150 851 150 De la fuyte ⁊ ꝑsecutiõ

469 1220 276 119 La gue/

469 1321 264 101 re est plꝰ

475 1407 285 92 utile que

481 1487 261 113 la paix

484 1576 276 107 du mon¬

489 1652 116 107 de.

1758 2957 374 123 Ephe.4.A.
