2267 3563
134 283 1382 140 Ephe.4.A. ¶ En supportant luna

142 401 1354 137 lautre par charite/ soyez soliciteux

138 514 1370 145 de garder lunite de lesprit au lien de

130 629 248 131 paix.

128 740 1376 146 Hebre.12.D. ¶ Ayez paix auec

132 861 1376 138 tous ⁊ sainctete/ sãs laquelle nul ne

128 973 452 131 uerra dieu.

239 1112 1188 113 ¶ Lactantius Firmianus/ des diuines

233 1199 1186 111 institutions contre les gentilz/ au .u.

241 1278 1182 125 liure au xx. chapitre/ a Lẽpereur Cõ¬

237 1365 273 101 stantin.

126 1456 1384 111 ¶ Ceulx dõc qui mettẽt a mort leurs ames et

122 1547 1388 115 les a mes dautruy apprẽnent q̃lle iniquite in¬

120 1629 1408 110 curable ilz admettẽt. Omerueilleuse ⁊ oueu¬

124 1712 1420 109 gle insensibilite. On estime q̃ ceulo qui seffor

124 1795 1416 111 cent de gorder la soy ayẽt mauuaise pẽsee: ⁊ q̃

128 1880 1408 109 les tyrãs ⁊ meurtriers layẽt bõne. Ceulx ont

126 1963 1394 113 ilz mauuaise pẽsee lesquelz contre le droict de

122 2042 1386 117 humanite ⁊ contre toute chose licite sont mis

124 2129 1394 113 par pieces? Ou plus tost ceulx qui font tedes

122 2214 1400 107 choses aux corps des innocẽs/ lesq̃ues iamais

120 2292 1400 111 les plus cruelz larrõs/ ne les plus furieux en

120 2371 1398 123 nemys/ ne les plus inhumains Barbares ne

124 2456 1404 117 admtrẽt ou feirent? Ne mẽtent ilz point telle¬

124 2543 1418 113 mẽt entre eulx mesmes/ q̃ quãt ilz leur plaist

124 2624 1418 107 trãsmuẽt ⁊ changẽt les noms de biẽ ⁊ de mal?

128 2711 1420 103 Quel est dõc le iour quilz nappedeent nuict/ ⁊

126 2791 1412 114 le soleil tenebres? Uarquoy si cest une mesme

122 2878 1402 124 impudence de imposer aux bons le nom des

378 142 1124 145 des chrestiẽs. Cha.xxu.

1607 174 163 124 360

1217 2981 305 97 mauuais/
