2267 3563
1011 154 885 140 De la fuyte ⁊ ꝑsecutiõ

748 288 1388 117 mauuais/ aux saiges le nom des insipientz/

750 382 1394 108 aux iustes le nom des iniustes: mesme aussi se

752 461 1394 115 iceulx ont q̃lque cõfidẽce ou en philosophie/

754 548 1388 115 ou en eloquẽce: quilz se armẽt/ et qͥlz reboutẽt

742 631 1394 113 noz parolles. Quilz nous attaignẽt de loing

734 714 1398 113 silz peuuent ⁊ qͥlz discernẽt ou discutẽt toutes

728 795 1410 109 choses. Ilz leurs appartiẽt de receuoir la def¬

730 880 1410 121 fense de leurs dieux: affin qͥlz ne soiẽt delais¬

750 967 1394 109 sez auec leurs tẽples ⁊ trõperies/ si noz parol¬

756 1047 1384 107 les ont uictoire cõtre eulx/ cõme iournellemẽt

754 1132 1366 105 elles uainquissent. Et pource quilz ne peuuẽt

757 1205 1364 119 riẽs par force (car la religiõ * de dieu est de tãt

748 1288 1355 125 plus augmẽtee/ quelle est plus fort oppressee)

763 1386 1349 104 quilz y procedent plus tost par loraison ⁊ par

772 1472 1340 113 exhortatiõs. Il nest besoing dy aller par force

772 1543 1349 107 ne par iniure: car religion ne peult estre con¬

772 1630 1346 118 straincte. On doibt plus tost proceder par pa¬

775 1707 1346 110 rolles q̃ par batures/ pour faire q̃ la uolunte

781 1793 1343 119 y soit. Quilz desploiẽt la subtilite de leͬs en¬

769 1882 1370 116 gins: se leur raison est bõne/ q̃lle soit mise au

750 1963 1390 109 deuant: nous sõmes prestz de louyr: silz ensei¬

740 2052 1388 105 gnent secretemẽt certainemẽt nous nẽ croyõs

748 2129 1370 107 riẽs/ cõme aussi ne desirõs point poͬ les insen

760 2209 1364 110 sez. Quilz nous ensuyuẽt: ou qͥlz exposent la

750 2292 1372 107 raison de tout laffaire. Car nous ne attirons

754 2379 1378 111 point par belles parolles (cõme iceulx mettẽt

754 2460 1376 109 au deuãt) mais noꝰ enseignõs/ prouuõs ⁊ de¬

754 2545 1376 111 monstrõs. Et ainsi nul nest detenu de nous cõ

752 2626 1370 107 tre sa uolũte: car cestuy est inutile a dieu/ qͥ na

748 2707 1370 113 ne foy ne deuotiõ. Et toutesfoys nul ne se de¬

748 2794 1364 109 parte par ce q̃ la uerite les retiẽt. Que iceulx

746 2878 1378 128 enseignẽt en telle maniere/ silz ont q̃lq̃ ꝯfidẽce

481 1190 258 140 La reli¬

469 1312 261 107 giõ chre¬

472 1395 267 101 stiẽne de

475 1460 276 113 autãt q̃l

478 1546 273 104 le est plꝰ

481 1636 273 112 opp̃ssee/

478 1719 279 107 tãt plus

481 1802 276 113 est aug¬

475 1885 220 148 mẽtee.

1801 2963 325 107 de uerite/
