2267 3563
146 292 1410 111 de uerite/ quilz parlẽt/ quilz apprennẽt/ quilz

154 380 1384 112 ayent la hardiesse (dis ie) de faire disputation

156 463 1380 111 auec nous de quelque telle chose: certainemẽt

150 548 1392 115 maintenãt leur erreur ⁊ leur follie est mocquee

142 635 1390 103 des uieilles lesq̃lles ilz contẽnent ⁊ de noz en¬

139 709 1414 113 fans. Pourquoy donc sont ilz si insensez/ que

144 797 1388 115 la ou ilz beullẽt diminuer leur folie/ ilz laug¬

142 880 1392 107 mentent: Tyrannie ⁊ piete sont fort contrai¬

140 967 1398 101 res: ⁊ ne peult la uerite estre cõioincte auec cõ-

136 1045 1404 114 traincte/ ne iustice auec crudelite. Mais nest

138 1132 1400 111 pas sans cause/ quilz ne osent enseigner riens

142 1219 1402 105 des choses diuines: craignant quilz ne soient

140 1300 1404 109 mocquez des nostres/ ⁊ deshonnorez de leurs

140 1381 1408 111 gẽs. Car paraduẽture si le cõmun peuple qͥ a

142 1466 1400 109 simple iugemẽt ⁊ sans corruptiõ cõgnoit telz

136 1549 1404 109 mysteres constituez en la memoire des choses

140 1633 1422 102 mortes: il les cõdẽnera: ⁊ cherchera q̃lque cru¬

140 1714 1428 115 tre chose plus ueritable pour odoree ⁊ honno

138 1795 1434 109 rer. De ce ont este ordõnees par les hõmes cau

140 1874 1424 121 teleux q̃ sidelemẽt les choses sacrees ne seroiẽt

142 1961 1404 117 point manifestees/ affin q̃ le peuple ne saiche

138 2048 1398 115 point ce quil adore. Mais cõme il soit q̃ nous

136 2131 1400 111 cõuersions aussi en leurs doctrines/ poͬquoy

136 2218 1412 109 ne croyent ilz point a nous/ ou aux nostres/ qͥ

140 2300 1406 110 cõgnoissons lung ⁊ lautre/ ou pourquoy sont

142 2381 1396 111 ilz enuieux poͬce q̃ nous preferons les choses

142 2462 1408 117 urayes aux faulses? Mais les choses saĩctes

150 2549 1418 101 (cõme ilz diemt) publicquemẽt receues doibuẽt

142 2630 1430 113 estre soustenues. O de q̃lle inhõneste uolunte

140 2711 1430 115 errent les poures miserables. Car ilz sentent

142 2796 1418 115 quil nya riens plus precieux entre les choses

142 2882 1412 128 humaines que religion de chrestiente: et quil

376 166 1144 132 des chrestiẽs. Cha.xxu.

1657 190 143 118 Zoi

1067 2963 477 124 Uu la fault
