2267 3563
722 281 1392 106 la fault deffendre de toute force/ mais comme

728 376 1392 103 ilz sont trompez en icelle religion/ ainsi sont

728 457 1390 107 ilz trõpez en la deffension ⁊ en la soustenant.

730 542 1384 103 Car la religion doibt estre deffendue non pas

716 625 1386 101 en mettant a mort/ mais en admõnestãt: non

706 714 1398 99 point par crudelite: mais par patiẽce: non par

702 791 1416 105 peche/ mais par foy. Car les unes sont oeu¬

710 874 1410 99 uires des mauuais/ ⁊ les autres des bons. Et

724 954 1392 110 est urayemẽt necessaire que le bien soit en re¬

736 1035 1376 113 ligion chrestienne/ et non pas le mal. Car si

734 1120 1358 107 tu ueulx deffendre la chrestiente par sang/

722 1211 1372 91 par tormens/ ⁊ par mal: lors ne sera pas icelle

716 1288 1380 109 deffendue/ mais fera souillee et uiolee. Car

720 1373 1374 107 il nyo riens olus uoluntaire que religion en

736 1462 1358 101 laquelle uodunte Ii le couraige du sacrifiant

738 1538 1360 106 est destourne/ desia la reuigion est ostee/ et nest

742 1621 1354 103 plus riẽs. Cest donc par droicte roon/ que tu

736 1704 1360 107 deffende la religion par mort ou par patiẽce:

734 1789 1376 105 en laquelle la foy est consacree/ ⁊ est aggrea¬

738 1872 1384 105 ble a dieu: et adiouste plus grande autorite a

734 1951 408 107 la religion.

853 2036 1099 105 ¶ Au mesme liure/ du .xxi. chaptite.

736 2121 1364 105 ¶ ⁊ cae glaist donc/ demander de ces choses a

736 2205 1366 105 qui principalemẽt iz cuident Ioire plaisir en

734 2284 1380 105 cõstraignãt les hõmes cõtre leur uolunte au

742 2369 1378 111 sacrifice: est ce a ceulx qͥlz cõstraignẽt? mais ce

742 2454 1382 109 qͥ est ẽcharge a celuy qͥ refuse/ ce ne luy est pas

734 2533 1386 113 benefice. Mais fault aussi dõner conseil aux

732 2620 1388 107 refusans/ quãt ilz ne cõgnoissent pas ce qͥ est

734 2703 1380 99 bon. Pourquoy dõc les tormẽtent ilz si cruelle

734 2787 1378 108 mẽt ⁊ debilitent/ ⁊ uexent/ silz desirẽt qͥlz soiẽt

738 2868 1380 126 sauuez? Ou dont uient la pitie tant infide le

916 136 927 145 De la fuyte ⁊ ꝑsecution

1880 2969 248 111 que de
