2267 3563
320 138 1166 156 des chrestiẽs. Chap̃.xxu.

180 283 1403 124 que de destruire ou de faire inutiles par tãt de

186 368 1378 116 manieres miserables/ ceulx lesq̃lz uouldroiẽt

182 451 1370 117 estrebien cõseillez? Sõt ilz meilleͬs que dieu?

178 536 1388 123 car ce nest pas sacrifice qͥ est demande ⁊ tire du

168 617 1396 121 refusant: car se il ne le faict uoluntairemẽt et

166 702 1390 121 de couraige/ cest execration/ cõe il soit q̃ ceulx

176 783 1390 125 seulemẽt le fõt qui sont cõstrainctz par bãnis¬

174 870 1386 121 semẽs/ par iniures/ par prisons/ ⁊ par tormẽs.

184 954 1376 116 Se iceulx sont dieux qui ainsi sont hõnorez:

166 1037 1396 118 certainemẽt poͬce seulemẽt ne doibuẽt ilz poĩt

166 1120 1392 115 estre hõnorez/ quilz ueullẽt estre ainsi adorez:

176 1201 1378 123 ⁊ sont dignes destre detestez des hõmes/ ceulx

168 1286 1396 119 ausquelz est faict le sacrifice auec larmes ⁊ ge

166 1369 1404 119 missemẽtz/ ⁊ auec le sang coulant de tous mẽ

168 1456 1394 115 bres. Mais nous au contraire ne demandons

174 1538 1390 118 point q̃ aucun ꝯtre sa uolunte/ uueille ou non

174 1619 1409 113 uueille adore nostre dieu qui est le createur de

172 1700 1407 123 toutes choses: ⁊ ne nous courrouIsons point

178 1785 1382 117 sil ne le odore point. Car noꝰ nous cõfions en

174 1866 1394 125 fa maieste/ quil a aussi grãde puissance de uẽ¬

180 1949 1388 127 ger le contẽnemẽt de luy/ q̃ les iniures ⁊ les la

172 2036 1390 109 beurs de ses seruiteurs. Et pourtãt quãt nous

176 2121 1392 119 souffrõs telles choses si execrables/ non pour¬

172 2203 1398 126 tant ne repugnõs point cõtre la par olle: mais

172 2296 980 116 remettons a dieu la uengeance.

538 2371 673 117 ¶ Du .xxii. chapitre.

176 2454 1396 123 ¶ Ilz ne sont pas donc pourtant insensez con

184 2541 1397 109 tre nous/ que leurs dieux ne sont pas de nous

188 2618 1401 123 adouz (car de plusieurs ne sont ilz point ado¬

176 2699 1415 125 rez) mais ces pour ce q̃ la uerite est auec nous:

180 2791 1394 116 laquelle (comme il est dit tres ueritablement)

182 2884 552 134 engendre hayne.

1583 154 155 136 Zbr

835 2941 735 133 Uu .ii. ¶ Du xxiii.
