2267 3563
922 144 931 150 De la fuyte ⁊ ꝑsecution

1061 285 701 108 ¶ Du .xxiii. chapitre.

726 380 1390 97 ¶ Certes patience est une grande ⁊ principalle

728 451 1386 115 uertu laq̃lle ensemble ⁊ publicquemẽt les pa¬

720 538 1392 113 rolles du cõmun peuple/ ⁊ les philosophes et

710 625 1396 103 les orateurs lextollent de tresgrandes louen¬

700 708 1402 107 ges. Que sil ne peult estre nye quelle ne soit

690 795 1426 103 une souueraine uertu: il est necessaire q̃ le iuste

694 874 1422 101 ⁊ lhomme saige soit en la puissance de lhõme

702 956 1412 106 iniuste/ pour auoir ceste patiẽce. Car patience

712 1035 1384 115 est (ou des maulx qui sont faictz a q̃lcun/ ou qͥ

714 1116 1360 117 aduiennẽt) la uoluntaire souffrãce. Parquoy

704 1201 1374 115 le iuste ⁊ le saige a en soy patiẽce/ poͬ ce qͥl re¬

696 1288 1386 113 ceoit la uertu: de laq̃lle sera totallement priue/

706 1369 1382 113 se il ne souffre riẽs de cõtraire. Cõe il soit donc

718 1452 1362 115 quil ne face iniure a persõne/ ⁊ qͥl ne conuoite

716 1532 1360 118 point les choses dautruy/ ⁊ q̃l ne deffẽde pas

716 1619 1360 113 aussi les siẽnes/ si par force elles luy sõt ostees

726 1696 1352 115 ueu qͥl scait aussi moderãmẽt souffrir liniure

720 1785 1378 113 qͥ luy est inferee/ poͬce qͥl est garny de uertu: il

714 1868 1394 111 est necessaire q̃ lhõme iuste soit subiect a lhom

712 1949 1388 115 me iniuste/ ⁊ que le saige soit uitupere du fol:

702 2034 1386 115 affin aussi q̃ cestuy peche pour ce quil est iniu¬

706 2119 1374 103 ste ⁊ que lautre soit mis en seruitude pource qͥl

714 2203 1374 107 est iuste. Car cõment peult lempereur esprou¬

718 2284 1374 107 uer la uertu de ses gensdarmes/ sil ne a quel¬

714 2369 1382 109 que ennemy? Et toutesfoys laduersaire se es¬

716 2454 1388 107 lieue cõtre luy contre sa uolunte/ pource quil

727 2526 1376 128 est mortel ⁊ peult estre uaincu. * Mais poͬce

724 2621 1373 119 quon ne peult repugner a dieu/ luymesme es¬

730 2707 1358 98 meut les aduersaires cõtre son nom/ nõ point

727 2788 1355 100 pour batailler cõtre luy/ mais cõtre ses gẽsdar

719 2877 1369 115 mes: affin quil esprouue ou renforce la deuo¬

427 2473 280 148 dieu ex¬

421 2600 253 104 cite les

418 2681 265 104 ꝑsecuti¬

421 2788 283 80 ons ꝯtre

424 2859 271 110 son nom

423 2949 266 93 pour es¬

1750 2967 342 120 tion ou la
