2267 3563
154 323 1417 119 tion ou la foy des siens/ iusques a ce quil cor¬

166 412 1405 113 rige la discipline nestoidee ⁊ escoulee par ba¬

162 504 1394 101 tures de uexation. Il y a aussi une autre cau¬

154 587 1388 105 se/ pour quoyil permet q̃ les persecutiõs soiẽt

148 665 1394 105 faictes ꝯtrenous: cest affin q̃ le peuple de dieu

154 746 1388 111 soit augrẽte. Aucuns desirẽt scauoir quel est

156 837 1384 99 ce bien/ lequel est deffendu iusques a la mort/

158 916 1384 103 lequel est prefere a toutes choses qͥ sont plai¬

156 1003 1382 103 santes ⁊ bien aymees en ce mõde/ duquel bien

146 1086 1392 97 riens ne les retirẽt/ ne la perte de leurs biens/

142 1171 1396 99 ne de la lumiere/ ne douleur de corps/ ne tour

146 1254 1402 99 mens quelconques. La premiere cause est fort

150 1334 1394 107 puissante/ mais la secõde cause a souueraine¬

146 1421 1396 101 mẽt tousiours augmẽte nostre nõbre. Le peu¬

144 1500 1398 107 ple qui est a lenuiron oyt ceulx qͥ dient estans

148 1587 1410 97 aux tormẽs/ quilz ne ueullẽt pas sacrifier aux

148 1664 1433 107 pierres faictes de main dhõmes/ mcas ou seul

150 1747 1433 107 dieu qui est au cied. Udu5ieues entẽdent ce estre

158 1829 1414 108 ueritable/ ⁊ le mettẽt en leur couraige. Puis

158 1922 1402 97 apres/ cõe on est acoustume de faire es choses

152 1997 1390 107 incertaines/ tandis que ilz demandẽt les ungz

150 2084 1404 105 aux autres la cause de ceste perseuerance/ plu

154 2179 1404 93 sieurs choses sont diuulguees qui appartien¬

150 2248 1408 107 nent a la religion/ ⁊ de lungen lautre ⁊ par ru

154 2329 1394 109 meur les choses doubteuses sont aprises/ les¬

162 2412 1390 107 quelles dantant quelles sont bonnes/ est ne¬

154 2496 1410 103 cessaire quelles plaisent. Dauantaige la uen

172 2585 1394 103 geonce qui ensuyt (cõme ilz aduiẽt tousiours)

160 2668 1103 95 enflamme uehementement a croire.

536 2747 701 101 ¶ Du .xoiiii. chapitre.

168 2820 1402 121 ¶ Tout ce donc que les mauuais princes sef¬

166 2915 1396 117 forcent de faire contre nous: dieu permet quil

364 190 1221 140 des chrestiẽs. Chap̃.xxu.

1595 341 232 107 prouuer

1592 433 229 125 les siẽs.

1651 187 137 142 36z

1051 2986 523 137 Uu .iii. soit
