2267 3563
855 190 1107 144 De la ꝑsecutiõ des chrestiẽs.

718 320 1384 123 soit faict. Et toutesfois les persecuteurs tres

710 411 1420 117 iniustes: ausquelz le nom de dieu a este en con

712 500 1392 113 tumelie ⁊ mocquerie: quilz ne se estiment pas

712 577 1390 121 pourtant le porter sans punition: car ilz ont

698 665 1396 114 este comme ministres de son indignation con¬

690 742 1406 119 tre nous. Certes ilz seront punis par le iuge¬

689 833 1413 109 ment de dieu: de ce que apres quoir receu la

706 912 1398 117 puissance/ en ont abuse par dessus toute ma¬

710 993 1392 115 niere humaine: ⁊ se sont aussi par plus grand

716 1080 1374 109 orgueil esleuez contre dieu: ⁊ ont infidelemẽt

710 1159 1368 117 mis soubz leurs piedz son nom eternel/ pour

696 1247 1384 114 execrablement estre foulle. Pourtant pro¬

702 1326 1382 113 met il de soy hastiuement uenger deulx/ et

716 1413 1366 103 dexterminer les mauuaises bestes de la terre.

718 1496 1362 113 Mais combien que iceluy mesme ait de cou¬

720 1575 1362 117 stume de uenger les uexations de son peuple

720 1664 1368 111 aussi en ce present siecle: toutesfoys nous com

720 1743 1372 103 mande il attendre patiemment ce iour du ce¬

722 1827 1378 116 leste iugement: auquel cestuy honnorera ou

724 1904 1388 124 punira ung chascun selon ses oeuures. Et

712 1993 1398 113 pourtant que les ames sacrileges nayent pas

716 2078 1378 113 esperance que ceulx quilz ont ainsi oppresse

726 2159 1364 111 doibuent demourer cõtemnez ⁊ sans estre uen¬

726 2238 1370 119 gez. Le salaire uiendra aux loupz rauissantz

728 2325 1374 111 ⁊ deuourans lesquelz ont tormentez les ames

728 2407 1384 114 iustes ⁊ simples sãs auoir faict q̃lque offense.

732 2488 1380 114 Labourons seulemẽt/ que riens ne soit puny

730 2579 1380 105 en nous par les hõmes/ sinon la seule iustice.

813 2662 1218 113 Prenons peine de toutes noz forces/ que

894 2743 1058 111 nous desseruions de dieu ensemble

993 2826 860 107 destre uengez de la passion ⁊

1100 2911 638 123 aussi la premiation.

1799 2988 309 119 ¶ Aucun
