2267 3563
427 142 936 172 de dieu. Chap̃.xii.

156 306 1370 119 ¶ Il est uray q̃ la uerite peult estre enfermee

148 406 1373 98 et liee/ ms elle ne peult estre uaincue: laq̃lle

154 483 1367 101 aussi est contente du petit nombre des siens: ⁊

163 564 1358 104 nest pas espouãtee de la multitude de ses en¬

160 647 1367 119 nemis. Les hõmes aussi iustes peuuẽt bien si¬

148 745 1379 101 muler aucunes choses pour ung tẽps/ pour le

152 819 814 105 salut deulx ⁊ des aultres.

413 924 854 115 ¶ Hierosme sur Ezechiel au

538 1013 624 111 cinquiesme Tome.

156 1118 1380 127 Ezech.12.E. ¶ Ilz mengerõt leur

158 1235 1382 124 pain en sollicitude: ⁊ beuueront leur

156 1353 851 129 eaue en desolation/ ⁊c.

168 1478 1376 105 ¶ Nous pouuons selon la reduction dire que

164 1565 1406 101 ceulx qui croyẽt en Christ sont les habitãs de

172 1648 1409 101 Hierusalem/ lesquelz habitẽt en leglise. Que

192 1732 1380 93 si par leurs pechez ilz ont desseruy loffense ilz

182 1815 1370 97 mẽgeront leur pain en pouurete/ ⁊ beuuront

172 1894 1367 98 leaue en dueil ⁊ en angoisse. * Et souffriront

166 1971 1373 104 la famine/ nõ pas de uiãde de pain/ ne du boi¬

166 2054 1376 113 re deaue: mais la famine de la parolle de dieu

175 2149 1367 101 ⁊ de sa doctrine. Car quant ou par le uice des

178 2226 1372 95 princes/ lesq̃lz doibuẽt estre prins ⁊ liurez aux

187 2312 1387 90 Babiloniens ou par nr̃e durete nous aurons

187 2384 1381 113 perdu la parolle de dieu: ⁊ q̃ noꝰ naurõs point

186 2476 1370 95 desseruy dauoir les eaues utiles: adonc en do¬

190 2561 1378 101 leur ⁊ en pourete mengerõs noꝰ/ ⁊ la terre per¬

197 2642 1388 95 dra la multitude des croyans: et les citez qui

190 2727 1395 103 en tout le monde sont entendues leglise serõt

190 2810 1382 99 desoleez: et la terre sera deserte affin que tous

194 2895 1378 111 les hommes scaichent/ que cest par loffence

1530 182 204 106 224

1550 391 268 116 La ue¬

1539 486 246 84 rite ne

1539 555 243 110 peult es

1547 653 238 92 tre uaĩ¬

1545 736 130 89 cue.

1520 823 287 91 1.cor.12.c

1562 1867 268 125 La fami

1562 1962 265 107 ne de la

1565 2057 274 92 ꝑolle de

1565 2131 283 98 Dieu est

1583 2217 265 98 une tres¬

1589 2292 211 121 grande

1583 2387 190 116 playe.

1374 2979 196 110 faicte
