2267 3563
217 292 1357 167 ¶ Aucun recueit du li¬

211 443 1359 131 ure de sainct Augustin de lessenee

203 558 1333 124 de la diuinite: pour lintelligence

205 669 1329 134 daucũs passaiges obscurs des sain

215 791 1323 125 ctes escriptures/ ⁊ principalement

213 906 1317 129 tres utile pour entendre les pro¬

199 1006 1108 154 phetes. Chap̃.xxui.

496 1130 725 99 ¶ Augustin au liure de

595 1217 491 103 lessence diuine.

493 1288 1034 119 Ieu le pere tout puissant/ ⁊ le filz/ ⁊

510 1381 1032 107 le sainct esprit est ung ⁊ troys: asca

496 1463 1037 107 uoir ung en nature/ ⁊ troys en per¬

484 1532 1063 130 sõnes: seul muisible seul sans me¬

158 1633 1410 104 sure ⁊ incomprehensidle/ seul interminoule/

156 1712 1416 109 seul immuable/ non corpored mous spirituel/

162 1799 1414 101 ⁊ immoited: piesent partout/ mais muce: par¬

162 1882 970 101 tout total/ mais sans mesure.

163 1953 1358 110 ¶ Il est imuisible/ ponceq̃ nubemet ne peul

151 2045 1373 116 estre ueu en son essence: par le tesmoignage de

157 2146 1390 92 lapostre qͥ dit. Lequel nul des hõmes na ueu.

154 2209 1313 109 Et en leuangile. Iamcis nud ne ueit dieu.

166 2292 1384 113 ¶ Il nest pas corporel: car il nest pas compo¬

172 2378 1364 104 se par quelque proportion de mẽbres/ ne aussi

160 2466 1396 101 assemble. Comme la uerite dit en leuangile.

166 2544 1399 119 Dieu est esprit: ⁊ fault que ceulx qui ladorẽt/

176 2642 851 91 ladorẽt en esprit ⁊ en uerite.

169 2698 1402 125 ¶ Il est sons mesure: pourtant que sa quan¬

160 2805 1399 113 tite ou sa quadite ne peult estre mesuree des

164 2884 368 108 creatures.

382 150 1154 142 De la diuinite. Cha.xxui.

139 1282 342 368 D

1613 166 159 132 364

1547 1938 283 143 Dieu est

1550 2057 274 107 iuisible.

1568 2146 280 92 1.tim̃.6.c

1583 2217 271 110 Ioan.1.c

1571 2301 280 115 Non cor

1565 2393 211 112 porel.

1589 2535 229 122 Ioã.4.c

989 2957 551 121 Uu .iiii. ¶ Il est

1583 2710 241 122 Sãs me

1580 2811 137 101 sure.

1554 2895 279 115 Hier̃.32.d
