2267 3563
1067 136 675 137 De lessence de la

745 261 1382 136 ¶ Il est intermine/ pource que nullemẽt il ne

754 356 591 113 peult estre termine.

757 436 1373 122 ¶ Il est sans lieu: pource que nullement il ne

754 528 734 113 passe dung lieu a lautre.

751 605 1376 119 ¶ Il est immuable: pource que nullement ne

727 703 1391 110 peult estre mue de ce quil est. Ie suis le seigñr/

724 789 1403 110 ⁊ ne me mue point. Et pourtãt est dieu appel¬

719 858 1405 124 le immuable/ que en sa nature/ ire ne fureur/

734 952 1398 107 penitence/ oubliance/ ne recordation/ ⁊ autres

740 1033 1382 105 telles choses semblables ne luy peuent aucu¬

736 1116 548 105 nement aduenir.

742 1193 1361 104 ¶ Il est mmmortel: pource que nullement ne

724 1288 1379 104 peult mourir. Mais partout la ou la saincte

733 1377 1376 92 escripture dung coste ⁊ dautre aux liures ca¬

732 1456 1378 97 nonicques descript les mouuemẽs de lame en

732 1534 1372 106 dieu/ ou les mẽbres humais: cestadire le chief/

732 1619 1372 107 les cheueulx/ les yeulx ⁊c. Et autres choses

740 1700 1372 105 semblables: elles ne doibuent pas estre enten¬

734 1783 1390 103 dues charnellement selon lhystoire/ cõme sõt

732 1870 1398 103 entẽdues des Iuifz ⁊ de plusieurs hereticques

734 1949 1396 105 sauourãt charnellemẽt: lesquelz estiment dieu

720 2036 1396 101 estre corporel ⁊ local mais toute chose doibt

730 2118 1378 104 estre spirituellemẽt entẽdue ⁊ confessee de luy.

734 2203 1380 103 Mais si aucun croit que en dieu soyẽt mẽbres

730 2298 1388 81 humains/ ou mouuemẽs de lame/ sans doub¬

732 2369 1077 103 te il forge en son cueur des ydoles.

751 2443 1382 113 ¶ Parquoy cõe il est dit quãt nous lisons fi¬

748 2529 1382 116 gurallemẽt le chief en dieu: noꝰ debuõs entẽdre

748 2609 1367 119 ceste essence de sa diuinite laq̃lle precede toutes

732 2703 1342 103 choses/ ⁊ a laq̃lle toutes choses sõt subiectes.

751 2779 1364 115 ¶ Mais figurallement il fault prẽdre les che

742 2874 1385 118 ueulx de sa teste/ pour ses anges sainctz/ ou

460 276 261 121 Intermi

466 383 113 95 ne.

460 448 214 119 Sans

451 543 167 92 lieu.

457 626 267 107 Immua

460 703 134 101 ble.

457 780 244 128 Malac.

448 878 119 116 3.b.

454 1187 265 128 Immor¬

445 1288 110 104 tel.

439 1374 271 122 1.tim̃.1.d

457 2413 279 146 Le chief

448 2538 256 116 de dieu.

454 2621 276 107 Apoc.1.c

451 2761 279 148 Les che¬

451 2874 229 127 ueulx.

1760 2967 356 107 pour tous
