2267 3563
162 269 1419 124 pour tous les esleuz. Dequoy est dit au liure

172 353 1411 122 de Daniel. Ie regardoye/ iusques a ce que les

166 430 1408 137 throsnes furẽt ms/ ⁊ que lancien des toͬs fut

162 524 1390 115 assis. Ses uestemẽs estoiẽt blãcz cõe la neige¬

158 609 1380 117 ⁊ les cheueulx de son chief cõe la nette laine.

156 688 1384 121 Et le mesme est signifie par sõ uestemẽt blãc q̃

160 766 1379 127 par les cheueulx de sa teste ascauoir ses saĩctz

166 859 1312 118 anges/ ⁊ la multitude des sainctz blanchis.

166 935 1373 124 ¶ Il est dit q̃ dieu a des yeulx: pour ce qͥl uoit

154 1024 1379 131 toutes choses/ ⁊ riẽs ne luy est cele: en la p̃sen¬

156 1112 1380 115 ce duquel (cõme dit lapostre aux Hebrieux.)

160 1196 1382 122 Nulle creature nest inuisible. Car toutes cho

174 1276 1372 123 ses sont nues ⁊ manifestes a ses yeulx. Autre¬

158 1361 1386 121 mẽt aussi sont entẽdus les yeulx du seigneur

156 1443 1388 122 estre le regard de sa grace: cõme est au pseaul¬

154 1526 1355 115 me. Les yeulx du seigñr sont sur les iustes.

164 1611 1406 124 Pareillemẽt aussi misticq̃ment sont prins les

164 1692 1427 129 yeulx du seigñr pour ses cõmõdemẽs/ par les¬

166 1775 1421 111 quelz lo uurctiere de )cience nous est submini-

172 1858 1402 131 stree. Le cõmandement du seigneur est relu¬¬

174 1949 966 117 sant/ ⁊ enluminant les yeulx.

166 2024 1384 119 ¶ Les paupieres du seigneur/ sigmisiẽt ses iu¬

166 2105 1390 133 gemẽs secretz ⁊ incõprehensibles: ou la spiri¬

166 2189 1406 119 tuelle maniere de parler es liures duuĩs. Des¬

166 2271 1396 142 quelles est escript au pseaulme. Ses paupie¬

174 2363 1386 123 res interroguent les filz des hommes: cest adi¬

166 2460 515 111 re/ esprouuent.

178 2514 1399 131 ¶ Dieu est dit auoir des aureilles: poͬ ce quil

187 2600 1393 140 oyt toutes choses: ⁊ riens ne luy est cele en si¬

175 2684 1331 142 lence. Laureille du ciel oyt toutes choses.

178 2767 1399 130 ¶ Les Narines de dieu sont son inspiration

172 2859 1396 154 aux cueurs des fideles. La fumee est mõtee de

353 118 1105 170 diuinite. Chap̃.xxui.

1568 124 173 146 30)

1607 326 235 128 Danieb

1583 424 134 137 7.c.

1556 742 262 133 Apoc.1.c

1604 917 214 113 Les y¬

1550 1018 182 89 eulx.

1556 1172 244 110 Heb.4.c

1568 1493 256 125 Ps̈.33.c

1592 1823 241 127 Ps̈.18.b

1562 2001 271 118 Les pau

1574 2093 214 107 pieres.

1577 2238 241 134 Ps̈.10.b

1592 2511 250 110 Les au¬

1598 2598 202 103 reilles.

1601 2672 235 124 Sap̃.1.c

1598 2776 232 101 Les na¬

1577 2862 175 98 rines.

1565 2936 271 128 2.reg.22.

1197 2945 350 136 ses norines:
