2267 3563
463 418 264 128 La face.

463 519 270 119 Ps̈.79.a

738 267 1386 113 ses narines: cest adire une compunction lar¬

734 358 1273 105 moyeuse du penite nt: par son inspiration.

751 439 1370 113 ¶ La face de dieu/ est la cõgnoissãce de sa dei¬

754 528 1367 104 te uers les hõmes. Seigneur monstre nous ta

734 607 1382 97 face ⁊ nous seront sauuez. Cest adire/ Donne

712 692 1398 101 nous la cõgnoissãce de toy: laq̃lle cõgnoissan

706 777 1406 101 ce a este manifestee aux hommes par son filz.

714 859 1408 104 Aussi autremẽt la face de dieu signisie linuisi

726 936 1396 109 ble essẽce de la diuinite du filz de dieu. De la¬

742 1021 1368 113 quelle luy mesme en respondant par lange a

754 1098 1343 104 Moyse/ dist. Tu uerras mes ꝑties de derriere?

732 1191 1366 101 mais tu ne pourras ueoir ma face. Cõme sist

720 1276 1374 101 disoit. Tu uerras au dermiers ioͬs mon incar¬

722 1369 1358 89 natiõ: mais tu ne pourras ueotr ma ditrinite.

751 1434 1340 109 ¶ La boucde de dieu/ est le filz de dieu le pere?

748 1511 1343 113 cest adire le seigñr Chust. Duquel Hieremie

748 1603 1343 113 dit/ parlant en la personne des uuifz. Pource

742 1680 1343 119 q̃ nous auons ꝓuoque sa bouche a courroux.

740 1775 1366 105 Autremẽt aussi la bou che du seigñr/ est la pa

748 1861 1361 107 rolle du seigñr ou son cõmãdemẽt. La bouche

751 1938 612 101 du seigneur a parle.

730 2022 1361 106 ¶ La parolle de dieu/ est le slz de dieu le pere.

733 2111 1358 98 par laquelle toutes choses sõt faictes. De la¬

745 2194 1352 101 quelle est dit aux ꝯseoulmes. Uar la parolle

732 2274 1368 111 de dieu toutes choses sont faictes. Il a enuoye

738 2361 719 103 sa parolle ⁊ les a guery.

745 2440 1370 110 ¶ La langue de dieu/ misticquemẽt signifie le

742 2514 1364 113 sainct esprit: par lequel dieu le pere a mani¬

736 2610 1372 105 feste son secret aux hommes. Duquel est dit.

742 2690 1355 109 Ma langue est la plume de lescriuãt escriuãt

732 2779 487 97 legierement ⁊c.

742 2862 1367 130 ¶ Les leures du seigñr sont entẽdues pour la

1088 126 695 141 De lessence de la

454 1086 265 119 exo.33.d

454 1434 267 104 La uou¬

451 1514 146 104 che.

460 1600 250 119 Threñ.

454 1689 113 110 1.f.

451 1823 282 139 esa.40.b

448 1929 152 107 58.d.

448 2010 244 118 La pa¬

448 2102 175 104 rolle.

457 2179 238 128 p̃s.32.b

451 2425 276 107 La lan¬

451 2520 152 116 gue.

445 2669 265 124 p̃s.44.a

442 2847 262 113 Les le¬

445 2953 182 97 ures.

1756 2949 356 101 consonãce
