2267 3563
407 115 1057 184 diuinite. Cha.xxui.

122 273 1414 136 cõsonãce des deux testamẽtz. Desquelz deux

127 350 1412 142 testamentz est escript aux Prouerbes. Diui¬

127 436 1400 142 nation est en ses leures: sa bouche ne sera pas

132 546 636 113 errante en iugement.

127 590 1364 152 ¶ Le bras de dieu le pere: est prins singuliere¬

120 690 1382 129 mẽt pour son filz. Duquel Hieremie dit a ice¬

124 777 1364 128 luy. Et maintenãt mon seigñr dieu qui as me

130 857 1372 134 ne hors tõ peuple de la terre degypte en main

132 938 1378 138 forte/ ⁊ en bras estẽdu. Et pourtãt est le filz de

128 1021 1388 136 dieu le pere/ appelle son bras: pource que toute

126 1126 1057 119 creature esleue est contenue de luy.

130 1178 1379 137 ¶ La dextre de dieu le pere est prinse pour son

136 1264 1373 140 filz seul engendre. Duq̃l est dit au Pseaulme

130 1359 1379 140 De la ꝑsonne de lhõme qͥl a prins. La dextre

128 1441 1390 132 du seigñr a faict uertu: la dextre du seigneur

130 1522 1378 140 ma exalte. Aussi autrement la dextre du seigͬ

144 1609 1396 136 signifie la gloire du pere: cest adire beatitude

130 1674 1423 155 eternelle. Siedz toy a mes dextres. Mais aus

146 1769 1424 141 si toute creature esleue au ciel ⁊ en la terre/ est

144 1858 1420 135 appellee la dextre de dieu: Cõme aussi par sa

150 1937 1404 139 senestre est entẽdue la creature reprouuee/ cest

146 2030 1150 129 adire les diables ⁊ tous les infideles.

148 2093 1388 160 ¶ La main de dieu le pere/ est prinse pour le

156 2187 1404 136 filz/ dautãt q̃ par luy sont faictes toutes cho¬

162 2270 1408 137 ses. Autrement aussi par la main de dieu/ est

160 2353 1400 141 entẽdue la puissance diceluy. De laq̃lle puis¬

157 2443 1396 137 sãce est escript au liure de Hieremie. Cõme la

164 2525 1410 135 terre molle est en la main du potier: ainsi estes

174 2606 1413 137 uous en ma main/ uoꝰ maison Disrael. De¬

162 2684 1437 138 rechief la main du seigͬ est prinse poͬ sa flagel

166 2764 1411 142 latiõ. Ie estendray aussi la main sur Iudas ⁊

163 2850 1370 178 Hierusalem. La main du seigñr ma touche.

1583 115 187 140 366

1565 341 241 113 Prouer.

1556 430 155 116 16.b.

1518 578 288 116 Le bras.

1515 742 279 151 hier.32.d

1530 1160 264 125 La dex¬

1533 1261 113 101 tre.

1533 1342 249 133 p̃s.117.c

1577 1636 265 151 p̃s.109.a.

1562 2081 274 131 La maĩ.

1583 2416 271 116 hier.18.a

1595 2749 247 122 soph.1.a

1586 2844 256 131 Iob.19.c

1249 2943 309 131 ¶ Le doigt
