2267 3563
1063 152 703 136 De lessence de la

760 264 1379 157 ¶ Le doigt de Dieu/ singulierement est prins

752 378 1390 126 pour le sainct esperit: duquel sainct esperit est

766 466 1373 110 recite/ que la loy fut escripte en deux tables de

760 540 1367 122 pierre sur la mõtaigne de Sinay. Si ie iette

738 629 1216 119 hors les diables par le doigt de dieu ⁊c.

736 706 1391 122 ¶ Mais les doigtz en plurier sont entendus

727 798 1403 113 les sainctz ꝓphetes: par lesq̃lz le sainct esprit

733 884 1397 119 a mis par escript les liures de la loy ⁊ des ꝓ¬

748 958 1378 126 phetes par son ĩspiratiõ. Ie uerray tes cieulx

754 1033 1355 142 qͥ sõt les oeuures de tes doigtz. Par les cieulx

740 1126 1362 130 nous entendõs les liures/ ⁊ par les doigtz les

732 1213 592 105 sainctz prophetes.

733 1282 1364 140 ¶ Lymage de dieu le pere inuisible/ ⁊ son filz

748 1371 1355 134 seul engendre/ Lapostre dit. Lequel est lyma¬

748 1458 590 107 ge de dieu inuisible.

760 1532 1343 133 ¶ Le cueur de dieu le pere/ signifie misticque¬

754 1630 1346 121 ment le secret de sa sapiẽce. Mon cueur a pro¬

746 1706 816 111 fere hors la bonne parolle.

751 1790 1364 125 ¶ Dieu est dit auoir des aeles: pource quil re¬

748 1879 1367 110 cueille soubz soy par son amour/ ses esleuz cõ

736 1965 1373 122 me petis poucins/ ⁊ les nourrit. Deffens moy

732 2042 806 107 soubz lombre de tes aeles.

733 2114 1364 124 ¶ Dieu est dit auoir des espaules: pource que

748 2212 1349 109 patiẽment il porte cõme sur ses espaules les

728 2290 1374 113 membres qui sont foibles/ et en les portãt les

742 2366 1367 137 deffend. Il te fera umbre de ses espaules ⁊ au¬

732 2458 907 109 ras esperance soubz ses aeles.

748 2529 1370 131 ¶ Le uẽtre de dieu/ est prins pour la naissance

736 2628 1372 117 secrete de sa substãce ou de sa sciẽce. Ie tay en¬

742 2698 1355 137 gendre du uentre/ deuãt Lucifer. Autrement

732 2791 1374 122 aussi le uẽtre de dieu denote ses iugementz in¬

724 2874 792 132 comprehensibles ⁊ secretz.

466 276 273 139 Le doigt

460 436 285 131 Exo.8.a.

460 531 264 113 Luc.11.c

457 703 262 101 Les do¬

451 798 220 110 igtz en

445 890 244 104 plurier.

442 1021 268 128 Ps̈.8.a

442 1285 256 113 Limage

439 1371 259 110 Col.1.b

451 1535 282 109 Le cueur

451 1638 276 93 ps̈.44.a

448 1787 262 110 Les ae¬

445 1885 140 95 les.

442 1956 223 119 p̃s.16.c

442 2099 253 124 Les es¬

442 2206 259 118 paules.

448 2375 268 139 p̃s.190.a

442 2523 279 128 Le uẽtre

439 2704 282 182 p̃s.109.a

1643 2979 451 116 ¶ Les parties
