2267 3563
320 145 1085 151 diuinite. Chap̃.xxui.

124 296 1423 119 ¶ Les parties de derriere du filz de dieu sont

130 388 1417 116 prinses pour son incarnatiõ. Tu uerras mes

136 479 594 100 parties de derriere.

133 543 1373 122 ¶ Les piedz de dieu/ sont la stabilite de sa uer

124 635 1370 107 tu ⁊ puissance: de ce q̃ par tout il est p̃sent/ et q̃

121 712 1379 110 toutes choses luy sõt subiectes. Le ciel est mõ

136 792 1290 113 siege: ⁊ la terre est la scabelle de mes piedz.

132 886 1388 107 Autremẽt. Car cõme nous auõs dit que par le

132 967 1382 107 chief est exprime sa diuinite/ aussi ꝑ les piedz

124 1057 1385 109 est figuree lhumanite. Tu as tout assubiecty

138 1136 1372 107 soubz ses piedz/ toutes les brebis ⁊ les beufz.

128 1225 1394 107 Autrement/ par les piedz du seigñr Iesuchrist

140 1302 1384 111 sont signifie les sainctz p̃dicateurs/ desq̃lz est

124 1392 1394 98 dit au Deuteronome. Ceulx qui approchẽt a

138 1470 1069 111 ses piedz/ prendront de sa doctrine.

133 1538 1397 121 ¶ Le uestemẽt du filz de dieu/ aucunesfois si¬

133 1627 1426 127 gnifie sa chair qͥ a este prinse par sa diuinite.

133 1713 1429 113 Qui est cestuy qͥ uiẽt de Edom/ ayãt les ueste

136 1799 1436 113 mẽtz teintz de Bosra? Derechief les mesmes

142 1882 1420 115 uestemẽtz du seigñr sont prins poͬ leglise/ la¬

144 1967 1319 111 quelle est a luy cõioincte par foy ⁊ dilectiõ.

139 2054 1385 113 ¶ Le mãteau de dieu/ est urayement entendue

136 2134 1400 107 leglise p̃dicte. Il lauera son estolle en uin: cest

139 2217 1414 107 adire sa chair au sang de la passiõ: ⁊ son man

139 2292 1376 127 teau/ cest adire leglise/ au sang de la grappe.

148 2387 1397 116 ¶ Les soulliers de dieu/ misticquement signi¬

142 2458 1403 125 fient son incarnatiõ/ laq̃lle benignemẽt a uou

152 2553 1416 113 lu prendre de la mortalite du genre humain.

154 2627 1417 128 Ie estendray mon chaussemẽt en Idumee: cest

152 2719 1429 115 adire/ ie manifesteray au peuple des gentilz

150 2808 608 103 mon incarnation.

157 2880 1399 133 ¶ Les pas du seigñr/ sont la uenue du filz de

1528 174 150 111 367

1571 285 241 118 Les par

1568 383 250 112 ties ð der

1547 481 188 92 riere.

1536 537 291 128 exo.33.d

1586 626 152 107 Les

1536 706 193 113 piedz.

1518 789 276 116 esa.66.a

1536 1039 202 124 p̃s.8.b

1539 1386 285 104 deu.33.a

1562 1546 280 104 Le ueste

1580 1627 155 98 mẽt.

1586 1716 256 118 esa.63.a

1556 2030 274 122 Le man

1568 2137 167 92 teau.

1577 2203 205 109 Gene.

1559 2292 158 101 49.b

1571 2363 283 128 Les soul

1577 2470 190 98 liers.

1601 2618 199 119 p̃s.59.b

1574 2868 262 121 Les pas

1328 2969 234 109 dieu au
