2267 3563
323 160 1088 163 diuinite. Chap̃.xxui.

130 316 1424 109 este. Cõme il est dit que le filz de Dieu est des¬

136 407 1408 91 cendu quãt il a prins uraye chair humaine de

142 486 1382 105 la uierge Marie/ pour nostre redẽption. De

138 572 1378 102 laq̃lle descẽte: cest adire incarnation est dit. Il

132 659 1362 95 a encline les cieulx ⁊ est descendu: ⁊ lobscurite

126 740 1374 105 est soubz ses piedz. Il a encline les cieulx poͬ

130 827 1382 97 ce que deuant son aduenement il a enuoye des

134 908 1378 101 anges ou des prophetes comme messagiers:

118 982 1406 101 pour annoncer aux hõmes sa uenue. Lobscu¬

126 1070 1390 103 rite a este soubz ses piedz: car les hõmes infide

128 1157 1392 99 les aueuglis de leur malice/ ne ont peu con¬

132 1241 1384 107 gnoistre son incarnation/ et aussi ne peuuent

136 1326 432 89 maintenant.

138 1399 1380 109 ¶ Dieu est dit soy tenir debout quant il attẽd

136 1481 1379 104 les foibles/ cest adire/ sa creature patiẽment a

133 1567 1385 110 penitence par la conuersation de sa uie. Il sest

138 1656 1412 95 tenu debout et a mesure la terre: et a deslie les

144 1735 1420 107 gẽtilz: cest adire il sest tenu debout pour subue

142 1825 1418 104 nir: et a deslie les croyans en luy des liens de

150 1904 251 91 peche.

151 1974 1379 125 ¶ Dieu est dit passer oultre/ quant il se retire

142 2063 1388 113 des cueurs daucuns hõmes/ esquelz par auãt

144 2163 1398 103 estoit estime y habiter par foy: mais ap̃s ce par

144 2242 1410 103 linfidelite secretement rauissante ⁊ par toute

148 2331 1398 95 autre malice se retire/ ⁊ passe aux autres: com

148 2399 1382 121 me des Iuifz aux gẽtilz/ ⁊ des heretiques aux

150 2498 1408 99 catholiques: ce quil na pas acoustume de fai¬

162 2579 1406 101 re localement ou uisiblement/ mais inuisible

162 2662 1018 101 ment ⁊ par secret ⁊ iuste iugemẽt.

164 2739 1400 101 ¶ Dieu est dit cheminer: non pas en passãt de

166 2824 1390 101 ung lieu a lautre: ce qͥ est infidele de croire ain

170 2907 1392 117 si: mais son chemin est de prendre sa delecta¬

1536 190 150 126 368

1530 680 259 137 Ps̈.17.a

1538 1419 275 109 Tenir ð

1536 1517 187 92 bout.

1547 1591 289 125 abac.3.a

1553 1956 214 158 Passer

1553 2090 220 113 oultre.

1556 2393 262 127 Ro.11.c.

1581 2745 248 152 Chemi¬

1579 2868 117 93 ner.

1296 3004 262 119 tion aux
