2267 3563
472 347 217 151 Leuiti.

457 472 155 98 26.b

457 567 273 98 2.cor.6.d

744 308 1394 107 tion aux cueurs des sainctz/ cõe il est escript.

757 388 1364 113 Et habiteray en eulx et chemineray: et seray

748 475 1373 109 leur dieu. Ou certainement/ Dieu cheminer:

751 552 1379 116 est passer de ung lieu en lautre par ses sainctz

728 655 446 99 predicateurs.

724 727 1391 113 ¶ Le par ler de dieu/ est inuisiblemẽt sans son

718 817 1414 99 de uoix/ ou sans quelque resonnance secrete¬

734 900 1398 103 ment inspirer es pẽsees des sainctz sa uolunte

740 981 1396 103 ⁊ droict entendemẽt: ou reueler les choses a ue

734 1066 1390 101 nir cõme aux ꝓphetes. Laquelle locution de

734 1152 1376 97 la bouche de dieu (cõe aucuns dient) est prinse

726 1233 1390 101 de troys manieres. Car premieremẽt est par la

724 1318 1397 92 creature subiecte: cõme il apparut a Moyse

738 1399 1392 97 au uux Ison ⁊ ou feu: ou cõme il uoulrit appa¬

754 1475 1370 104 roir a Abraam/ Jacod/ ou cõme il est dit desia

742 1565 1372 101 a Moyse ⁊ a tous les autres sainctz/ par les

740 1644 1372 107 anges. Secõdemẽt par songes/ cõme il a uou

734 1730 1380 104 lu reueler les secretz a Iacob/ ⁊ a zachorie le

748 1808 1367 107 prophete/ ⁊ a Ioseph espoux de Marie/ ⁊ aux

734 1896 1394 95 autres saĩctz ausquelz il a uoulu. Tiercemẽt

724 1981 1402 109 nõ point par creature uisible ne aussi por son

720 2066 1388 103 ges: mais seulemẽt par secrete inspiration/ en

724 2149 1384 95 touchant inuisiblemẽt les cueurs des sainctz

728 2230 1382 101 les a faictz parlantz: cõme on lit aux liures

726 2313 1382 105 des prophetes/ quand iceulx ꝓphetes subite¬

724 2395 1388 110 ment inspirez de lesprit diuin sescryoient/ di¬

728 2478 986 109 sans. Le seigñr dit telles choses.

733 2559 1382 104 ¶ Le ueoir de dieu/ est de approuuer les bõnes

724 2646 1390 95 oeuures. Cõme ce en Genese. Dieu a ueu tou

733 2731 1382 95 tes les choses qͥl auoit faict/ ⁊ estoiẽt fort bon¬

724 2816 1372 101 nes: cest adire qͥl demõstra estre bõnes a ceulx

720 2899 1370 121 qui entendẽt. Autremẽt le ueoir de dieu/ cest en

466 694 232 143 Parles.

1083 166 677 130 De lessence de la

442 1279 268 125 Exo.3.a

457 1431 279 154 geñ.22.e

457 1823 276 139 Mat.1.c

445 2526 238 128 Ueoir.

448 2719 262 169 Geñ.1.d

1667 2985 417 116 congnoissant
