2267 3563
742 328 1364 109 faicte au seigñr. Ce urayemẽt que nous pou¬

734 423 1234 101 uons entendre au tẽps de la persecution.

871 516 1075 119 ¶ Hierosme sur lepistre ad Titum

1197 613 432 101 au .ix.Tome.

726 688 1378 137 Titum.3. C. ¶ Mais euite les

734 809 719 129 folles questions/ ⁊c.

724 920 1384 103 ¶ Les dialectiq̃s (desquelz Aristote est le prin¬

724 1009 1384 93 ce) ont de coustume de tendie les rethz dargu¬

720 1090 1382 87 mentations/ ⁊ de conclurre la uaine liberte de

704 1173 1382 103 rethorique entre les espines des Silogismes.

698 1258 1396 101 rCeulx dõc qͥ cõuersent tous les iours ⁊ tou¬

695 1348 1408 97 tes les nuyctz en telz silogismes/ om pour in¬

698 1419 1405 101 terroguer/ ou poͬ respõdre/ ou pour dõner/ ou

710 1502 1381 95 prẽdre q̃lque xposition/ pour subsumer ⁊ con

730 1582 1355 110 fermer/ ⁊ pour cõclure: se telz gens appellent

730 1665 1349 104 aucuns cõtentieux lesq̃lz disputẽt cõe ilz leur

721 1754 1364 101 plaist sans raison/ mais plus tost par estrif ⁊

718 1832 1382 103 courroux. Si donc ceulx font telle chose/ des¬

727 1921 1373 92 quelz leur ꝓpre art est contẽtion: quelle chose

695 2001 1393 92 doibt fatre le Chrestien/ sinon totallemẽt fuyr

686 2084 1396 101 la contẽtion? Aussi les proces et les estrifz le-

680 2158 1399 110 gaulx doibuent estre deboutez/ ⁊ doibt on de¬

687 2244 1399 103 laisser les Ioͬies des Iuifz. Car edes sõt uoi¬

696 2329 1396 101 nes ⁊ inutiles ⁊ ont seullement lapparence de

710 2410 1384 107 sciẽce: mais elles ne proffitent ny a ceulx qui

710 2496 1382 95 les dient ny a ceulx qui les oyent. Car q̃ me

708 2577 1384 105 proffite de scauoir cõbien dans a uescu Ma¬

708 2662 1374 107 thusalem: ⁊ en quel an de son eage Salomõ

706 2743 1368 105 print sa femme/ ascauoir par aduẽture sil est

702 2832 1367 99 a croire q̃ Roboam ayt este naiz en lunziesme

689 2913 1372 125 annee de son eage: ⁊ beaucoup de telles choses

950 192 905 130 Lutilite de la parolle

395 1208 285 137 Lesque¬

401 1327 264 107 stions et

412 1410 265 95 les noi¬

418 1493 250 98 ses des

427 1567 280 95 par olles

442 1650 265 104 sont re¬

437 1739 238 99 futees.

404 1891 297 122 1.tim̃.1.a

398 1989 199 89 ⁊.4.b.

392 2069 255 98 2.tim̃.2.

401 2146 246 116 c.d. ⁊.3.b

1781 2996 286 105 qui sont
