2267 3563
418 151 1076 166 diuinite. Chap̃.xxui.

162 312 1414 115 cõgnoissant les maulx des hõmes les reprou

166 397 1402 104 uer. Cõme est ce en Esaie. Et le seigñr ueit/ et

166 477 1390 114 le mal fut mõstre deuãt ses yeulx. Pareille¬

162 560 1380 114 ment aussi le ueoir de dieu/ cest de nous faire

151 638 1373 119 uoyãs: cestadire/ saichans. Seigñr esprouue

150 734 1384 109 moy/ ⁊ cõgnois mon cueur ⁊c. Puis apres. Et

151 804 1376 113 regarde si la uoye diniquite est en moy. Alors

158 894 1384 103 la ueit/ ⁊ recita ⁊ enq̃sta: cest adire/ il les feist

154 981 1384 111 uoyans ⁊ preschans et enquestans/ et annon¬

148 1070 592 95 ceans aux autres.

148 1128 1391 127 ¶ Le congnoistre de dieu/ est de les faire con¬

151 1220 1385 125 gnoissans. Cõme luy mesme dist a Abraam.

151 1309 1388 104 Maintenãt ay ie cõgneu que tu crains dieu.

148 1397 1402 103 Car aussi cestuy ne le congneut pas seulemẽt

148 1478 1396 103 alors/ qui scait toutes choses auant quelles se

150 1561 1398 111 faicent. Maĩs dieu est dit cõgnoistre quand il

148 1644 1418 111 nous faict cõgnoissans: tellement q̃ ceulx qui

148 1722 1428 118 par auãt estoient ignorans quelz ilz estoient:

150 1803 1426 121 par son interrogatiõ: cest adire/ par sa ꝓbatiõ

156 1888 1416 111 sont faictz manifestes a eulx mesmes. Et est

148 1971 1406 111 ce en la loy de Moyse du peuple de Israel.

145 2054 1379 125 Affin (dit il) que ie les tente: ascauoir silz gar¬

148 2147 1014 101 dent mes cõmandemens ou non.

148 2226 1399 104 ¶ Le non scauoir de dieu/ est de reprouuer au¬

145 2307 1402 103 cuns reprouuez. Cõme en leuãgile. Ie ne scay

151 2384 1385 110 dont uous estes. Retirez uous de moy uous qͥ

154 2482 533 101 faictes iniquite.

160 2550 1396 113 ¶ Dieu est dit estre ialoux: quant souuent il

157 2633 1408 113 chastie sa creature laq̃lle il ne ueult pas per¬

156 2721 1423 113 dre: ⁊ la corrige ⁊ flagelle/ ⁊ en la flagellant la

148 2791 1417 124 ramaine a soy. Ou certainement dieu est dit

156 2882 1392 128 estre ialoux: quant il ne ueult laisser nul pe¬

1625 172 175 139 369

1586 365 265 148 Esa.59.c

1550 644 182 113 p̃s.13.

1556 798 265 128 Iob.28.d

1568 1128 256 110 Cõgnoi

1568 1217 137 107 stre.

1562 1300 247 125 geñ.22.c

1553 2016 283 130 deut̃.13.a

1562 2200 280 121 Nõ sca¬

1565 2304 158 92 uoir.

1565 2363 283 128 Luc.13.e.

1580 2532 262 122 Estre ia

1592 2627 169 107 loux.

1583 2779 238 142 exo.20.a

991 2973 549 118 Xx che impuny.
