2267 3563
1041 144 673 150 De lessence de la

728 292 394 107 che impuny.

748 377 1355 106 ¶ Dieu est dit soy courroucer/ non point par

745 460 1367 104 mouuemẽt de couraige/ ne par quelque autre

740 544 1372 107 perturbatiõ/ ce que nullemẽt ne luy peult ad¬

722 627 1384 105 uenir: mais est dit faire ⁊ rendre la iuste uen¬

712 710 1394 113 geãce aux hõmes infideles ⁊ pecheurs/ ⁊ a la

706 791 1410 103 creature offensant: cest adire/ urayement leur

718 874 1402 109 rẽdre ce qͥlz desseruẽt: ⁊ ainsi la uẽgeance diui¬

740 958 980 106 ne est appellee son ire ⁊ sa fureur.

763 1048 1346 101 ¶ Dieu est dit soy repẽtir: nõ point que selon

757 1137 1352 98 la maniere des hõmes il se repẽte poͬ ses oeu¬

751 1211 1358 101 ures qui sont faictes. Car celuy qui congnoit

718 1292 1406 105 toutes choses auant quelles soient faictes/ ne

738 1375 1386 107 peult soy repẽtir de ses oeuures qͥ sont faictes.

750 1458 1378 105 Mais la penitẽce ⁊ repentãce de dieu/ est chã¬

754 1543 1356 101 ger les choses ordõnees: ⁊ tellemẽt que ce que

758 1625 1356 101 parauãt auoit este cõmence autremẽt/ le chã¬

756 1712 1350 99 ge en autre maniere: cest adire/ ou de bien en

752 1789 1372 103 mal par la desserte des pechez: cõme on lit q̃ le

772 1876 1361 107 seigneur se repentit de Saul/ quil lauoit con

760 1956 1373 110 stitue roy. Et ceste mutation de bien en mal/

738 2042 1394 103 ou de mal en bien/ laq̃lle par ung secret ⁊ iuste

740 2125 1382 101 iugemẽt de dieu est faicte ou par seuerite ⁊ cru¬

758 2207 1368 103 delite de iustice/ ou par sa misericorde: ce ap¬

760 2292 1093 97 pellons nous la repentance de dieu.

778 2363 1358 98 ¶ Le non repẽtir de dieu est nullemẽt muer ses

775 2449 1376 113 ordõnances. Le seigñr a iure ⁊ ne se repentira

778 2529 1373 107 point: cest adire/ le pere a iure au filz/ Tu es

768 2618 1374 105 prestre eternellemẽt selon lordre de Melchise¬

764 2701 1370 103 dech. Le filz de dieu est appelle le prestre du pe

781 2782 1352 106 re: non pas selon la diuinite/ mais a cause de

778 2862 1355 148 lhumanite en laquelle soymesme sest offert a

451 353 232 130 Cour¬

451 478 232 112 roucer.

457 1024 282 125 Soy re¬

457 1134 235 98 pentir.

466 1202 261 143 p̃s.105.g

466 1849 276 131 1.regum

466 1971 149 92 15.b.

481 2345 276 140 Soy nõ

478 2467 241 89 repẽtir.

481 2541 279 107 p̃s.109.a

472 2773 285 127 Hebr.9.d

475 2877 258 115 10.a.b.c.

1845 2951 277 115 dieu son
