2267 3563
176 304 1398 127 dieu son pere sacrifice acceptable pour nous

188 385 1386 131 par sa mort ⁊ passiõ: affin q̃ cestuy mesme fust

184 482 986 113 le prestre qui aussi est le sacrifice.

178 543 1349 133 ¶ Dieu est dit oublier: quand il ne faict pas

172 641 1370 115 de mercy a aucũs infideles ⁊ pecheͬs: ce uraye

172 716 1370 121 mẽt quilne faict point par crudelite/ laquelle

178 801 1362 129 nest pas en dieu: mais par son secret ⁊ iuste iu

182 912 271 99 gement.

175 950 1364 133 ¶ Dieu est dit endurcir les cueurs daucũs: cõ¬

166 1051 1373 115 me il est escript de Pharaon: nõ pas que dieu

169 1134 1370 116 tout puissant par sa puissance il endurcisse

172 1219 1364 121 leurs cueurs: ce qui est infidele de ainsi croy¬

174 1298 1374 121 re: mais par la desserte de leurs pechez quand

172 1385 1378 121 iceulx perpetrãt en eulx mesmes les maulx/

170 1472 1388 107 ilz nourrissent la durete de leur cueur dieu ne

176 1551 1374 123 oste pas ceste durete: cõe sil endurcissoit ceulx

172 1637 1328 122 lesq̃lz par iuste iugeme/ laisse estre endurcy.

178 1725 1399 112 ¶ Le dormir de dieu/ est quãd le filz (eul engẽ

174 1805 1409 117 dre du pere/ en lachair quil a prins poͬ nous

180 1882 1399 123 a benignemẽt uoulu mourir. La mort duquel

178 1965 1388 127 est urayemẽt annõcee ung doulx dormir. Au¬

174 2054 1376 113 tremẽt dieu est dit dormir quand la soy de luy

172 2135 1398 123 entre les prosperitez de ce monde icy ne ueille

175 2212 1402 127 point aux cueurs daucuns fideles/ mais dort.

178 2302 1382 122 Et celle dormitiõ a signifie nostre sauueuren

205 2387 1345 118 soymesme/ quãd il dormoit en la nauire entre

178 2472 1384 111 les flotz de la mer. Ou certainemẽt le dormir

192 2553 1384 119 de dieu: est ung petit tard subuenir a ses esleuz

190 2633 1390 116 mis es tribulations de ce mõde. Lieue toy sei¬

190 2733 997 103 gneur pourquoy es tu endormy.

181 2788 1399 121 ¶ Le ueiller de Dieu/ est se demonstrer mani¬

184 2874 1375 157 feste en la deffension de ses esleuz/ ⁊ en la uen

415 127 1037 184 diuinite. Cha.xxui.

1592 163 184 151 30

1550 534 298 142 Oublier

1559 926 265 151 Endur¬

1559 1051 113 101 cir.

1568 1125 259 139 Exo.4.e.

1604 1689 247 142 Dormi¬

1568 2354 259 134 mat.8.e

1604 2615 211 119 p̃s.43.d

1033 2966 544 145 Rx .ii. geance

1604 2776 238 127 Ueiller.

1586 2877 262 124 Hiere.1.a
