2267 3563
881 152 1017 140 De lessence de la diuinite.

738 294 703 109 geance de ses ennemys.

746 376 1372 110 ¶ Toutes ces choses icy predictes/ et autres

742 463 1380 107 semblables q̃ lescripture saincte recite de dieu

732 548 1380 109 selon lhystoire/ ne doibuent pas estre prinses

720 631 1388 111 selon la lettre/ mais par la locution figura¬

704 716 1402 107 tiue. Car dieu tout puissant en lessence de sa

702 799 1412 113 diuinite est ung esprit/ ⁊ non pas chair/ inui¬

728 884 1384 101 sible ⁊ sans corps/ ⁊ nest compose de nulz mẽ¬

730 965 1386 107 bres humains. Et pourtant ne doibt pas estre

742 1051 1350 104 cõtemple des yeulx de chair/ mais des yeulx

833 1130 1154 113 du cueur. Bienheureux sont les netz de

888 1211 1046 115 cueur car iceulx uerront dieu. Car

978 1296 861 113 ueoir dieu/ est droictement

1059 1383 685 105 croyre en luy/ ⁊ le ay¬

1180 1464 443 111 mer de tout son

1318 1549 198 93 cueur.

1017 1884 834 109 ¶ A la louẽge de Dieu soit

1138 1959 580 123 fin de ceste seconde

1286 2050 256 107 partie.

453 1154 303 114 mat.5.a
