2267 3563
611 205 1368 133 A. Sõnier aux lecteurs fidelles. S.

457 336 1637 123 ¶ Freres ⁊ seurs en Iesuchrist/ Ce p̃sent liure tres utile ⁊

461 435 1639 107 salutaire uous a este collige de plusieͬs docteurs auctẽ

453 512 1651 113 ticques/ desq̃lz on a retire les auctoritez ⁊ sentẽces prin¬

457 595 1649 117 cipalles/ q̃ sont p̃sque a tous les ꝓpos de la saĩcte escet¬

459 680 1639 113 pture/ a celle fin q̃ ceulx ⁊ celles qͥ ne peuẽt auoir ny en¬

453 760 1655 105 tẽdre les liures desd docteͬs/ uoyẽt en ce petit recueil la

445 843 1669 119 sentence ⁊ opiniõ diceulx/ lesq̃lz toutessois ne receurõt

437 936 1673 101 cõe texte descripture/ sinõ dautant qͥlz serõt cõformes a

439 1013 1663 103 icelle/ a laq̃lle napꝑtiẽt a hõe dy adiouster ou diminuer.

451 1092 1647 107 Et poͬ ce q̃ ne pouõs entendre ne discerner les cõmãde¬

451 1175 1635 111 mẽs de dieu de ceulx des hões (plusieͬsfois repugnãs a

449 1260 1645 111 la uerite) sãs estre biẽ exercitez ꝑ louye ou lecture de la

445 1342 1663 112 diuine escripture/ laq̃lle seulle noꝰ /ict cõgnoistre dieu.

457 1425 1655 113 A cause de quoy: tout õsicõe ung chasciẽ des/ yre destre

465 1510 1643 107 saulue: Aussi appartiẽt ⁊ est loyuidle ⁊ necessaire a toꝰ ⁊

461 1591 1643 113 toutes de q̃lque estat eage ou cõditiõ qͥlz sout destre cer¬

465 1672 1631 111 tains de leur salut/ ce qͥlz ne peuuẽt sãs auoir entẽdu et

463 1755 1643 105 ereu les belles/ saĩctes ⁊ infallibles ꝓmesses de dieu/ les¬

465 1842 1643 105 q̃lles sont ꝯtenues en son ueritable ⁊ eternel testamẽt/

463 1920 1655 114 dedãs leq̃l il noꝰ a absoluemẽt cõmãde ce qͥl luy plaist/

461 2005 1665 118 ⁊ deffendu ce qͥ luy desplaist. Pourtãt chrestiẽs ⁊ chrestiẽ

463 2092 1649 109 nes qui nous nõmons enfans de dieu/ soyõs diligẽs de

467 2173 1641 111 ouyr/ lire ⁊ entẽdre lo soãcte parolle de nr̃e pere. Et plus

467 2254 1649 115 ne escoutõs ceulx qͥ la cachẽt ⁊ deffendẽt poͬ tousiours

469 2351 1651 101 mieulx tromper ⁊ piller les pouures ignorãs: craĩgnãs

473 2422 1657 119 qͥlz ne ꝯgnoissẽt leͬs fallaces ⁊ deceptiõs par lintelliqẽce

473 2507 1649 113 de leuãgile/ qͥ est la grãde lumiere/ qui descouure ⁊ faict

473 2593 1655 110 apparoir tous uices ⁊ erreurs/ tant soiẽt ilz secretz ⁊ oc¬

471 2666 1651 121 cultes. Priãt celuy duquel tout bien procede quil luy

473 2753 1669 115 plaise nous enluminer dicelle les yeulx de nr̃e cõsciẽ ce

471 2838 1657 117 a lintelligence de toute uerite/ nous conduysant de son

479 2919 1645 129 sainct esperit a faire toutes choses a son hõneur ⁊ gloi¬

475 3010 1273 127 re/ ⁊ a ledificatiõ de noz prochains, Amen.
