2267 3563
271 332 1285 107 ¶ Table ⁊ Repertoire en sommaire de tout

354 417 1045 109 le liure/ par lordre de Lalphabet.

807 504 48 89 A

166 574 1609 112 Nous sõmes tous dãnez en Adam. fueil.3 Adam

163 659 1607 112 Pourquoy Adam ne perseuera pas. 3 Adam

170 740 1578 115 Quelle estoit la grace ð Adã deuãt le peche. 3 Adam

187 822 1574 107 La creation du premier hõme Adam. 7 Adam

172 906 1576 105 Adã perdit ĩmortalite par sõ frãc arbitre. 7 Adam

170 993 1576 107 Par Adam nous auons tous estez mis hors Adam

237 1077 1337 89 de paradis. 13

166 1148 1592 112 Quel estoit le corps de Adã deuãt le peche. 23 Adam

168 1241 1600 114 Le corps de Adam auant le peche pouoit estre Adam.

258 1327 1310 104 dit mortel ou immortel. 23

166 1403 1629 117 Nous debuõs adorer ung seul dieu. 321 Adorer

168 1490 1635 109 Noꝰ ne debuõs adorer laeraĩ ne les pierres. 330 Adorer

170 1571 1631 119 Helaine na pas adore le boys/ mais celuy qui Adorer

240 1656 1379 110 a pendu au boys. 332

174 1737 1623 117 La uraye adoratiõ ð dieu nest pas corꝑelle. 333 Adorer.

184 1820 1649 118 Nous sõmes sauuez par adoption. 135 Adoptiõ

190 1908 1639 111 Noꝰ nauõs nul autre aduocat q̃ Christ. 240 Aduocat

178 1989 1637 107 Tous ayment eulx mesmes. 249 Aymer.

180 2070 1655 115 Ambition dort au sein des prebstres. 181 Ambitiõ

176 2153 1659 117 Lãbitiõ q̃ le diable met au cueͬ ðs ãbitieux. 182 Ambitiõ

182 2238 1562 115 Le lieu des sainctes choses est en lame. 312 Ame.

190 2325 1625 109 Nous debuõs tout faire par amour. 96 Amour

190 2405 1649 112 La crainte ⁊ amour de dieu. 156 Amour

186 2486 1675 114 Au temps passe le Anatheme se faisoit par Anathe¬

270 2583 1471 92 grande charite. 304 me.

201 2654 1646 109 Que cest Anatheme enuers noz aucteͬs. 303 Anathe.

194 2741 1649 103 Quel grand peche cest de anathematizer Anathe.

273 2829 1331 95 lhomme. 304

193 2888 1646 146 Anatheme nous separe de Christ. 304 Anathe.

938 2985 632 130 Xx .iiii. Les fideles
