2267 3563
443 310 1665 113 Ante¬ Les fideles souffrerõt beaucoup au temps de

439 400 1682 92 christ.

443 475 1667 114 Antech. Tous ceulx qui enseignẽt doctrine cõtraire a

793 558 1325 121 Christ sont urays Antechrrstz.

445 641 1667 116 Antechr. La ꝓpriete du nom de Antechrist.

442 727 1673 113 Antechr. Leage de Lãtechrist est maintenant.

437 807 1675 119 Antech. Lesquelz saĩct Iehan appelle Antechristz. 338

433 894 1679 113 Antechr. Toꝰ les aduersaires d christ sõt ãtechristz. 338

427 973 1679 119 Antechr. Tous hereticques sont antechristz.

439 1059 1667 101 Antechr. Antechrist est appelle diable du midy.

445 1146 1651 103 Antechr. Les signes de la uenue de Lantechrist. 341

445 1223 1640 113 Antech. Quel est le royaulme de Lãtechrist.

435 1320 1667 115 Antech. Pourquoy arrrecheest est ꝯppelle abominatiõ

802 1395 1307 95 de la desolation.

445 1457 1673 131 Antech. Comment est cõgreu ontechrist.

451 1561 1651 105 Antech. Les dissentiõs ⁊ scismes des ontechristz. 346

453 1640 1649 107 Antechr. Plusieͬs ãtechristz ð leglise ꝯtraires o da ꝑolle

815 1730 1281 99 de christ ne sont pas encore manifestez. 347

451 1802 1673 104 Antech. Il nest que ung genre de antechristz.

445 1888 1682 104 Antechr. Toute faulse parolle est antechrist.

445 1971 1670 104 Apostre. Les offices des apostres.

449 2060 1661 101 Apostre Les apostres ont esceipt a tout le peuxle. 222

451 2141 1649 109 Apostre Les apostres prescharẽt par les uilles ⁊ uila¬

829 2230 1273 99 ges/ par les rues ⁊ uieux secretz contre les

811 2301 1304 109 deffenses des princes.

459 2387 1653 103 apostatz Poͬquoy aucũs sõt faictz apostatz d dieu . 27

457 2474 1657 99 Arbitre. Le franc arbitre est souffisãt a mal faire. 3

457 2557 1665 105 Arbitre. Le p̃mier hõe a ꝑdu sõ merite ꝑ le frãc arbitre5

457 2640 1659 101 Arbitre. Cõtre les deffenseurs du frãc arbitre . 6.82.113

457 2727 1655 103 Arbitre. Nr̃e arbitre est faict libre ꝑ la grace de dieu. 6

466 2799 1655 119 Arbitre. Lhõme est cheu par le franc arbitre.

460 2888 1649 134 Arbitre. Loeuure du franc arbitre.

1768 2979 338 104 Ceulx qui
