2267 3563
150 300 1643 143 Teulx qͥ faucemet ẽseignẽt le frãc arbitre. 114 Arbitre.

168 384 1627 146 La gloire des argumentateurs est/ destre efti¬ urgumẽ

225 460 1581 145 mez uaincre par parolle. 201 tateurs.

142 534 1685 142 Contre Aristote ⁊ les philosophes. 201 Aristote

151 626 1697 148 Leruie des Arrians cõtre les fideles. 353 Arrtans

162 718 1659 133 Moz armures sont la parolle de dieu. 217 armures

156 789 1665 155 Augustn ueult estre reprins en ce ou il aura Augustr̃

243 878 1304 134 failly. 192

156 958 1647 150 Il ya plusieͬs fautes es liures d. s. augustĩ. 193 Angusti

701 1068 145 95 B.

148 1120 1657 152 Apres le baptesme la racine de peche demoure Baptes¬

243 1211 1450 131 en la chair. fueil.11 me.

181 1282 1661 158 Il y a deux formes de baptesme. 19 Baptes.

162 1381 1673 127 Le baptesme seulemẽt corpel ne ꝓffite riẽs. 20 Baptes.

158 1460 1685 135 Au baptesme autre chose est faicte uisiblemẽt: Baptes.

160 1558 1408 125 ⁊ autre chose inuisiblement. 20

166 1618 1699 157 Le baptesme deau ⁊ de lesperit. 21 Baptes.

172 1702 1675 148 Si la foy des parẽs ꝓffite aux uoiotisez. 21 Baptes.

166 1793 1675 142 La par faicte innocence ne nous est pas dõnee Baptes.

261 1882 1328 134 au baptesme. 141

174 1953 1663 145 Le baptesme de leau ne iustifiepoint. 159 Baptes.

172 2046 1669 137 Au temps de sainct Ambroise ilz baptisoient Baptes.

249 2134 1337 131 en certain temps. 300

172 2197 1696 154 Des faulces balances. 176 Balãce.

178 2283 1705 145 Les benefices de dieu. 56.97 Bñfices

184 2366 1702 154 Les benefices enuers les pecheurs. 82 Bñfices

184 2452 1675 147 La cõsideration des benefices de dieu. 163 Bñfices

194 2541 1607 141 Dieu faict toꝰ les biẽs qͥ sõt en lhõe.93.117.120 Biens

203 2628 1563 131 Tout le biẽ uiẽt d dieu/ ⁊ tout peche d lhõe. 98 Bien

201 2713 1557 143 Le bien q̃ nous faisõs est appelle don de dieu/ Bien

264 2799 1349 122 ⁊ nostre oeuure. 10i

192 2874 1595 160 La bonne nature est de dieu/ la uolunte mau¬ Bonte

1322 2969 244 116 uaise est
