2267 3563
805 273 1304 154 uaise est de nous. 8

445 380 1675 124 Bons Aux bõs toutes choses leur uiẽnẽt en biẽ. 26

445 467 1657 128 Bons Les bons sont discernez des mauuais par le

796 558 1304 121 don de dieu. 36

439 623 1655 146 Boyre. Quest ce boyre ce beuuraige. 283

1324 726 115 101 C.

427 797 1675 127 Chant Pourquoy saĩct Ambroise ĩstitua le chãt. 261

421 875 1685 131 Chant Le chant diuin deboute la tristesse. 261

421 967 1688 125 Chant Contre le chant de musicque. 263

425 1045 1661 126 Chãson Chãsõs folles ⁊ lubricq̃s sõt reprouuees. 320

431 1132 1645 122 Chair Il ne fault mẽger la chair offerte a lydole de¬

780 1223 1287 117 nant linfirme/ affin q̃ lon ne cuide que lon

772 1300 1322 122 honnore lydole. 184

425 1385 1673 109 Chair Pourquoy se abstenoiẽt/ aucus de chair ⁊ de

811 1469 1289 119 uin au temps de Paul. 186

439 1535 1673 133 Charite Charite nous faict ung auec Christ. 283

437 1638 1647 115 Charite Charite nous rappelle tous a ung nom. 241

439 1707 1655 116 Charite La ꝑfaicte charite nest en nul uiuant. 18

433 1790 1670 131 Charite La charite nous est donnee de dieu. 64

433 1882 1659 121 Charite La loy de charite ne demande pas ce qui luy

793 1965 1313 125 appartient. 67

421 2036 1676 128 Charite Charite ne cesse de reprendre. 241

425 2131 1655 119 Charite La seule charite diuise les filz du royaulme ⁊

799 2212 1292 121 du diable. 333

427 2286 1664 124 Charite Charite est dieu. 67

427 2372 1685 122 Charite Charite seule ne peche pas. 160

427 2462 1675 125 Chaiere Qui sont ceulx qui droictemẽt sont assis sur

793 2541 1316 140 la chaiere de Moyse. 177

418 2615 1688 143 Chaiere La chaiere de leglise. 178

417 2713 1673 125 Ceremo Par les diuerses obseruatiõs des ceremonies

412 2796 1667 131 nie. sont deceutz non seulement les simples/

787 2883 1307 139 mais aussi les saiges. 342

1819 2977 271 136 Le seul
