2267 3563
445 124 933 164 de dieu. Chap.xii.

162 277 1404 114 qui sont difficiles a trouuer/ ou pour la diuer¬

166 374 1390 105 site des liures/ ou poͬ les erreͬs suruenues/ de

168 445 1390 119 ce q̃ petit a petit les liures ĩcorrectz sõt escriptz

180 530 1382 111 des autres aussi incorrectz: ou pareillement

184 609 1366 117 quãt nous les aurõs trouue par grãd labeur

172 692 1380 109 ⁊ estude/ nous cõgnoissons q̃lles ne seront de

157 777 1382 110 nul proffit. * Il aduiẽt souuẽt que nous auõs

157 849 1382 127 des q̃stions pour la loy/ non pas pour le desir

166 938 1373 121 de uerite/ mais pour la uaine gloire: quãt noꝰ

166 1021 1373 122 uoulons estre estimez saiges enuers ceulx qui

157 1107 1382 113 escoutẽt ou au moins quãt de ceste petite renõ

154 1196 1396 107 mee noꝰ ensuyuõs les mauuais gaignaiges.

160 1276 1398 117 Car que ꝓffite il de beaucoup plaider en escu

162 1359 1396 113 mant des leures ⁊ cõme ung chien qui abaye/

162 1441 1415 114 quant une simple response ⁊ moderee te peult

166 1523 1390 113 ou rapaiser selle est ueritable on selle est faul¬

166 1597 1408 139 se elle peult estre de toy doulcement ⁊ paisible

178 1704 487 103 ment amendee.

360 1769 958 117 ¶ Hierosme sur Hieremie au .ui.

516 1866 671 101 Tome au .xx. Chap̃.

172 1929 1387 122 ¶ La parolle du seigñr mest faicte en oppro¬

166 2024 1393 110 bre/ ⁊ en mocquerie toute la iournee. Et ay dit.

160 2102 1399 130 Ie nauray plus recordation de luy (ou ie ne

163 2185 1396 127 nõmeray plus le seigñr) ⁊ ne parleray plus en

190 2265 1372 131 son nom. * Et en mon cueur a este faicte cõme

175 2360 1393 110 ung feu bruslant ⁊ enferme en mes os: et suis

172 2431 1396 119 defailly (ou desioint) de ce q̃ ne le pouoye souf

178 2514 1378 128 frir/ ⁊c. Quant ie crioye ⁊ q̃ ie disoye/ qͥ incon¬

169 2606 1402 125 tinẽt larmee de Babiloine uiẽdroit/ ⁊ q̃ lespee

170 2690 1409 112 de lẽnemy destruiroit toutes choses: la parolle

172 2779 1398 109 du seigneur ma este tournee en opprobre ⁊ en

174 2854 1388 131 mocq̃rie: quãt ilz estimẽt que la dilation de la

1589 160 167 115 225

1559 754 283 115 Les que¬

1559 846 283 104 stiõs des

1559 926 286 107 parolles

1559 1012 283 101 demãdẽt

1559 1095 283 101 la uaine

1562 1178 226 122 gloire.

1571 1505 291 116 2.tim̃.2.c

1601 1597 261 107 1.corĩ.11.c

1568 1912 256 127 Ps̈.38.b

1568 2033 244 89 43.c.68.

1568 2105 262 112 b.78.a.⁊

1571 2182 113 104 88.f

1583 2271 244 98 La pa¬

1592 2345 223 107 rolle de

1580 2422 250 107 dieu est

1580 2514 253 104 ung feu

1595 2603 226 143 bruslãt.

995 2936 564 145 Cc prophetie
