2267 3563
154 261 1651 146 Le seul chrestien est ignorãt de ꝓfession. 1 Chrestiẽ

160 354 1639 140 Plusieurs cdrestiens sont maintenant pires Chrestiẽ

205 460 1363 101 que iuifz. 84

144 510 1671 151 Tous les urays chrestiens sont royalle pre Chrestĩt

246 611 1293 122 ftrise ⁊ sainctz. 1u

148 665 1682 160 La uie chrestiẽne est une bataille. 18 Chrestie

154 758 1655 142 La difference des bons ⁊ faulx chrestiẽs. 144 Chrestiẽ

145 843 1670 145 Le plus grand mal des chrestiens. 174 Chrestiẽ

144 930 1659 150 Les chrestiens doibuẽt estre enseignez en la do Chrestiẽ

219 1030 1323 127 ctrine de Christ. 188

142 1083 1676 155 La uraye paix des Chrestiens. 336 Chrestiẽ

145 1172 1625 149 Christ na peu estre cõsumme. 283 Christ

145 1261 1625 137 Christ est uoulu naistre dune uierge. 10 Christ

150 1349 1612 139 Tous ceulx qui receoiuẽt la uie eternelle/ ilz Christ

225 1443 1331 106 la receoiuent par Christ. 45

162 1510 1596 144 Il ne fault croire ceulx qui disent que Christ Christ

240 1609 1307 116 est aux maisons. 350

160 1674 1615 151 Iesuchrist crucifie est a aucus la uertu de dieu: Christ

243 1775 1343 116 ⁊ a oucuns Iodie. u0

166 1834 1606 149 Le sang de Christ est nostre redẽption. 11 Christ

166 1929 1600 137 Christ augmente son troppeau de ceulx qui Christ

240 2027 1319 113 resistent. u17

164 2092 1600 146 La mort de Christ est nostre refuge/ salut/ uie/ Christ

243 2194 1325 116 ⁊ resurrection. 134.157.158

170 2258 1598 141 Christ seul doibt estre escoute/ sãs regarder ce Christ

273 2361 1263 109 q̃ les autres ont faict ou cõmande. 170

168 2422 1615 145 Christ est seigñr de la loy ⁊ du sabbat. 172 Cbrist

176 2507 1613 145 Christ ẽ daucũs ãnõce ꝑ ung cueͬ depraue.177 Christ

190 2589 1610 151 Ne ensuiuons personne que Christ. 178 Christ

178 2681 1577 127 Les clefz de ueglise. 163 Clef

178 2757 1544 134 La clef du royaulme est la par olle de dieu/ les Cles

253 2850 1311 142 portiers sont ceulx q̃ p̃schent leuãgile. 203

1245 2937 311 127 Lignorãce
