2267 3563
445 270 1670 160 Clefz Lignorance des clefz de leglise. 234

439 388 1688 137 Clefz Les clefz de leglise sont communes a tous

805 481 1298 109 fideles. 237

436 534 1667 145 Clefz. La foy a les clefz de leglise. 240

441 643 1659 119 Coadiu Pourquoy nous sommes appellez les coad¬

433 724 1688 113 teur. iuteurs de dieu. 122

437 805 1671 119 Cõman Ne cheminez poĩt selõ les cõmãdemẽs de uoz

431 898 1677 103 demens. peres: mais selõ les ꝯmãdemẽs de dieu. 168

425 977 1681 119 Cõman Nul ne accõplist ces deux cõmãdemẽs/ aymer

429 1057 1655 122 demens. dieu ⁊ sõ ꝓchaĩ de tout sõ cueͬ en ceste uie. 155

433 1142 1649 118 Cõman. Cõtre les cõmandemẽs des hõmes. 173.182

427 1227 1657 121 Cõmã. Il nya en nous nulle parfaicte obseruation

775 1306 1325 125 des cõmandemens de dieu. 142

425 1387 1675 129 Cõman. Le cõmandement de dieu nest pas escript par

790 1478 1319 110 encre/ mais par lesprit. 50

437 1557 1665 119 Cõmã. Les constitutiõs des hõmes ne obligent pas

790 1641 1325 119 a peche. 183

433 1714 1661 134 Cõmã. Le commandemẽt de dieu excede la force des

787 1808 1307 101 hommes. 63

427 1870 1682 137 Cõmã. Le grand cõmandement de dieu. 206

423 1971 1675 121 Cõman. Tous les dix cõmandemens doibuẽt estre gar

782 2066 1306 111 dez par oeuure exteriore/ fors le sabbat. 69

425 2139 1657 117 Cõman. Tous les cõmandemẽs de Moyse sont lettre

787 2229 1298 116 occisante. 138

425 2304 1661 114 Cõmã. Celuy abuse qui par le cõmandemẽt des hõ¬

793 2397 1299 110 mes ne use de la liberte chrestienne. 183

425 2478 1669 117 Cõmã. Nous debuons fouyr ceulx qui enseignent

790 2556 1316 128 contre le seigneur. 275

419 2638 1675 115 Cõman. Les commandemẽs de dieu sont faciles a en¬

787 2731 1310 113 tendre a tous. 318

421 2802 1649 131 Cõfessiõ Tout nostre salut est en la cõfession de dieu: ⁊

784 2903 1271 111 en la congnoissance diceluy. 165

1680 2994 371 117 La cõfession
