2267 3563
151 249 1682 148 La cõfession du iuste ⁊ du pecheur.  231 cõfessiõ.

160 356 1667 107 La confession de pierre. 232 cõfessiõ.

160 439 1670 113 Nostre cõuersion est de dieu. 116 cõuersiõ

148 513 1694 137 Dont uient la cõuersion ⁊ aduersion 214 cõuersiõ

148 605 1691 113 La uraye conuersion 214 cõuersiõ

154 686 1669 121 Les premiers concilz doibuẽt dõner lieu aux Concilz

231 789 1319 89 derniers. 194

156 853 1659 126 La concupiscence demeure en celuy qui est re¬ Cõcupi¬

205 947 1580 98 genere. 17 scence.

148 1025 1665 121 Pourquoy demeure la concupiscence aux re¬ Cõcupi.

219 1116 1337 101 generez. 59

157 1181 1673 134 La continence est ung don de dieu. 57 cõtinẽce.

148 1264 1691 125 La congnoissance de dieu. 66 cõgnois.

148 1353 1697 119 La cõgnoissance de dieu est la uie. 134 cõgnois.

160 1440 1699 115 Il se fault confier en dieu seul. 165 Cõfiãce.

150 1516 1697 136 Une reigle generalle pour les constitutions Cõstitu¬

234 1609 1530 107 humaines. 260 tion.

156 1680 1675 137 Que les constitutions humaines soient fon¬ Cõstitu

225 1778 1536 98 dees es escriptures. 260 tion.

164 1848 1619 127 Quant doibt estre corrigee la multitude des Corri¬

234 1947 1465 98 mauuais. 245 ger.

166 2024 1641 115 Il fault aymer celuy qui nous corrige. 244 corriger

160 2106 1655 116 Lordre de correption des euangiles. 244 Correp.

160 2189 1639 113 Le corps de christ uisible ne le sang ne se men¬ Corps.

243 2280 1334 101 ge point. 286

170 2351 1623 123 Ces parolles de Christ/ uoicy mõ corps/ sont Corps

237 2434 1343 116 entendues significatiuement. 285

176 2515 1619 133 Toutes les foys q̃ uoꝰ mẽgerez ce pain/ ⁊ beu Corps

265 2610 1318 111 urez ce calice/ uous annoncerez la mort/ il

261 2693 1364 109 ne dit point le corps ne le sang. 285

178 2767 1596 128 Le corps de Christ est mõte entier au ciel/ ⁊ ne Corps

257 2860 1309 125 se cõsumme point par morceaulx. 286

1286 2947 274 105 Le corps
