2267 3563
459 292 1639 131 Corps. Le corps de Christ apres la resurrection est en

825 388 1290 107 ung lieu. 285

457 463 1651 120 Corps. La seule unite ⁊ charite mãge Christ. 284

455 550 1651 128 Corps. Qui sont ceulx qui uayement mengent le

793 641 1316 107 corps de Christ. 184

451 706 1657 139 Corps. Celuy est le corps de Chust/ qui uit de lesprit

811 798 1310 104 de Christ. 280.28r

437 878 1677 131 Corps. Le contemnement de nostre coips est une sou

817 988 1310 86 ueraine uictoire. 253

448 1048 1664 121 Corps. Nous sommes le corps de Christ. 279

451 1142 1649 109 Corps. Le pecheur ne menge riens sinõ le signe. 281

441 1219 1655 119 Coustu¬ Nous debuons ensuyure la uerite non pas la

445 1309 1664 107 me. coustume.  116

449 1375 1659 131 Coustu¬ Celux qui par coustume de/ lanse la uerite est

451 1466 1670 116 me. ingrat enuers dieu. 170

451 1543 1685 125 Coustue Uerite uaincra la coustume. 170

451 1630 1685 121 Crainte Crainte nest pas en charite. 95

457 1712 1659 130 Croyre. Ceulx qui ne croyẽt pas ne sont point filz de

825 1805 1293 104 Abraam. 108

451 1874 1665 127 Croyre. Croyre en Christ est la medecine de lame . 17

445 1963 1679 129 Croyre. Croyre cest mẽger le corps de Christ. 131.286

451 2048 1673 122 Croye. Que cest que croyre. 140

453 2133 1659 125 Cueur. Le cueut es piepare en bien par le seigñr. 92

1342 2214 164 104 D.

455 2296 1659 126 Dãnez. Nous sommes damnez par generation/ ⁊ par

825 2372 1311 122 grace sommes sauluez. fueillet.30

451 2458 1681 127 Dãner. Quãd dieu dãneroit tous les hõmes/ nul ne

831 2547 1320 116 se pourroit iustement plaindre. 31

453 2626 1673 127 Deman Honneurs/ et richesses/ ne doibuent estre de¬

451 2713 1682 116 der. mandees a dieu. 265

451 2792 1661 135 Deman Les troys choses que nous debuons demãder

451 2886 1664 133 det. a dieu. 266

1890 2959 218 122 Nous
