2267 3563
166 318 1643 121 Nous mettons peine de faire ce qui nous est Deffen¬

252 403 1438 110 deffendu. 57 dre.

160 484 1649 119 Celuy qͥ se deffie de dieu luy faict iniure. 134 deffiãce.

151 561 1625 124 Dieu nest pas aucteur de mal. 9 Dieu.

146 649 1602 122 Dieu est uictorieux quãd il est iuge de lhom¬ Dieu.

243 742 1304 101 me. 14

162 811 1588 123 Dieu nest pas acceptateur des ꝑsõnes. 31.45 Dieu.

154 896 1601 125 Dieu nest pas iniuste. 31 Dieu.

148 973 1604 131 Dieu a faict tout ce quil a uoulu. 33 Dieu.

162 1066 1588 109 Toutes choses sõt en la puissãce de dieu. 39 Dieu.

152 1152 1594 108 Dieu domine sur les uoluntez des hões. 40 Dieu.

154 1237 1594 112 Dieu besongne es cueurs des mauuais. 40 Dieu.

151 1312 1619 113 Nul ne peult resister a dieu. 44 Dieu.

151 1395 1628 128 Dieu saulue ceulx quil ueult. 46 Dieu.

156 1480 1598 117 Dieu nous faict humbles en nous comman¬ Dieu.

225 1558 1328 116 dant choses impossibles. 63

160 1638 1622 116 Dieu coronne en misericorde. 84 Dieu.

162 1728 1606 116 Dieu faict les hõmes/ ⁊ les faict iustes. 85 Dieu.

157 1805 1613 127 Dieu coronne ses dons. 95 Dieu.

170 1900 1586 111 Laffectiõ de q̃rir dieu est receu de luy . 102.107 Dieu.

172 1974 1583 116 Dieu luy mesme nous meine a soy. 115 Dieu.

160 2054 1616 131 Dieu seul est iuste ⁊ iustifiant. 158 Dieu.

162 2149 1598 115 Dieu saict la seicheresse ⁊ baille la pluye. 190 Dieu.

160 2232 1598 115 Dieu nous dõne de laymer de tout nr̃e cueur Dieu.

234 2307 1319 118 ⁊ nr̃e ꝓchain cõme nous mesme. 206

170 2393 1613 130 Dieu ne demande pas estre enseigne par nr̃e Dieu.

234 2488 1346 104 parolle. 260

166 2553 1625 122 Dieu est auditeur du cueur. 264 Dieu.

172 2639 1610 128 Dieu na pas affaire de nous. 289 Dieu.

166 2731 1664 122 La fraude ⁊ fallace du diable. 171 Diable.

170 2804 1651 131 Ceulx q̃ lennemy ne peult detenir en lerreur Diable.

247 2895 1303 123 de lanciẽne doctrine des hommes/ il les in¬

1366 3000 196 105 duit a
