2267 3563
799 270 1328 142 duit a nouuelles inuentions. 172

424 374 1685 127 Dilectiõ Dilection est loeuure de la foy. 160

436 463 1673 136 dilectiõ Quatre degrez de dilection. 248

445 556 1659 111 Don Les dons de dieu sont immuables. 17.34

451 637 1647 117 Don Les dõs de dieu sont dõnez pour neant. 17

442 715 1673 131 Don Tout don parfaict est de dieu. 100

437 801 1675 133 Don Ceulx qui achetent/ ⁊ qui uendent les dõs de

813 892 1301 95 dieu seront punis de mesmepeine. 276

433 963 1679 133 Doctri¬ Nous ne debuõs ensuyure autre doctrine que

805 1051 1298 101 celle de dieu ⁊ de Christ. 170

457 1096 95 73 ne

451 1134 1641 120 Doctri¬ La mauuaise doctrine qui est en leglise est la¬

451 1223 1640 116 ne bomination. 15

443 1298 1655 127 Doctri¬ Dieu frappera toute doctrine dhõme ꝯtrou¬

460 1377 1655 128 ne uee sans autorite de lesce/pture. 191

457 1468 1655 119 Doctrĩe On doibt adherer a la doctrine de Christ.207

457 1552 1664 113 Doctrĩe La difference des doctrines. 213

459 1635 1651 114 Doctrĩe La doctrine des apostres est eternelle. 318

460 1716 1649 115 Docteͬ Contre les docteurs subtilz. 198

463 1801 1645 115 Docteͬ Si le docteͬ ne laboure il nest pas digne. 309

453 1882 1655 123 Droict Le droict ciuil nest pas ordõne poͬ neant. 77

445 1965 1669 131 Ducz. Les ducz ⁊ superieͬs du peuple destruisẽt leur

788 2058 1318 105 nom par oeuures mon comuemables. 302

1320 2147 89 77 E

459 2209 1643 132 Eglise Leglise maintenãt souffre telles choses/ q̃lle

823 2298 1281 114 souffroit du tẽps des martyrs. fueil.358

461 2381 1655 130 Eglise En leglise primitiue les chrestiens estoiẽt con

828 2470 1290 110 gneuz par les meurs. 344

459 2541 1661 133 Eglise Quand ce est que la parolle faulse se sied a

814 2639 1301 107 leglise. 348

455 2709 1649 129 Eglise Aucũs de ceulx de leglise sẽtẽt ꝯtre leglise.350

457 2796 1637 137 Eglise Ceulx quon estime les plus grandz en legh̃¬

820 2883 1274 139 se/ persecutent leglise. 339

1811 2963 273 111 Bernard
