2267 3563
121 234 1679 163 Bernard lamente lestat de leglise. 339 Eglise

134 338 1643 143 Les persecutions de leglise primitiue. 339 Eglise

142 425 1622 143 Icy est reprouuee la põpe des gẽs deglise. 340 Eglise

134 510 1628 139 Note lorgueil/ auarice/ ⁊ uoluptez des prelatz Eglise

213 599 1334 119 de leglise. 340

128 665 1644 154 Leglise de lãtechrist/ ꝑsecute celle de christ. 337 Eglise

145 763 1625 136 Toute leglise est la saincte prebstrise. 312 Eglise

140 841 1628 144 Dont uient la ruine de linstruction ecclesia¬ Eglise

210 941 1332 121 sticque. 310

132 1003 1636 151 Leglise de Christ nest congneue sinon par la Eglise

213 1101 1337 128 parolle de dieu. 344

132 1165 1640 155 Chrysostome lamẽte lestat de leglise. 303.307 Eglise

142 1252 1649 161 Leglise est creue par persecutions. 337 Eglise

140 1346 1643 140 Quelle est maintenant lordre en leglise. 300 Eglise

140 1423 1639 156 En leglise primitiue tous baptisoient et pre¬ Eglise

219 1526 1346 124 schoient. 300

154 1585 1661 148 Les noms des ministres de leglise. 299 Eglise

146 1674 1653 153 Le degre de leglise ne doibt pas estre dõne par Eglise

216 1772 1376 119 grace/ mais par uertus. 294

156 1840 1633 145 On doibt uenir tardiuemẽt aux administra¬ Eglise

225 1938 1352 125 tions de leglise. 292

150 2003 1647 152 Quãt cest q̃ leglise est la fosse aux larrõs. 276 Eglise

152 2096 1643 140 Qui sont les negotiateurs de leglise. 274 Eglise

152 2179 1641 144 Leglise ne ꝑsecute ꝑsõne de peine ð corps. 247 Eglise

151 2265 1649 142 Lunite de leglise est louee. 265 Eglise

166 2339 1652 155 La discipline de leglise primitiue. 239 Eglise

158 2430 1647 147 La retractation de sainct Augustin du fonde¬ Eglise

234 2529 1349 122 ment de leglise. 237

168 2593 1631 140 La seulle eglise a prins les clefz de christ. 236 Eglise

160 2678 1635 146 De q̃lles choses maĩtenãt se lamẽte leglise. 201 Eglise

158 2763 1635 146 Leglise militante nest pas sans macule. 159 Eglise

160 2846 1633 162 Leglise ne doibt cogir personne a croyre par Eglise

1078 2936 493 140 Yy prisons
