2267 3563
805 237 1298 140 prisons ny tormens. 194

453 340 1661 123 Eglise Leglise ne peult estre de christ si elle nest haye

823 430 1292 116 du monde. 145

455 510 1667 115 Endur¬ Commẽt il est dit que dieu endurcist le cueur

451 599 1667 98 cist. des hommes. 30

451 674 1661 115 Enfans La dãnatiõ ou saluatiõ des petis enfans. 37

445 764 1679 102 Enfans Les enfãs soiẽt occupez es sainctes lettres. 319

447 847 1677 113 Enfans Les enfans doibuent estre imbeutz de bõne do

807 938 1313 109 ctrine au cõmencement: car ce quilz apren¬

787 1006 1331 131 nent de ieunesse demoure. 319

433 1094 1673 119 Ensei¬ Nous debuõs ensemble enseigner par oeuure

457 1181 1649 116 gnier ⁊ par parolle. 315

441 1262 1669 117 Enseig. Que nul ne presume de enseigner ses propres

808 1348 1304 109 choses. 177

437 1427 1679 124 Enseig. Celuy qui enseigne ung autre il instruit soy¬

817 1520 1310 113 mesme. 316

445 1593 1665 111 Erreur Lerreur de plusieurs ne se excuse pas. 170

447 1680 1663 119 Esleuz Tout ce qui deffault icy aux esleuz sera par¬

820 1754 1307 125 faict au temps aduenir. 17

443 1844 1685 113 Esleu Dieu a esleu les uaisseaux de misericorde de¬

825 1924 1302 118 uant la constitution du monde. 36

437 2011 1687 120 Esleu Nous nauons pas esleu dieu/ mais il nous a

814 2105 1313 109 esleu. 123

445 2171 1673 119 Electiõ Electiõ ⁊ abiectiõ est en la uolunte de dieu. 32

443 2262 1675 117 Escrip¬ Le mary auecq̃s sa femme ⁊ ses enfãs doibuẽt

437 2347 1689 115 ture. traicter la saĩcte escripture en la maisõ. 319

451 2428 1679 117 Escri¬ La diuine escripture nappartiẽt pas seulemẽt

439 2517 1689 109 pture aux moines/ mais a ung chascun. 320

437 2597 1683 112 Escrip. Il ne fault croyre a ꝑsõne sãs escripture. 345

439 2678 1677 120 Escri¬ Les pescheurs nous ont escript la reigle de

433 2761 1697 107 pture uiure. 318

439 2842 1683 139 Escrip. Que les gens laidz lisent aussi les liures de

1774 2949 336 119 la saincte
