2267 3563
249 249 1304 142 la saincte escrixture. 317

166 354 1637 119 A quoy ꝓffite la meditatiõ ðs escriptures. 220. Escrip,

166 439 1598 117 Il ne fault pas garder lauctorite des peres/ Escri¬

231 522 1524 116 mais des esaiptures. 222 pture

160 603 1615 121 Les escriptures sont appellees le royaulme Escri¬

249 694 1501 101 des cieulx. 238 pture

164 770 1611 118 Nous uoulõs lire les escriptures/ mais nous Escri¬

231 857 1544 108 ne uoulons point obeir a icelles. 208 pture

162 936 1631 113 Noꝰ debuõs lire ⁊ ẽsuyuir les escriptures. 268 Escrip.

156 1019 1616 121 Plusieͬs choses sõt en lescripture q̃ ne se peu¬ Escri¬

231 1106 1523 109 uent entendre sinon spirituellemẽt. 287 pture

158 1187 1635 117 Dont uiẽt la negligẽce des escriptures. 308 Escrip.

158 1270 1645 117 Lescripture diuie desire destre leue desprit. 219 Escrip.

158 1357 1643 113 Les escriptures des gentilz sont bourdes/ et Escrip.

243 1445 1343 101 mensonges. 219

166 1522 1631 111 La profondite des sainctes lettres. 11s Escrip.

169 1609 1649 113 La diuine escripture est une /7e. 216 Escrip.

160 1686 1629 123 Lescripture canonicque est proposee deuant Escri¬

240 1772 1533 110 toutes elcriptuees. 194 pture

160 1854 1617 119 Lescripture canonicque est sans macule pour Escri¬

246 1950 1509 101 les langues. ior pture

160 2019 1615 126 Toute escripture est au dessoubz de lescriptu¬ Escri¬

237 2111 1524 103 re canonicque. 199 pture

160 2185 1641 126 Les choses escriptes sõt souffisãtes a salut. 182 Escrip.

162 2276 1608 117 Il est licite de contredire a toutes escriptures/ Escri¬

246 2363 1506 110 sinon aux canonicques. 19119r pture

158 2438 1661 109 Cõmẽt on doibt lire les lettres ꝓphanes. 192 Escrip.

170 2521 1617 121 Quelle auctorite ont les escriptures des do¬ Escri¬

261 2609 1509 104 cteurs. 192 pture

166 2690 1613 118 Lesprit mesme faict la req̃ste pour nous. 265 Esprit

166 2773 1615 122 Lesprit de lhõe scait q̃lles choses sõt d lhõe.231 Esprit

166 2854 1627 134 Le sainct esprit est appelle don de dieu. 228 Esprit

989 2936 550 166 Yy .ii. Lesaince
