2267 3563
451 231 1682 146 Esprit Le sainct esprit est dilection. 223

453 344 1679 101 Esprit Noꝰ sõmes toꝰ regenerez dũg mesme esprit. 21

451 424 1682 110 Esprit Lesprit cõmun regenere en tous. 22

455 514 1669 111 Esprit Cestlesprit qui uiuifie/ non pas la lettre ne

451 676 1682 104 Esprit Lesprit nous eslieue au bien. 100

790 593 1349 119 la loy. 100.163

447 766 1677 102 Esperã. Nous possedons autre chose par esperance q̃

436 846 1700 110 ce. nous ne tenons de faict. 15

441 928 1689 109 Esperã. Noꝰ sõmes sauuez seulemẽt par esperãce. 16

445 1013 1675 107 Esperã. La uraye esperance de tous chrestiens. 144

453 1094 1663 113 Esperã. Lesperãce que lon a en lhõme est uaine. zor

448 1169 1679 119 Estude La louenge de lestude. 113

443 1262 1675 115 Estude Lestude ne nous est seulemẽt necessaire/ mais

455 1423 1671 118 Euãgile Ieuagde escoit gie (che en lãcien testamẽt. 70

808 1348 1319 92 aussi oraison. 215

457 1514 1669 109 euãgile Celuy recoit leuãgile ð oueperit de dieu. 114

459 1593 1663 113 euãgile Leuãgile est le salut de tout croyant. 162

463 1680 1659 111 euãgile La lumiere euangelicque se manifestera de

837 1765 1299 103 iour en iour/ ⁊ de plus en plus. 171

459 1846 1679 115 euãgile La predication de leuangile est le royaulme

455 2009 1677 107 euãgile La doctrine de leuangͬle eẽ la momdre entre

831 1935 1311 95 de dien 200

461 2175 1663 119 euãgile Toute traditioq )uraoucie Iera orrachee par

811 2100 1311 103 toutes les sciẽces ꝑ apparẽce externe. 200

467 2343 1669 111 euãgile Le herault de leuangile ne doibt rien adiou¬

828 2259 1305 113 leuangile. 205

469 2494 1682 130 Euchar. Que signifie Eucharistie. 289

837 2432 1307 103 ster ou diminuer au cõmãdemẽt ð dieu. 206

473 2597 1663 114 Euesq̃ Loffice deuesque est seruitude ⁊ non pas sei¬

463 2749 1670 134 Euesq̃ Nul nest euesque des euesques 194

834 2687 1287 104 gneurie. 292

469 2846 1667 119 Euesq̃ Ce nest poĩt le ꝯmãdemẽt de dieu/ q̃ les euesq̃s

1793 2947 341 109 ont domi¬

962 1926 455 84 ion
