2267 3563
1015 154 854 140 Lutilite de la parolle

742 298 1386 115 prophetie soit mensonge. Pour laquelle chose

742 391 1386 103 ay delibere en mon couraige que desormais ne

730 475 1402 104 parleroye plus au peuple par les parolles de

716 560 1410 101 dieu/ ⁊ que ne nõmeroye plus son nom. Mais

700 641 1426 93 quãt ie fus uaincu par honte/ ⁊ q̃ par uergon¬

700 722 1424 105 gne ie eu ordonne telle chose cõbien q̃ follemẽt:

704 805 1416 107 il me fust faict (dit il) en mõ cueur cõe ung feu

710 888 1410 103 bruslant ⁊ enferme en mes os: ⁊ fus de toutes

730 981 1392 95 pars aneantis: tellemẽt q̃ ne le pouuoye souf¬

745 1045 1376 107 frir. * Car la parolle diuine cõceue en lame/ la

727 1137 1376 107 q̃lle nest pas proferee de la bouche/ elle brusle

707 1211 1396 119 au cueͬ. Dequoy aussi dit saĩct Paul. * Se ie

695 1297 1414 104 euãgelize/ ie nen ay pas de gloire. Car la ne¬

704 1377 1411 113 cessite me constrainct. Et suis malheureux

721 1463 1388 110 si ie ne euangelize/ mais si ie le fais uolun¬

745 1549 1352 104 tairement/ ien ay mon salaire: et si ie le fais

732 1631 1364 102 par constraincte/ la dispẽsation mest donnee.

728 1712 1378 109 Mais aussi plusieͬs docteͬs en leglise/ iusq̃s

724 1793 1396 107 auioͬdhuy seuffrẽt le mesme: en oyãt le uitupe

720 1880 1396 105 re de plusieͬs assemblez a lẽuiron deulx/ ⁊ di¬

722 1963 1289 105 sant. Poursuyuez les ⁊ si les persecutons.

821 2044 1158 109 ¶ Hierosme sur Michee au sixiesme

1033 2127 671 105 Chap̃. au .ui. Tome.

708 2211 1392 108 ¶ Mẽsonge ensuyt la ꝯgregation des riches¬

712 2296 1398 103 ses: ⁊ la main acoustumee de mucer les thre¬

724 2372 1391 113 sors a une lãgue fraudulẽte. * La uerite engẽ¬

736 2461 1382 104 dre pourete/ ⁊ mẽsõge engẽdre richesses. Quãt

757 2535 1349 116 uoz princes faisoiẽt telles choses: ie ne uoꝰ ay

732 2628 1372 103 pas uoulu incõtinẽt destruire: mais petit a pe

730 2723 1368 89 tit ay commence a uous frapper/ ⁊ uous ad¬

728 2794 1360 107 mõnester par diuerses playes. Iay enuoye en

736 2880 1355 130 uoꝰ la famine/ iay enuoye la soif/ iay enuoye

421 1042 303 113 La tẽta¬

418 1137 265 92 tion de

412 1214 259 104 ceulx qͥ

404 1306 255 98 annõcẽt

412 1380 283 107 la parol

421 1463 280 101 le ð dieu.

436 1552 283 110 1.corĩ.9.c

466 2363 217 119 Uerite

439 2452 244 107 engẽdre

439 2544 274 110 pourete.

415 2853 295 148 mich.6d

1704 2965 382 97 la maladie/
