<?xml version="1.0" encoding="UTF-8"?>
<alto xmlns:xsi="http://www.w3.org/2001/XMLSchema-instance"
      xmlns="http://www.loc.gov/standards/alto/ns-v4#"
      xsi:schemaLocation="http://www.loc.gov/standards/alto/ns-v4# http://www.loc.gov/standards/alto/v4/alto-4-2.xsd">
  <Description>
    <MeasurementUnit>pixel</MeasurementUnit>
    <sourceImageInformation>
      <fileName>340_87582_default.jpg</fileName>
      <fileIdentifier>https://www.e-rara.ch/i3f/v20/4106498/full/full/0/default.jpg</fileIdentifier>
    </sourceImageInformation>
  </Description>
  <Tags>
    <OtherTag ID="BT8" LABEL="DamageZone" DESCRIPTION="block type DamageZone"/><OtherTag ID="BT10" LABEL="DropCapitalZone" DESCRIPTION="block type DropCapitalZone"/><OtherTag ID="BT11" LABEL="GraphicZone" DESCRIPTION="block type GraphicZone"/><OtherTag ID="BT12" LABEL="MainZone" DESCRIPTION="block type MainZone"/><OtherTag ID="BT13" LABEL="MarginTextZone" DESCRIPTION="block type MarginTextZone"/><OtherTag ID="BT15" LABEL="NumberingZone" DESCRIPTION="block type NumberingZone"/><OtherTag ID="BT17" LABEL="QuireMarksZone" DESCRIPTION="block type QuireMarksZone"/><OtherTag ID="BT18" LABEL="RunningTitleZone" DESCRIPTION="block type RunningTitleZone"/><OtherTag ID="BT20" LABEL="StampZone" DESCRIPTION="block type StampZone"/><OtherTag ID="BT21" LABEL="TableZone" DESCRIPTION="block type TableZone"/><OtherTag ID="BT22" LABEL="TitlePageZone" DESCRIPTION="block type TitlePageZone"/>
    <OtherTag ID="LT8" LABEL="DefaultLine" DESCRIPTION="line type DefaultLine"/><OtherTag ID="LT9" LABEL="DropCapitalLine" DESCRIPTION="line type DropCapitalLine"/><OtherTag ID="LT10" LABEL="HeadingLine" DESCRIPTION="line type HeadingLine"/><OtherTag ID="LT11" LABEL="InterlinearLine" DESCRIPTION="line type InterlinearLine"/><OtherTag ID="LT311" LABEL="default" DESCRIPTION="line type default"/>
  </Tags>
  <Layout>
    <Page WIDTH="2267"
          HEIGHT="3563"
          PHYSICAL_IMG_NR="340"
          ID="eSc_dummypage_">
      <PrintSpace HPOS="0"
                  VPOS="0"
                  WIDTH="2267"
                  HEIGHT="3563">
        <TextBlock HPOS="113"
                   VPOS="319"
                   WIDTH="1750"
                   HEIGHT="2716"
                   ID="eSc_textblock_a25a1b8d"
                   TAGREFS="BT12">
          <Shape><Polygon POINTS="113 331 133 3035 971 3013 1851 3011 1839 2556 1863 2286 1803 780 1742 319 1624 320"/></Shape>
          <TextLine ID="eSc_line_8ec3392c"
                    TAGREFS="LT8"
                    BASELINE="231 407 1530 393" 
                    HPOS="229"
                    VPOS="332"
                    WIDTH="1301"
                    HEIGHT="105">
            <Shape><Polygon POINTS="1516 334 1504 332 1441 336 1423 332 1417 332 1397 332 1378 332 1374 332 1372 334 1370 334 1368 334 1364 332 1358 332 1338 332 1336 332 1334 334 1328 340 1178 340 1168 336 1148 332 1140 332 1120 332 1110 332 1092 338 1086 340 1084 338 1077 332 1061 332 1057 332 1049 338 1045 342 940 342 934 340 916 332 902 332 896 332 845 342 839 342 833 342 793 332 784 332 768 332 685 344 679 344 675 344 629 332 627 332 625 332 623 332 580 344 504 334 502 334 500 334 469 346 322 336 320 336 318 336 316 336 302 350 229 350 229 352 231 407 231 429 378 425 394 429 417 435 419 435 421 435 423 435 447 429 469 421 698 421 708 427 722 435 724 435 726 435 728 437 784 437 784 435 786 435 788 435 788 433 795 425 801 421 811 425 833 433 835 433 837 433 877 425 888 423 900 425 936 433 938 433 940 433 958 425 974 417 999 425 1025 431 1027 431 1029 431 1031 431 1059 423 1079 417 1197 417 1209 423 1225 429 1227 429 1229 431 1344 431 1344 429 1346 429 1348 429 1348 427 1356 421 1358 419 1381 421 1445 427 1447 427 1449 427 1451 427 1459 421 1469 413 1528 419 1530 393 1524 338 1516 334"/></Shape>
	    <String CONTENT="ont domination sur les autres prebstres/"
                    HPOS="229"
                    VPOS="332"
                    WIDTH="1301"
                    HEIGHT="105"
                    WC="0.9964220583438873"></String>
          </TextLine>
          <TextLine ID="eSc_line_b70718dd"
                    TAGREFS="LT8"
                    BASELINE="225 490 1572 485" 
                    HPOS="219"
                    VPOS="409"
                    WIDTH="1352"
                    HEIGHT="98">
            <Shape><Polygon POINTS="222 489 222 501 1565 507 1571 483 1568 430 1509 409 1506 409 1503 409 1500 409 1441 430 1420 439 1099 439 1093 433 1078 418 1078 415 1075 415 1072 415 1069 415 1066 415 1063 415 1039 433 1033 439 867 439 858 433 834 415 831 415 828 415 825 415 555 430 514 412 511 412 276 412 273 412 270 412 219 433 222 489"/></Shape>
	    <String CONTENT="mais par coustume. 295"
                    HPOS="219"
                    VPOS="409"
                    WIDTH="1352"
                    HEIGHT="98"
                    WC="0.9998757161877372"></String>
          </TextLine>
          <TextLine ID="eSc_line_87404504"
                    TAGREFS="LT8"
                    BASELINE="136 579 665 566 1585 564 1754 572" 
                    HPOS="134"
                    VPOS="486"
                    WIDTH="1620"
                    HEIGHT="117">
            <Shape><Polygon POINTS="134 514 136 579 136 603 435 587 690 601 714 601 716 601 718 601 720 601 746 585 1081 597 1083 597 1084 597 1118 583 1219 591 1221 591 1344 581 1457 581 1504 595 1506 595 1508 595 1512 595 1661 581 1678 593 1680 593 1682 593 1684 595 1752 595 1754 572 1752 488 1599 486 1597 486 1581 490 1510 508 1379 508 1336 492 1328 490 1326 490 1324 490 1322 490 1314 492 1267 508 1233 494 1225 490 1223 490 1221 490 1219 490 1211 494 1183 506 1128 494 1102 490 1100 490 1073 496 1003 510 881 510 857 498 851 496 849 496 847 496 845 496 835 498 789 510 764 500 748 492 746 492 744 492 742 492 722 500 692 512 631 500 591 494 590 494 556 502 512 514 417 514 394 504 384 500 382 500 380 500 378 500 362 504 324 514 310 504 298 496 296 496 295 496 293 496 144 506 134 514"/></Shape>
	    <String CONTENT="Loffice deuesque est oeuure ⁊ seruitude/ non Euesq̃"
                    HPOS="134"
                    VPOS="486"
                    WIDTH="1620"
                    HEIGHT="117"></String>
          </TextLine>
          <TextLine ID="eSc_line_0e745bc3"
                    TAGREFS="LT8"
                    BASELINE="203 657 1554 649" 
                    HPOS="199"
                    VPOS="578"
                    WIDTH="1354"
                    HEIGHT="90">
            <Shape><Polygon POINTS="202 656 202 668 1550 659 1553 647 1547 602 1435 578 1432 578 1429 578 1345 602 1325 608 701 608 662 602 573 584 228 584 225 584 222 584 219 584 199 596 202 656"/></Shape>
	    <String CONTENT="pas dignite. 296"
                    HPOS="199"
                    VPOS="578"
                    WIDTH="1354"
                    HEIGHT="90"
                    WC="0.9989528320729733"></String>
          </TextLine>
          <TextLine ID="eSc_line_b6fa535a"
                    TAGREFS="LT8"
                    BASELINE="132 744 1009 728 1754 732" 
                    HPOS="130"
                    VPOS="649"
                    WIDTH="1624"
                    HEIGHT="122">
            <Shape><Polygon POINTS="132 744 132 771 261 762 283 770 285 770 287 770 289 770 322 758 392 770 394 770 469 756 572 770 574 770 576 770 611 754 716 768 718 770 766 770 766 768 768 768 770 768 788 754 841 764 843 764 845 764 847 764 859 752 900 766 902 766 904 766 906 766 942 752 1039 752 1055 762 1057 762 1059 762 1061 762 1063 762 1102 750 1152 764 1154 764 1156 766 1286 766 1286 764 1288 764 1338 748 1413 762 1415 762 1482 748 1752 760 1754 732 1748 649 1690 665 1577 649 1566 649 1564 649 1552 649 1447 667 1134 653 1102 653 1100 653 1088 653 974 671 859 655 847 655 845 655 843 655 841 657 805 673 722 657 718 657 669 657 667 657 665 657 663 657 631 673 554 663 552 663 382 674 356 665 354 665 352 665 350 665 348 665 328 676 130 663 132 744"/></Shape>
	    <String CONTENT="Que les euesques ⁊ pasteurs de leglise nayẽt Euesq̃"
                    HPOS="130"
                    VPOS="649"
                    WIDTH="1624"
                    HEIGHT="122"></String>
          </TextLine>
          <TextLine ID="eSc_line_122cafc4"
                    TAGREFS="LT8"
                    BASELINE="229 821 1524 817" 
                    HPOS="225"
                    VPOS="736"
                    WIDTH="1296"
                    HEIGHT="110">
            <Shape><Polygon POINTS="228 819 228 846 1518 831 1521 816 1515 766 1417 748 1414 748 1411 748 1408 748 1387 763 1384 763 1069 763 1066 760 1019 736 1016 736 1013 736 891 754 870 736 867 736 864 736 861 736 225 751 228 819"/></Shape>
	    <String CONTENT="riens sinon la uie/ ⁊ la uesture. 309"
                    HPOS="225"
                    VPOS="736"
                    WIDTH="1296"
                    HEIGHT="110"></String>
          </TextLine>
          <TextLine ID="eSc_line_6399b48a"
                    TAGREFS="LT8"
                    BASELINE="142 912 768 896 1734 898" 
                    HPOS="140"
                    VPOS="819"
                    WIDTH="1594"
                    HEIGHT="119">
            <Shape><Polygon POINTS="142 912 142 936 219 922 296 936 300 936 302 938 445 938 445 936 453 936 524 920 576 932 578 932 580 932 582 932 605 920 619 932 621 932 623 932 625 932 673 922 776 934 786 934 788 934 789 934 791 934 807 922 873 930 875 930 877 930 908 918 1003 932 1005 932 1007 932 1009 932 1055 918 1096 932 1098 932 1100 932 1102 932 1104 932 1140 916 1324 930 1326 930 1328 930 1330 930 1352 914 1459 914 1478 926 1480 926 1482 926 1484 926 1486 926 1512 914 1625 914 1732 928 1734 898 1732 821 1554 819 1552 819 1526 823 1451 839 1405 825 1387 821 1385 821 1383 821 1354 827 1296 839 1247 829 1209 821 1207 821 1205 821 1178 829 1162 835 1146 831 1118 823 1116 823 1114 823 1033 833 962 841 928 835 890 827 888 827 887 827 885 827 873 835 861 843 795 843 784 837 760 825 758 825 603 825 601 825 599 825 562 841 556 845 465 845 453 843 403 833 401 833 399 833 397 833 384 845 382 847 293 847 215 847 178 831 176 831 174 831 172 831 140 845 142 912"/></Shape>
	    <String CONTENT="Les euesques ⁊ prestres cherchẽt les dignitez ⁊ Euesq̃"
                    HPOS="140"
                    VPOS="819"
                    WIDTH="1594"
                    HEIGHT="119"></String>
          </TextLine>
          <TextLine ID="eSc_line_140c1c96"
                    TAGREFS="LT8"
                    BASELINE="233 991 1528 975" 
                    HPOS="231"
                    VPOS="906"
                    WIDTH="1297"
                    HEIGHT="109">
            <Shape><Polygon POINTS="233 991 233 1011 518 1005 526 1007 550 1015 552 1015 554 1015 675 1005 718 1001 754 1003 877 1011 879 1011 881 1011 906 1001 910 999 946 999 1199 1007 1201 1007 1340 995 1502 1003 1504 1003 1506 1003 1508 1003 1528 991 1528 975 1526 922 1475 906 1473 906 1471 906 1409 916 1368 906 1366 906 1364 906 1362 906 1308 924 1110 924 1083 910 1081 910 1079 910 1077 910 1025 926 1023 926 962 912 960 912 881 928 877 928 875 928 835 914 833 914 750 914 748 914 746 914 685 930 681 930 677 930 588 916 586 916 584 916 538 932 534 932 532 932 491 918 489 918 487 918 421 932 401 918 399 918 397 918 395 918 348 920 346 920 344 920 344 922 330 934 328 934 324 934 249 920 247 920 245 920 243 920 231 928 233 991"/></Shape>
	    <String CONTENT="font toutes leurs ceremonies/ non poͬ le sa"
                    HPOS="231"
                    VPOS="906"
                    WIDTH="1297"
                    HEIGHT="109"
                    WC="0.9907760578532552"></String>
          </TextLine>
          <TextLine ID="eSc_line_9a54e558"
                    TAGREFS="LT8"
                    BASELINE="217 1070 1508 1059" 
                    HPOS="215"
                    VPOS="993"
                    WIDTH="1293"
                    HEIGHT="99">
            <Shape><Polygon POINTS="217 1070 217 1086 621 1092 623 1092 625 1092 637 1086 651 1080 774 1086 859 1090 861 1090 863 1090 865 1090 871 1086 881 1080 922 1086 940 1088 942 1088 954 1086 987 1078 999 1086 1001 1088 1003 1088 1005 1088 1007 1088 1023 1086 1079 1076 1134 1086 1142 1086 1144 1086 1146 1086 1148 1086 1162 1076 1207 1084 1209 1084 1294 1074 1504 1084 1508 1059 1502 993 1405 1015 1241 1015 1174 999 1150 995 1148 995 1146 995 1128 1001 1086 1015 966 1005 877 997 875 997 873 997 855 1007 841 1015 795 1015 782 1009 764 999 762 999 760 999 655 1011 637 1013 631 1011 601 1001 599 1001 500 1001 498 1001 405 1017 380 1021 370 1017 332 1003 330 1003 239 1003 237 1003 235 1003 233 1003 215 1015 217 1070"/></Shape>
	    <String CONTENT="lut des ames/ mais pour auarice. 338"
                    HPOS="215"
                    VPOS="993"
                    WIDTH="1293"
                    HEIGHT="99"
                    WC="0.9893297519948747"></String>
          </TextLine>
          <TextLine ID="eSc_line_e332eaaf"
                    TAGREFS="LT8"
                    BASELINE="136 1161 552 1150 1779 1140" 
                    HPOS="134"
                    VPOS="1068"
                    WIDTH="1645"
                    HEIGHT="123">
            <Shape><Polygon POINTS="136 1161 136 1191 225 1175 263 1185 265 1185 267 1185 338 1173 372 1187 374 1187 376 1189 518 1189 518 1187 558 1183 627 1177 653 1181 673 1185 675 1185 677 1185 689 1181 722 1169 821 1179 871 1183 873 1183 875 1183 888 1177 906 1169 944 1177 972 1181 974 1181 976 1181 978 1181 984 1175 997 1167 1041 1167 1071 1173 1104 1181 1106 1181 1193 1179 1195 1179 1215 1171 1231 1165 1281 1169 1354 1177 1356 1177 1403 1167 1425 1163 1433 1167 1453 1177 1455 1177 1457 1177 1459 1177 1486 1165 1500 1161 1512 1165 1540 1175 1542 1175 1544 1175 1777 1159 1779 1140 1774 1076 1619 1082 1607 1076 1591 1068 1589 1068 1532 1068 1530 1068 1332 1078 1180 1086 1162 1080 1144 1072 1142 1072 1140 1072 1138 1072 1118 1080 1096 1090 1007 1090 989 1080 974 1074 972 1074 970 1074 968 1074 966 1074 958 1080 946 1090 793 1090 756 1082 722 1076 720 1076 718 1076 704 1082 685 1092 599 1084 540 1078 538 1078 492 1084 465 1088 437 1084 399 1080 397 1080 372 1086 334 1094 314 1086 304 1082 302 1082 300 1082 134 1086 136 1161"/></Shape>
	    <String CONTENT="Nul ne soit excommunie/ sinon par le peche Excom"
                    HPOS="134"
                    VPOS="1068"
                    WIDTH="1645"
                    HEIGHT="123"
                    WC="0.9924543934563795"></String>
          </TextLine>
          <TextLine ID="eSc_line_9216aabe"
                    TAGREFS="LT8"
                    BASELINE="205 1241 1778 1221" 
                    HPOS="199"
                    VPOS="1155"
                    WIDTH="1577"
                    HEIGHT="115">
            <Shape><Polygon POINTS="202 1238 202 1270 314 1270 314 1267 320 1267 347 1250 368 1267 377 1270 463 1270 463 1267 665 1264 730 1244 938 1255 1250 1238 1387 1255 1776 1250 1776 1220 1770 1172 1509 1155 1411 1175 1396 1181 962 1184 938 1163 924 1163 897 1184 713 1172 671 1187 612 1169 216 1169 216 1172 199 1187 202 1238"/></Shape>
	    <String CONTENT="fort congneu. 246 munie."
                    HPOS="199"
                    VPOS="1155"
                    WIDTH="1577"
                    HEIGHT="115"
                    WC="0.9825594251354536"></String>
          </TextLine>
          <TextLine ID="eSc_line_b7a123d5"
                    TAGREFS="LT8"
                    BASELINE="136 1324 1775 1306" 
                    HPOS="134"
                    VPOS="1235"
                    WIDTH="1641"
                    HEIGHT="118">
            <Shape><Polygon POINTS="136 1324 136 1351 197 1344 257 1351 271 1353 273 1353 275 1353 281 1351 318 1340 395 1349 401 1349 403 1349 407 1349 451 1340 483 1348 494 1351 496 1351 498 1351 500 1351 516 1348 554 1338 617 1346 651 1349 653 1349 655 1349 665 1346 683 1336 776 1344 841 1348 843 1348 845 1348 869 1342 898 1334 958 1340 1019 1346 1021 1346 1108 1344 1110 1344 1112 1344 1122 1336 1132 1332 1197 1336 1308 1342 1310 1342 1312 1342 1314 1342 1328 1334 1334 1330 1340 1332 1364 1342 1366 1342 1368 1342 1370 1342 1401 1332 1415 1328 1451 1330 1546 1340 1548 1340 1775 1324 1775 1306 1772 1251 1698 1237 1696 1237 1694 1237 1667 1249 1576 1235 1574 1235 1572 1235 1540 1251 1540 1252 1471 1252 1437 1252 1397 1237 1395 1237 1229 1237 1227 1237 1225 1237 1178 1252 1172 1254 1164 1252 1108 1243 1106 1243 1045 1254 1027 1258 863 1258 851 1254 780 1243 778 1243 776 1243 746 1254 687 1243 685 1243 683 1243 651 1256 641 1260 615 1256 540 1245 538 1245 536 1245 489 1258 483 1258 467 1258 352 1247 350 1247 348 1247 316 1258 300 1266 211 1266 201 1258 186 1249 184 1249 182 1249 180 1249 134 1258 136 1324"/></Shape>
	    <String CONTENT="Lexcõie de Paul/ le ayma en ap̃s tãt plꝰ. 246 Excõie"
                    HPOS="134"
                    VPOS="1235"
                    WIDTH="1641"
                    HEIGHT="118"></String>
          </TextLine>
          <TextLine ID="eSc_line_ec76c8d2"
                    TAGREFS="LT8"
                    BASELINE="148 1407 1784 1397" 
                    HPOS="142"
                    VPOS="1318"
                    WIDTH="1640"
                    HEIGHT="119">
            <Shape><Polygon POINTS="145 1404 145 1437 255 1422 1057 1431 1236 1413 1678 1428 1779 1410 1782 1395 1779 1339 1711 1318 1610 1336 1559 1318 1547 1318 1527 1336 1411 1321 1396 1339 1227 1339 683 1321 603 1342 412 1324 368 1342 273 1327 267 1327 237 1342 187 1324 178 1324 142 1339 145 1404"/></Shape>
	    <String CONTENT="Le dangier de excõmunication. 246 Excõi."
                    HPOS="142"
                    VPOS="1318"
                    WIDTH="1640"
                    HEIGHT="119"
                    WC="0.9994383227257502"></String>
          </TextLine>
          <TextLine ID="eSc_line_7407106d"
                    TAGREFS="LT8"
                    BASELINE="140 1494 1795 1468" 
                    HPOS="138"
                    VPOS="1401"
                    WIDTH="1657"
                    HEIGHT="123">
            <Shape><Polygon POINTS="140 1494 140 1524 269 1510 417 1522 429 1522 431 1522 433 1522 435 1522 463 1508 609 1518 643 1520 645 1520 647 1520 657 1518 704 1502 825 1502 865 1514 873 1516 875 1516 877 1516 892 1514 926 1506 956 1512 968 1514 970 1514 972 1514 978 1512 1003 1500 1170 1508 1183 1508 1185 1508 1191 1508 1271 1496 1366 1504 1409 1508 1411 1508 1455 1504 1516 1496 1597 1500 1663 1504 1665 1504 1667 1504 1682 1498 1712 1488 1740 1498 1752 1502 1754 1502 1756 1502 1795 1496 1795 1468 1791 1415 1688 1401 1686 1401 1684 1401 1645 1415 1643 1415 1641 1415 1576 1403 1574 1403 1572 1403 1540 1417 1536 1417 1522 1417 1413 1405 1411 1405 1409 1405 1387 1417 1383 1419 1374 1417 1314 1407 1312 1407 1310 1407 1271 1419 1265 1419 1255 1419 1164 1409 1162 1409 1051 1421 999 1427 740 1429 696 1423 649 1417 647 1417 584 1425 510 1433 467 1425 441 1421 439 1421 415 1425 374 1435 138 1429 140 1494"/></Shape>
	    <String CONTENT="Les euesq̃s ou p̃stres ne peuuent dãner person Excõi¬"
                    HPOS="138"
                    VPOS="1401"
                    WIDTH="1657"
                    HEIGHT="123"
                    WC="0.9905281196941029"></String>
          </TextLine>
          <TextLine ID="eSc_line_27277e2a"
                    TAGREFS="LT8"
                    BASELINE="217 1575 1817 1549" 
                    HPOS="213"
                    VPOS="1484"
                    WIDTH="1602"
                    HEIGHT="122">
            <Shape><Polygon POINTS="216 1573 216 1591 359 1606 362 1606 365 1606 412 1591 421 1588 475 1591 695 1600 698 1600 1057 1582 1283 1573 1812 1573 1815 1546 1806 1484 1289 1502 1045 1490 935 1487 932 1487 929 1487 912 1493 876 1505 793 1493 757 1490 754 1490 698 1496 543 1511 487 1496 478 1496 475 1496 472 1496 454 1499 368 1511 213 1502 216 1573"/></Shape>
	    <String CONTENT="ne par leurs excõmunications. 306 cations"
                    HPOS="213"
                    VPOS="1484"
                    WIDTH="1602"
                    HEIGHT="122"></String>
          </TextLine>
          <TextLine ID="eSc_line_c4eb0c07"
                    TAGREFS="LT8"
                    BASELINE="142 1660 1787 1635" 
                    HPOS="140"
                    VPOS="1565"
                    WIDTH="1647"
                    HEIGHT="123">
            <Shape><Polygon POINTS="142 1660 142 1682 310 1676 324 1682 340 1688 342 1688 344 1688 407 1680 453 1674 473 1678 500 1686 502 1686 504 1686 506 1686 522 1678 532 1672 576 1676 643 1684 645 1684 647 1684 663 1674 673 1670 696 1674 732 1680 734 1680 736 1680 762 1672 780 1668 789 1672 801 1678 803 1678 898 1680 900 1680 902 1680 934 1670 942 1668 952 1670 1005 1678 1007 1678 1009 1678 1011 1678 1025 1668 1029 1664 1045 1668 1086 1676 1088 1676 1306 1662 1324 1662 1330 1662 1405 1672 1407 1672 1510 1658 1534 1656 1554 1658 1657 1668 1659 1668 1785 1652 1787 1635 1781 1579 1657 1581 1651 1579 1631 1565 1629 1565 1627 1565 1625 1565 1623 1565 1593 1579 1587 1583 1526 1583 1500 1579 1423 1567 1421 1567 1419 1567 1417 1567 1397 1581 1389 1585 1372 1581 1336 1571 1334 1571 1332 1571 1330 1571 1298 1581 1284 1585 1271 1581 1239 1571 1237 1571 1154 1571 1152 1571 1094 1583 1079 1585 1067 1583 1047 1577 1045 1577 1043 1577 1041 1577 1031 1583 1015 1591 938 1583 875 1577 873 1577 871 1577 855 1583 835 1593 748 1593 736 1585 730 1579 728 1579 726 1579 724 1579 722 1579 720 1579 714 1585 700 1595 669 1585 655 1581 653 1581 528 1581 526 1581 524 1581 522 1581 522 1583 518 1585 512 1591 500 1585 491 1583 489 1583 487 1583 485 1583 471 1587 421 1599 388 1587 384 1585 382 1585 380 1585 364 1587 259 1603 140 1589 142 1660"/></Shape>
	    <String CONTENT="Les exorcistes sont ceulx qui chastient/ ensei¬ Exor¬"
                    HPOS="140"
                    VPOS="1565"
                    WIDTH="1647"
                    HEIGHT="123"
                    WC="0.999519722641639"></String>
          </TextLine>
          <TextLine ID="eSc_line_c5dd2688"
                    TAGREFS="LT8"
                    BASELINE="219 1741 1758 1728" 
                    HPOS="213"
                    VPOS="1656"
                    WIDTH="1542"
                    HEIGHT="122">
            <Shape><Polygon POINTS="216 1739 216 1778 306 1763 511 1772 514 1772 516 1772 519 1772 537 1757 778 1769 781 1769 784 1769 834 1745 1099 1745 1123 1760 1126 1760 1129 1760 1132 1760 1134 1760 1212 1742 1438 1742 1494 1763 1497 1763 1500 1766 1752 1766 1755 1725 1747 1656 828 1686 817 1680 790 1659 787 1659 784 1659 519 1659 516 1659 514 1659 451 1677 377 1662 374 1662 371 1662 332 1683 270 1662 267 1662 264 1662 261 1662 258 1662 213 1686 216 1739"/></Shape>
	    <String CONTENT="gnent ⁊ adiurent. 299 ciste."
                    HPOS="213"
                    VPOS="1656"
                    WIDTH="1542"
                    HEIGHT="122"
                    WC="0.9825977746929441"></String>
          </TextLine>
          <TextLine ID="eSc_line_3173ad79"
                    TAGREFS="LT10"
                    BASELINE="772 1822 929 1818" 
                    HPOS="766"
                    VPOS="1733"
                    WIDTH="161"
                    HEIGHT="98">
            <Shape><Polygon POINTS="811 1736 766 1760 769 1820 769 1831 924 1829 927 1817 924 1757 852 1733 825 1736"/></Shape>
	    <String CONTENT="F."
                    HPOS="766"
                    VPOS="1733"
                    WIDTH="161"
                    HEIGHT="98"></String>
          </TextLine>
          <TextLine ID="eSc_line_30626726"
                    TAGREFS="LT8"
                    BASELINE="152 1908 1748 1886" 
                    HPOS="150"
                    VPOS="1811"
                    WIDTH="1598"
                    HEIGHT="124">
            <Shape><Polygon POINTS="152 1908 152 1924 324 1935 326 1935 328 1935 330 1935 346 1924 346 1922 593 1920 617 1922 728 1931 730 1931 805 1920 809 1920 813 1920 859 1929 861 1929 863 1929 865 1929 879 1920 885 1916 908 1920 970 1927 972 1927 1023 1918 1051 1914 1077 1918 1128 1925 1130 1925 1223 1916 1259 1914 1273 1916 1302 1924 1304 1924 1306 1924 1308 1924 1336 1916 1356 1910 1366 1916 1376 1922 1378 1922 1379 1922 1381 1922 1417 1916 1457 1908 1492 1914 1510 1918 1512 1920 1512 1918 1532 1914 1564 1908 1577 1914 1591 1920 1593 1920 1595 1920 1746 1912 1748 1886 1744 1827 1599 1811 1597 1811 1496 1825 1459 1813 1457 1813 1455 1813 1362 1815 1360 1815 1316 1827 1302 1830 1286 1827 1253 1817 1251 1817 1249 1817 1183 1827 1146 1832 1102 1827 1033 1819 1031 1819 1029 1819 1027 1819 1017 1827 1005 1836 922 1836 906 1829 888 1821 887 1821 885 1821 829 1829 791 1832 764 1829 740 1825 738 1825 736 1825 734 1825 730 1829 714 1838 649 1829 631 1827 629 1827 627 1827 625 1827 623 1829 609 1840 546 1840 508 1829 500 1827 498 1827 496 1827 494 1827 489 1829 461 1840 338 1834 336 1834 334 1834 291 1844 150 1830 152 1908"/></Shape>
	    <String CONTENT="Ce que tu ueulx que ung autre te face/ fais le Faire"
                    HPOS="150"
                    VPOS="1811"
                    WIDTH="1598"
                    HEIGHT="124"
                    WC="0.9991852755729969"></String>
          </TextLine>
          <TextLine ID="eSc_line_205e630b"
                    TAGREFS="LT8"
                    BASELINE="237 1987 1574 1975" 
                    HPOS="231"
                    VPOS="1903"
                    WIDTH="1340"
                    HEIGHT="104">
            <Shape><Polygon POINTS="234 1986 234 2007 1568 1989 1571 1974 1565 1921 1292 1903 1289 1903 1286 1903 1253 1921 1227 1935 781 1935 707 1921 641 1909 638 1909 561 1921 493 1935 445 1935 433 1921 424 1915 424 1912 421 1912 418 1912 415 1912 231 1921 234 1986"/></Shape>
	    <String CONTENT="aussi a autruy. fueil.49"
                    HPOS="231"
                    VPOS="1903"
                    WIDTH="1340"
                    HEIGHT="104"
                    WC="0.995900126794974"></String>
          </TextLine>
          <TextLine ID="eSc_line_de0c8005"
                    TAGREFS="LT8"
                    BASELINE="154 2080 530 2066 1734 2056" 
                    HPOS="152"
                    VPOS="1981"
                    WIDTH="1582"
                    HEIGHT="121">
            <Shape><Polygon POINTS="154 2080 154 2102 283 2090 330 2102 332 2102 334 2102 336 2102 473 2088 514 2100 516 2100 518 2100 520 2100 570 2086 696 2098 702 2098 704 2098 710 2098 833 2084 970 2094 972 2094 974 2094 976 2094 991 2082 1090 2090 1092 2090 1205 2080 1249 2092 1251 2092 1253 2092 1255 2092 1257 2092 1259 2092 1304 2078 1362 2088 1364 2088 1441 2076 1637 2086 1639 2086 1708 2074 1728 2086 1734 2056 1730 1995 1627 1981 1625 1981 1562 1995 1560 1995 1556 1995 1441 1983 1439 1983 1320 1993 1257 1985 1255 1985 1253 1985 1251 1985 1231 1997 1227 1999 1203 1999 1059 1989 1057 1989 1055 1989 1025 1999 1019 2001 968 1999 724 1991 722 1991 720 1991 718 1991 702 2001 696 2005 651 2003 522 1993 520 1993 518 1993 481 2003 467 2009 289 2009 283 2005 273 1997 271 1997 269 1997 267 1997 152 2005 154 2080"/></Shape>
	    <String CONTENT="Il ne fault point faire ce quil nous sẽble bon: Faire"
                    HPOS="152"
                    VPOS="1981"
                    WIDTH="1582"
                    HEIGHT="121"></String>
          </TextLine>
          <TextLine ID="eSc_line_1cca2a79"
                    TAGREFS="LT8"
                    BASELINE="221 2155 1542 2137" 
                    HPOS="219"
                    VPOS="2074"
                    WIDTH="1323"
                    HEIGHT="109">
            <Shape><Polygon POINTS="221 2155 221 2173 291 2183 293 2183 372 2173 390 2171 405 2173 459 2181 461 2181 512 2171 532 2169 558 2171 627 2179 629 2179 671 2171 690 2167 728 2171 805 2177 807 2177 890 2169 954 2163 1017 2167 1083 2173 1084 2173 1086 2173 1088 2173 1094 2167 1104 2161 1138 2167 1164 2171 1166 2171 1378 2169 1379 2169 1381 2169 1385 2165 1397 2157 1538 2163 1542 2137 1536 2086 1383 2088 1374 2088 1284 2074 1282 2074 1281 2074 1245 2090 1243 2090 1237 2090 1166 2076 1164 2076 1162 2076 1132 2090 1102 2082 1100 2082 1098 2082 1009 2092 997 2082 995 2082 993 2082 991 2082 932 2094 928 2094 924 2094 807 2080 805 2080 803 2080 768 2096 750 2082 748 2082 746 2082 744 2082 588 2094 526 2084 524 2084 522 2084 520 2084 498 2100 431 2086 429 2086 427 2086 425 2086 405 2100 358 2092 356 2092 354 2092 352 2092 340 2104 219 2104 221 2155"/></Shape>
	    <String CONTENT="mais seulemẽt ce q̃ dieu nous cõmãde. 166"
                    HPOS="219"
                    VPOS="2074"
                    WIDTH="1323"
                    HEIGHT="109"
                    WC="0.9920488176020709"></String>
          </TextLine>
          <TextLine ID="eSc_line_02a55a27"
                    TAGREFS="LT8"
                    BASELINE="158 2238 1793 2220" 
                    HPOS="154"
                    VPOS="2143"
                    WIDTH="1637"
                    HEIGHT="125">
            <Shape><Polygon POINTS="157 2235 157 2268 1200 2244 1238 2256 1250 2256 1268 2241 1313 2241 1524 2253 1545 2238 1770 2253 1791 2235 1791 2217 1785 2167 1539 2143 1446 2170 1140 2170 971 2149 867 2173 837 2155 656 2155 626 2176 454 2155 424 2176 407 2161 407 2158 398 2158 309 2179 291 2164 291 2161 166 2158 166 2161 154 2167 157 2235"/></Shape>
	    <String CONTENT="Nous debuons faire ⁊ enseigner. 178 Faire"
                    HPOS="154"
                    VPOS="2143"
                    WIDTH="1637"
                    HEIGHT="125"
                    WC="0.9996215468499718"></String>
          </TextLine>
          <TextLine ID="eSc_line_41cce047"
                    TAGREFS="LT8"
                    BASELINE="152 2323 1843 2302" 
                    HPOS="148"
                    VPOS="2229"
                    WIDTH="1694"
                    HEIGHT="122">
            <Shape><Polygon POINTS="151 2321 151 2351 493 2336 626 2348 629 2348 745 2330 787 2345 790 2345 793 2345 1212 2324 1396 2336 1399 2336 1402 2336 1449 2321 1836 2333 1842 2301 1833 2229 1114 2256 1036 2256 1016 2235 1013 2235 1010 2235 1007 2235 986 2238 828 2259 748 2238 742 2238 739 2238 736 2238 733 2238 727 2238 677 2253 656 2241 656 2238 653 2238 650 2238 647 2238 148 2244 151 2321"/></Shape>
	    <String CONTENT="La femme pecha la premiere. 12 Femme"
                    HPOS="148"
                    VPOS="2229"
                    WIDTH="1694"
                    HEIGHT="122"
                    WC="0.9997447513871722"></String>
          </TextLine>
          <TextLine ID="eSc_line_a4d3e6a0"
                    TAGREFS="LT8"
                    BASELINE="158 2408 738 2393 1758 2385" 
                    HPOS="156"
                    VPOS="2313"
                    WIDTH="1602"
                    HEIGHT="125">
            <Shape><Polygon POINTS="158 2408 158 2438 293 2424 401 2436 403 2436 405 2436 407 2436 427 2420 483 2434 485 2434 487 2434 599 2420 619 2430 621 2430 623 2430 625 2430 669 2416 752 2432 754 2432 756 2432 833 2414 910 2430 912 2430 914 2430 916 2430 948 2416 995 2424 997 2426 997 2424 1065 2412 1092 2424 1094 2424 1096 2424 1261 2408 1379 2424 1385 2424 1387 2424 1455 2424 1461 2422 1463 2422 1492 2407 1560 2422 1566 2422 1568 2422 1570 2422 1572 2422 1623 2405 1675 2420 1676 2420 1678 2420 1758 2418 1758 2385 1754 2325 1625 2313 1623 2313 1621 2313 1581 2325 1574 2327 1550 2325 1421 2315 1419 2315 1417 2315 1391 2327 1385 2327 1286 2317 1284 2317 1207 2329 1187 2331 1172 2329 1104 2319 1102 2319 1100 2319 1098 2319 1083 2329 1079 2333 1055 2331 989 2321 987 2321 985 2321 954 2331 938 2335 873 2331 754 2325 752 2325 750 2325 730 2333 722 2337 718 2333 708 2325 706 2325 704 2325 651 2325 649 2325 560 2327 558 2327 556 2327 546 2335 538 2339 156 2339 158 2408"/></Shape>
	    <String CONTENT="Pourquoy sont ordonnez les iours des festes Feste"
                    HPOS="156"
                    VPOS="2313"
                    WIDTH="1602"
                    HEIGHT="125"
                    WC="0.9941895969060003"></String>
          </TextLine>
          <TextLine ID="eSc_line_91854d2e"
                    TAGREFS="LT8"
                    BASELINE="241 2486 1597 2476" 
                    HPOS="237"
                    VPOS="2405"
                    WIDTH="1358"
                    HEIGHT="109">
            <Shape><Polygon POINTS="240 2485 240 2514 834 2508 837 2508 852 2505 918 2488 1007 2503 1016 2503 1019 2503 1022 2503 1025 2503 1072 2488 1589 2491 1595 2473 1592 2431 1539 2405 1536 2405 1533 2405 1292 2428 1247 2434 891 2434 870 2425 843 2410 840 2410 837 2410 237 2416 240 2485"/></Shape>
	    <String CONTENT="entre les chrestiens. 72"
                    HPOS="237"
                    VPOS="2405"
                    WIDTH="1358"
                    HEIGHT="109"
                    WC="0.9998635475834211"></String>
          </TextLine>
          <TextLine ID="eSc_line_0da82974"
                    TAGREFS="LT8"
                    BASELINE="156 2577 1742 2551" 
                    HPOS="154"
                    VPOS="2476"
                    WIDTH="1588"
                    HEIGHT="128">
            <Shape><Polygon POINTS="156 2577 156 2604 231 2595 378 2604 397 2604 399 2604 401 2604 403 2604 433 2589 534 2589 556 2599 558 2599 560 2599 641 2587 657 2599 659 2599 661 2599 663 2600 679 2600 732 2600 732 2599 734 2599 764 2585 784 2595 786 2595 788 2595 843 2585 995 2595 1005 2595 1007 2595 1011 2595 1069 2581 1122 2593 1126 2593 1128 2593 1130 2593 1166 2579 1366 2585 1368 2585 1370 2585 1372 2585 1372 2583 1381 2575 1482 2587 1484 2587 1486 2587 1488 2587 1488 2585 1504 2573 1738 2583 1742 2551 1736 2476 1613 2490 1550 2480 1536 2478 1534 2478 1532 2478 1524 2480 1490 2492 1265 2486 1150 2484 1148 2484 1108 2490 1061 2498 1035 2492 1013 2486 1011 2486 1009 2486 1007 2486 1005 2486 1005 2488 999 2492 989 2500 940 2494 885 2488 883 2488 811 2498 760 2503 730 2500 689 2492 687 2492 685 2492 655 2502 637 2505 574 2502 447 2496 445 2496 443 2496 403 2507 397 2507 378 2507 241 2500 239 2500 154 2511 156 2577"/></Shape>
	    <String CONTENT="Ceulx sont les filz de dieu qui sõt menez par Filz"
                    HPOS="154"
                    VPOS="2476"
                    WIDTH="1588"
                    HEIGHT="128"
                    WC="0.9957964268385195"></String>
          </TextLine>
          <TextLine ID="eSc_line_5246f7d1"
                    TAGREFS="LT8"
                    BASELINE="243 2656 1611 2638" 
                    HPOS="237"
                    VPOS="2574"
                    WIDTH="1373"
                    HEIGHT="104">
            <Shape><Polygon POINTS="240 2654 240 2672 683 2678 686 2678 689 2678 692 2678 692 2675 695 2675 701 2666 710 2657 918 2660 1137 2666 1140 2666 1143 2666 1146 2666 1158 2657 1167 2651 1209 2657 1304 2669 1307 2669 1393 2654 1426 2648 1452 2651 1542 2666 1545 2666 1547 2666 1610 2648 1610 2636 1607 2600 1524 2574 1521 2574 1518 2574 1515 2574 1512 2574 1479 2598 1441 2598 1372 2600 237 2592 240 2654"/></Shape>
	    <String CONTENT="lesprit de dieu. 91"
                    HPOS="237"
                    VPOS="2574"
                    WIDTH="1373"
                    HEIGHT="104"
                    WC="0.9925335990755182"></String>
          </TextLine>
          <TextLine ID="eSc_line_bc1fc72f"
                    TAGREFS="LT8"
                    BASELINE="174 2737 1813 2715" 
                    HPOS="172"
                    VPOS="2644"
                    WIDTH="1641"
                    HEIGHT="115">
            <Shape><Polygon POINTS="174 2737 174 2757 750 2759 752 2759 789 2753 835 2747 879 2753 914 2757 916 2757 972 2753 1069 2743 1172 2751 1211 2753 1213 2753 1229 2751 1275 2741 1342 2749 1362 2751 1364 2751 1366 2751 1372 2749 1399 2737 1516 2737 1631 2747 1637 2747 1639 2747 1643 2747 1694 2735 1809 2745 1813 2715 1811 2660 1766 2644 1764 2644 1762 2644 1760 2644 1722 2654 1667 2644 1665 2644 1663 2644 1613 2660 1611 2660 1597 2660 1366 2648 1364 2648 1302 2662 1296 2662 1156 2664 1150 2662 1128 2652 1126 2652 1124 2652 1122 2652 1120 2652 1108 2662 1100 2668 914 2670 716 2664 613 2660 611 2660 591 2664 546 2674 520 2664 514 2662 512 2662 510 2662 508 2662 500 2664 467 2672 421 2664 405 2662 403 2662 382 2664 296 2676 265 2664 263 2664 261 2664 259 2664 172 2664 174 2737"/></Shape>
	    <String CONTENT="Peu ð fideles sõt trouuez au dernier tẽps. 346 Fideles"
                    HPOS="172"
                    VPOS="2644"
                    WIDTH="1641"
                    HEIGHT="115"></String>
          </TextLine>
          <TextLine ID="eSc_line_5752b7f8"
                    TAGREFS="LT8"
                    BASELINE="170 2822 1722 2800" 
                    HPOS="168"
                    VPOS="2731"
                    WIDTH="1554"
                    HEIGHT="119">
            <Shape><Polygon POINTS="170 2822 170 2850 253 2838 308 2848 310 2848 312 2848 338 2836 451 2836 477 2848 479 2848 481 2848 645 2846 647 2846 669 2836 841 2844 873 2844 875 2844 888 2842 982 2828 1003 2838 1005 2838 1007 2838 1065 2826 1081 2840 1083 2840 1084 2840 1086 2840 1100 2840 1322 2822 1397 2836 1405 2836 1407 2836 1409 2836 1413 2836 1473 2820 1488 2828 1490 2828 1492 2828 1579 2818 1623 2832 1625 2832 1627 2832 1722 2830 1722 2800 1718 2745 1585 2731 1583 2731 1360 2745 1292 2749 1213 2745 1053 2739 1051 2739 1049 2739 1025 2747 1003 2753 946 2747 887 2741 885 2741 883 2741 865 2747 843 2755 799 2747 770 2743 768 2743 766 2743 764 2743 758 2747 748 2755 712 2747 692 2745 690 2745 689 2745 679 2749 657 2755 635 2749 625 2745 623 2745 621 2745 619 2745 611 2749 588 2759 168 2751 170 2822"/></Shape>
	    <String CONTENT="Dieu demande la foy ⁊ les cueurs/ non point Foy"
                    HPOS="168"
                    VPOS="2731"
                    WIDTH="1554"
                    HEIGHT="119"></String>
          </TextLine>
          <TextLine ID="eSc_line_e1ff9af7"
                    TAGREFS="LT8"
                    BASELINE="259 2905 1617 2887" 
                    HPOS="255"
                    VPOS="2811"
                    WIDTH="1361"
                    HEIGHT="122">
            <Shape><Polygon POINTS="258 2903 258 2933 380 2918 558 2927 561 2927 564 2927 567 2927 582 2912 603 2927 606 2927 609 2927 612 2927 689 2927 918 2924 921 2924 924 2924 947 2906 1610 2912 1616 2886 1607 2811 1417 2820 1414 2820 1372 2844 900 2847 879 2829 876 2829 873 2829 716 2820 713 2820 710 2820 707 2820 707 2823 704 2823 698 2832 695 2835 674 2832 591 2823 588 2823 487 2838 442 2844 433 2838 421 2826 418 2826 415 2826 297 2826 294 2826 291 2826 255 2841 258 2903"/></Shape>
	    <String CONTENT="les dons exterieurs. 276"
                    HPOS="255"
                    VPOS="2811"
                    WIDTH="1361"
                    HEIGHT="122"
                    WC="0.9934995745619138"></String>
          </TextLine>
          <TextLine ID="eSc_line_c75db5ee"
                    TAGREFS="LT8"
                    BASELINE="184 2996 1138 2971 1710 2981" 
                    HPOS="182"
                    VPOS="2893"
                    WIDTH="1528"
                    HEIGHT="135">
            <Shape><Polygon POINTS="184 2996 184 3018 318 3010 334 3020 344 3026 346 3026 348 3026 350 3028 441 3028 441 3026 443 3026 445 3026 455 3018 475 3004 570 3004 603 3018 607 3018 609 3018 611 3018 619 3016 675 3004 714 3016 722 3018 724 3018 726 3018 728 3018 732 3016 744 3010 789 3016 829 3020 831 3020 833 3020 855 3014 912 3000 942 3014 944 3014 946 3014 948 3014 950 3014 968 2998 997 3008 999 3008 1001 3008 1003 3008 1027 2998 1174 3004 1176 3004 1178 3004 1219 2994 1255 3004 1257 3004 1259 3004 1330 2994 1356 3008 1358 3008 1360 3008 1415 2996 1433 3010 1435 3010 1437 3010 1439 3010 1558 3008 1560 3008 1562 3008 1576 2998 1708 3006 1710 2981 1708 2907 1621 2897 1619 2897 1556 2909 1550 2909 1546 2909 1504 2893 1502 2893 1500 2893 1498 2893 1439 2911 1435 2911 1431 2911 1381 2895 1379 2895 1378 2895 1376 2895 1324 2913 1318 2913 1310 2913 1219 2897 1217 2897 1043 2917 1033 2917 1029 2917 958 2901 956 2901 954 2901 904 2919 902 2919 900 2919 853 2905 851 2905 849 2905 776 2921 772 2921 768 2921 712 2905 710 2905 708 2905 645 2919 615 2907 613 2907 611 2907 496 2909 494 2909 443 2927 437 2927 431 2927 364 2913 362 2913 360 2913 358 2913 340 2927 340 2929 277 2929 273 2929 231 2915 229 2915 227 2915 225 2915 182 2927 184 2996"/></Shape>
	    <String CONTENT="La foy doibt estre seulement adioustee aux Foy"
                    HPOS="182"
                    VPOS="2893"
                    WIDTH="1528"
                    HEIGHT="135"></String>
          </TextLine>
        </TextBlock>
        <TextBlock HPOS="928"
                   VPOS="2998"
                   WIDTH="674"
                   HEIGHT="102"
                   ID="eSc_textblock_800eb0e8"
                   TAGREFS="BT17">
          <Shape><Polygon POINTS="1602 3100 1602 2998 928 2998 943 3100"/></Shape>
          <TextLine ID="eSc_line_501f6511"
                    TAGREFS="LT8"
                    BASELINE="968 3064 1583 3056" 
                    HPOS="966"
                    VPOS="2985"
                    WIDTH="617"
                    HEIGHT="124">
            <Shape><Polygon POINTS="968 3064 968 3091 1033 3091 1037 3093 1053 3107 1055 3107 1057 3107 1059 3107 1061 3107 1063 3107 1079 3095 1083 3091 1096 3095 1126 3103 1128 3103 1130 3103 1180 3097 1225 3091 1245 3099 1271 3109 1273 3109 1275 3109 1326 3101 1338 3099 1352 3101 1389 3107 1391 3107 1393 3107 1395 3107 1401 3101 1431 3085 1461 3085 1498 3105 1500 3105 1502 3105 1504 3107 1583 3107 1583 3056 1577 3000 1514 3004 1500 3000 1463 2986 1461 2986 1459 2986 1457 2986 1419 3000 1417 3000 1387 2990 1385 2990 1383 2990 1381 2990 1379 2990 1379 2992 1368 3000 1366 3004 1358 3000 1316 2985 1314 2985 1312 2985 1310 2985 1308 2985 1281 3002 1267 3010 1211 3010 1197 3002 1170 2986 1168 2986 1166 2986 1063 3000 978 2988 976 2988 974 2988 972 2988 972 2990 970 2990 966 2994 968 3064"/></Shape>
	    <String CONTENT="Yy .iii. escriptures"
                    HPOS="966"
                    VPOS="2985"
                    WIDTH="617"
                    HEIGHT="124"></String>
          </TextLine>
        </TextBlock>
      </PrintSpace>
    </Page>
  </Layout>
</alto>
