2267 3563
799 285 1316 142 escriptures canonicques. 192

433 383 1688 148 Foy Auant la circoncision ⁊ baptesme aucuns ont

802 486 1292 101 pleu a dieu par foy. 164

445 564 1649 124 Foy Cest une mesme foy du nouueau ⁊ de lancien

766 653 1343 101 testament. 164

430 727 1673 125 Foy La foy dõnee de dieu faict lhõme iuste. 150

427 813 1682 125 Foy Il est necessaire que ceste foy besongne. 149

418 896 1691 128 Foy La foy faict lintention/ ⁊ lintention faict la

805 982 1313 107 bonne oeuure. 149

427 1059 1664 128 Foy La concordance de Iacques ⁊ de Paul/ de la

805 1149 1280 101 foy ⁊ des oeuures. 148.149

430 1229 1649 121 Foy Noꝰ sõmes sauuez par foy ⁊ par esperãce. 17

421 1309 1670 136 Foy Nul ne uiẽt a la foy sil nest ẽseigne ð dieu. 41

421 1407 1676 110 Foy Tous ceulx qui oyent nont pas la foy. 42

421 1478 1676 134 Foy Le cõmẽcemẽt de corriger le cueͬ cest la foy. 64

427 1561 1670 125 Foy La foy ne desire point les choses p̃sentes. 65

439 1641 1664 128 Foy Sans foy aussi uertu est peche. 107

442 1728 1646 124 Foy Toꝰ fideles recoiuẽt la foy de dieu le pere. 108

439 1814 1661 115 Foy. La foy est la mere de la bõne oeuure. 114.162

439 1897 1682 116 Foy La foy des croyans est don de dieu. 114

439 1977 1670 125 Foy La foy est le cõmencement des merites. 115

433 2060 1308 122 Foy Nous sommes fiancez en la foy.

433 2146 1664 116 Foy La fin de la foy est le salut des ames. 126

433 2223 1664 125 Foy La droicte foy est le ꝯmẽcemẽt de bõne uie. 127

433 2310 1676 124 Foy Nous receuons la foy de dieu. 127

442 2396 1676 115 Foy Foy pleine ⁊ parfaicte. 128

436 2482 1688 104 Foy La foy est don de dieu. 129

442 2565 1673 116 foy La foy est donnee a lhomme par misericorde

802 2648 1319 92 de dieu. 129

445 2725 1673 125 Foy La foy doncques nous tire a christ. 130

433 2805 1025 131 Foy Foy est loeuure de dieu.

433 2888 1682 140 Foy Nostre foy est Christ. 132

1785 2986 307 117 Lhomme
