2267 3563
247 312 1439 117 homme est iustifie par la seule foy sans les Foy

255 406 1337 92 oeuures. 138

172 475 1563 118 La seulle foy iustifie. 136 Foy

166 561 1566 115 Il ya deux manieres de foy. 139 Foy

164 649 1532 107 Les oeuures de lhomme qui a la foy. 143 Foy

168 730 1522 109 Comme le corps sans esprit est mort/ ainsi est Foy

249 813 1298 104 la foy sans oeuures. 147

178 881 1557 125 Nostre force est de dieu. 99 Force

178 969 1574 121 Le fruict de lhõe est la ꝯfession de sa foy. 145 Fruict

170 1062 1548 113 Les sainctz personnages ont fuy la fureur Fuyr

237 1152 1325 103 des meschans. 356

757 1226 140 98 G.

182 1304 1641 121 Les gentilz sont appellez pecheurs. 74 Gentilz

176 1401 1613 107 La grace qui est dõnee apres la trãsgressiõ. 4 Grace

172 1475 1643 119 Tout ce que nous auons est grace. 86 Grace

178 1558 1640 116 La grace est donnee aux mauuais. 112 Grace

166 1638 1649 119 Que faict la grace en lhomme. 119 Grace

178 1724 1623 108 Tout doibt estre attribue a la grace/ et rien Grace

261 1814 1343 104 aux merites. 123

184 1888 1598 116 La grace me iustifie pour neant. 123 Grace

181 1974 1604 116 La grace de dieu deslie tout peche. 10 Grace

184 2068 1631 101 Grace pour grace est dõnee a lhõme. 89 Grace

184 2145 1633 109 Dieu inspire la grace a lhõme qui resiste. 52 Grace

182 2230 1611 101 La grace de dieu nous faict uouloir. 98 Grace

196 2310 1635 110 Sãs la grace de dieu noꝰ ne sõmes riens. 102 Grace

190 2395 1617 112 La double grace de la uie presente/ ascauoir Grace

261 2479 1313 98 de croire ⁊ de souffrir. 103

192 2559 1619 111 Lagrace ð dieu faict nouuelles creatures. 108 Grace

199 2644 1604 109 La grace de dieu oeuure par la uolunte de lhõ Grace

293 2733 1300 107 me cõme par ung instrument. 117

186 2810 1605 117 La grace premierement repare la uolunte de Grace

267 2897 1331 119 lhomme. 118

1011 2977 576 140 Yy .iiii. La grace
