2267 3563
455 310 1665 107 Grace. La grace de dieu nest pas oyseuse en lhõe. 118

455 397 1665 105 Guerre. La guerre est plꝰ utile q̃ la paix du mõde. 359

457 484 1649 107 Guerir. Nous ne sommes point parfaictemẽt guerir

787 567 1322 104 iusques apres la mort. 83

1316 644 130 101 H

445 715 1682 125 Heure. La derniere heure est uenue. fueillet.351

427 813 1700 113 Heureux Nul nest bienheureux en ceste uie. 18

431 898 1679 107 Heresie. Heresie est utile pour esprouuer les fidelles/

808 976 1307 113 mais elle est dangereuse. 144

437 1060 1661 109 Heresie. Heresie est trouuee par gloutonnie. 188

441 1148 1641 104 Heresie. Les heresies sõt lexcercite de Lãtechrist. 343

433 1233 1659 107 Heretic¬ Les hereticques ont tous les mysteres de le¬

421 1321 1685 95 ques. glise. 145.330

433 1391 1673 115 Heretic¬ Tous hereticques aduersaires de Christ/ sõt

436 1481 1673 98 ques. Antechristz. 174

439 1559 1663 103 Heretic¬ La dilectiõ de saĩct Augustin enuers les here¬

443 1652 1655 103 ques. reticques prisonniers/ a cause de la moleste

799 1728 1298 106 quilz auoient faict. 247

437 1813 1667 107 Heretic¬ Lestude des hereticques enuers la parolle de

427 1900 1694 104 ques. dieu. 269

427 1979 1677 101 Heretic¬ Les hereticques ont les mains oyseuses/ ⁊ les

427 2063 1664 107 ques. greniers pleins. 269

435 2145 1655 107 Hereticq̃ Le pecheur ⁊ lhereticque doibuent estre corri¬

811 2229 1289 95 gez par compassion. 305

439 2311 1655 105 Hereticq̃ Il fault extirper les erreurs et non point les

799 2405 1322 89 hommes. 306.352

435 2476 1675 107 Hereticq̃ Une uoix ouye du ciel parlant a Alexandre

803 2569 1301 101 lisant les liures hereticques/ que luy dit/

793 2642 1322 101 lis toutes choses. 314

425 2729 1667 111 Hereticq̃ Lhereticque est esprouue par parolles et par

799 2820 1292 83 oeuures. 347

437 2901 1639 119 Hereticq̃ Les hereticques sont cõtraires les ungz aux

1827 2988 253 115 autres.
