2267 3563
267 255 1313 148 autres. 348

180 358 1649 146 Tousiours les chrestiens fideles seuffrent/ et hereticq̃

231 448 1379 136 les hereticques persecutent. 353

170 526 1681 143 Pourquoy les hereticques ueullent occire les Hereticq̃

252 617 1331 134 chrestiens. 355

174 694 1691 143 Les hereticq̃s ne doiuẽt pas estre bruslez. 357 Hereticq̃

180 777 1673 143 Quelles sont les oeuures de hypocrisie. 144 Hipocri.

180 857 1673 154 Les hystoriens sont deceuz en plusieurs cho¬ historiẽs

255 956 1331 121 ses. 220

170 1023 1675 152 Le plus grand honneur de dieu est si nous ac¬ Hõneur.

243 1113 1352 139 complissons sa uolunte. 288

763 1214 131 110 I.

172 1261 1658 164 Lhumilite de Iehan apostre. 240 Iehan.

172 1359 1658 140 La ieune des chrestiens. 250 Ieune.

172 1437 1670 142 La ieune des Iuifz est reprouuee. 250 Ieune.

178 1520 1670 148 Quelles uertus faict la ieune. 250 Ieune.

176 1607 1657 148 Mõtanus hereticque institua p̃mier les loix Ieune.

257 1706 1360 123 des ieunes/ en lhistoire Ecclesiasticque au

273 1784 1361 128 .u. liure au .xxuiii. chapitre. 251

190 1855 1628 143 La ieune superstitieuse. 251 Ieune.

188 1935 1611 159 Le peuple ignorãt lescripture/ ne sera pas ex¬ Igno¬

261 2030 1545 134 cuse. 202 rance.

184 2096 1696 151 Lhonneur de limage de dieu. 331 Image.

184 2191 1687 148 Limage de dieu nest pas uisible. 331 Image.

187 2271 1696 148 Liniure de limage de dieu. 332 Image.

207 2355 1664 148 On ne doit hõnorer ny adorer les images. 330 Image.

187 2437 1690 152 Limage de dieu que Adam perdit. 24 Image.

193 2520 1678 149 Cest chose faulse adorer les images. 325 Image.

210 2606 1646 143 Quelle est la uraye image de dieu. 325 Image.

205 2696 1663 136 La ueneration de limage de dieu. 325 Image.

194 2781 1647 146 Cest chose infidele de rendre grace au boys et Image.

279 2868 1325 154 aux pierres. 326

1372 2945 200 123 Celuy
