<?xml version="1.0" encoding="UTF-8"?>
<alto xmlns:xsi="http://www.w3.org/2001/XMLSchema-instance"
      xmlns="http://www.loc.gov/standards/alto/ns-v4#"
      xsi:schemaLocation="http://www.loc.gov/standards/alto/ns-v4# http://www.loc.gov/standards/alto/v4/alto-4-2.xsd">
  <Description>
    <MeasurementUnit>pixel</MeasurementUnit>
    <sourceImageInformation>
      <fileName>345_cbc28_default.jpg</fileName>
      <fileIdentifier>https://www.e-rara.ch/i3f/v20/4106503/full/full/0/default.jpg</fileIdentifier>
    </sourceImageInformation>
  </Description>
  <Tags>
    <OtherTag ID="BT8" LABEL="DamageZone" DESCRIPTION="block type DamageZone"/><OtherTag ID="BT10" LABEL="DropCapitalZone" DESCRIPTION="block type DropCapitalZone"/><OtherTag ID="BT11" LABEL="GraphicZone" DESCRIPTION="block type GraphicZone"/><OtherTag ID="BT12" LABEL="MainZone" DESCRIPTION="block type MainZone"/><OtherTag ID="BT13" LABEL="MarginTextZone" DESCRIPTION="block type MarginTextZone"/><OtherTag ID="BT15" LABEL="NumberingZone" DESCRIPTION="block type NumberingZone"/><OtherTag ID="BT17" LABEL="QuireMarksZone" DESCRIPTION="block type QuireMarksZone"/><OtherTag ID="BT18" LABEL="RunningTitleZone" DESCRIPTION="block type RunningTitleZone"/><OtherTag ID="BT20" LABEL="StampZone" DESCRIPTION="block type StampZone"/><OtherTag ID="BT21" LABEL="TableZone" DESCRIPTION="block type TableZone"/><OtherTag ID="BT22" LABEL="TitlePageZone" DESCRIPTION="block type TitlePageZone"/>
    <OtherTag ID="LT8" LABEL="DefaultLine" DESCRIPTION="line type DefaultLine"/><OtherTag ID="LT9" LABEL="DropCapitalLine" DESCRIPTION="line type DropCapitalLine"/><OtherTag ID="LT10" LABEL="HeadingLine" DESCRIPTION="line type HeadingLine"/><OtherTag ID="LT11" LABEL="InterlinearLine" DESCRIPTION="line type InterlinearLine"/><OtherTag ID="LT311" LABEL="default" DESCRIPTION="line type default"/>
  </Tags>
  <Layout>
    <Page WIDTH="2267"
          HEIGHT="3563"
          PHYSICAL_IMG_NR="345"
          ID="eSc_dummypage_">
      <PrintSpace HPOS="0"
                  VPOS="0"
                  WIDTH="2267"
                  HEIGHT="3563">
        <TextBlock HPOS="388"
                   VPOS="251"
                   WIDTH="1750"
                   HEIGHT="2731"
                   ID="eSc_textblock_c4eedffb"
                   TAGREFS="BT12">
          <Shape><Polygon POINTS="396 251 388 2982 2122 2978 2138 271"/></Shape>
          <TextLine ID="eSc_line_a73e67f7"
                    TAGREFS="LT8"
                    BASELINE="433 356 1150 350 2110 364" 
                    HPOS="431"
                    VPOS="269"
                    WIDTH="1679"
                    HEIGHT="122">
            <Shape><Polygon POINTS="2096 290 2076 290 2057 290 2037 290 2017 290 1997 290 1977 288 1970 288 1944 290 1940 288 1938 288 1918 288 1898 288 1878 288 1859 288 1839 287 1819 287 1801 287 1795 290 1742 287 1740 287 1720 287 1700 287 1680 285 1661 285 1641 285 1627 285 1593 288 1585 285 1581 285 1562 285 1542 283 1522 283 1512 283 1488 287 1473 283 1463 283 1443 283 1423 283 1403 281 1393 285 1372 281 1364 281 1344 281 1324 281 1304 281 1284 281 1273 279 1172 287 1140 277 1126 277 1106 277 1086 277 1067 277 1049 277 980 285 964 275 948 275 936 275 892 285 873 275 869 275 849 273 829 273 809 273 789 273 770 273 768 273 730 283 639 273 637 273 591 283 574 269 572 269 570 269 552 269 532 269 512 269 492 269 473 269 453 269 433 269 433 356 431 380 494 382 496 382 498 382 502 382 540 368 679 368 696 380 698 380 700 380 702 380 851 370 894 382 910 385 912 385 914 385 916 385 928 382 962 372 1003 382 1021 385 1023 385 1025 385 1033 382 1057 372 1360 372 1431 384 1482 389 1484 389 1554 384 1635 376 1718 384 1797 391 1799 391 1801 391 1823 384 1841 378 1849 384 1859 391 1861 391 1863 391 1865 391 2108 384 2110 364 2106 290 2096 290"/></Shape>
	    <String CONTENT="Indul¬ Celuy dessert auoir indulgẽce des pechez/ qui"
                    HPOS="431"
                    VPOS="269"
                    WIDTH="1679"
                    HEIGHT="122"
                    WC="0.9836654685578257"></String>
          </TextLine>
          <TextLine ID="eSc_line_b14a17b0"
                    TAGREFS="LT8"
                    BASELINE="439 429 2104 451" 
                    HPOS="433"
                    VPOS="353"
                    WIDTH="1670"
                    HEIGHT="122">
            <Shape><Polygon POINTS="594 353 466 374 439 362 433 454 638 457 659 442 680 460 704 460 787 445 802 457 802 460 1402 454 1438 469 1452 469 1452 466 1467 454 1622 454 2097 475 2103 448 2097 388 1660 394 1628 371 1613 371 1613 374 1589 394 1432 394 1345 362 1090 359 1028 377 1007 359 897 356 677 383 594 353"/></Shape>
	    <String CONTENT="gence. se abstient diceulx. 277"
                    HPOS="433"
                    VPOS="353"
                    WIDTH="1670"
                    HEIGHT="122"
                    WC="0.9895523575044447"></String>
          </TextLine>
          <TextLine ID="eSc_line_1054a7fd"
                    TAGREFS="LT8"
                    BASELINE="429 518 2110 526" 
                    HPOS="427"
                    VPOS="445"
                    WIDTH="1683"
                    HEIGHT="113">
            <Shape><Polygon POINTS="427 548 475 550 477 550 479 550 481 550 500 536 724 536 797 548 799 548 801 548 849 536 906 552 918 554 920 554 922 554 944 552 1031 538 1187 538 1215 552 1219 554 1221 554 1223 554 1225 554 1231 552 1255 546 1267 552 1271 556 1273 556 1275 556 1277 556 1302 554 1358 546 1395 554 1409 556 1411 558 1534 558 1534 556 1536 556 1538 556 1540 554 1554 546 1655 554 1678 556 1680 556 1682 556 1688 554 1720 546 1742 556 1744 556 1746 556 1902 558 1904 558 1906 558 1914 556 1938 548 1960 556 1966 558 1968 558 1970 558 1971 558 1975 556 2007 542 2106 556 2110 526 2110 465 2065 453 2063 453 2061 453 2059 453 2037 463 1536 463 1530 457 1518 449 1516 449 1514 449 1441 449 1439 449 1437 449 1435 449 1425 457 1417 461 1374 455 1318 449 1316 449 1314 449 1300 455 1284 461 1116 461 1104 453 1098 447 1096 447 1094 447 1092 447 1043 451 976 459 962 451 958 447 956 447 954 447 952 447 906 451 841 455 821 449 807 445 805 445 542 445 540 445 538 445 536 445 522 457 506 445 504 445 502 445 500 445 498 445 496 445 459 455 431 445 429 518 427 548"/></Shape>
	    <String CONTENT="Indul¬ Lindulgẽce des pechez est la reparation de la"
                    HPOS="427"
                    VPOS="445"
                    WIDTH="1683"
                    HEIGHT="113"
                    WC="0.9912036274963955"></String>
          </TextLine>
          <TextLine ID="eSc_line_e53d1989"
                    TAGREFS="LT8"
                    BASELINE="433 595 2104 621" 
                    HPOS="427"
                    VPOS="522"
                    WIDTH="1676"
                    HEIGHT="125">
            <Shape><Polygon POINTS="427 617 778 611 814 629 1048 632 1143 617 1250 635 1354 620 1545 641 1583 626 1836 641 1901 629 1916 629 2014 647 2100 629 2103 620 2097 546 1925 573 1553 570 1479 537 1458 537 1357 564 1191 564 1173 540 1134 534 796 525 656 552 597 522 484 522 454 540 433 528 427 617"/></Shape>
	    <String CONTENT="gence. uie passee. 277"
                    HPOS="427"
                    VPOS="522"
                    WIDTH="1676"
                    HEIGHT="125"
                    WC="0.9825046170841564"></String>
          </TextLine>
          <TextLine ID="eSc_line_94b59ecd"
                    TAGREFS="LT8"
                    BASELINE="429 686 1142 684 2102 696" 
                    HPOS="429"
                    VPOS="609"
                    WIDTH="1673"
                    HEIGHT="115">
            <Shape><Polygon POINTS="429 686 429 710 685 702 722 714 730 716 732 716 734 716 764 714 849 706 885 714 890 716 892 716 894 716 904 714 968 704 1156 704 1174 718 1176 718 1178 718 1180 718 1205 718 1387 708 1508 720 1536 722 1538 722 1570 720 1694 712 1724 722 1726 722 1728 722 1730 722 1756 722 2007 714 2098 724 2102 696 2098 629 1821 635 1744 627 1639 617 1637 617 1572 627 1534 633 1478 627 1364 615 1362 615 1294 627 1281 629 1271 627 1225 613 1223 613 1138 613 1136 613 1134 613 1098 627 1096 627 1061 613 1059 613 1057 613 1055 613 1053 613 1031 627 1025 631 970 631 948 627 839 611 837 611 720 613 718 613 694 625 659 609 657 609 655 609 653 609 613 619 494 611 492 611 429 625 429 686"/></Shape>
	    <String CONTENT="Indul¬ Le lieu ne le uestement ne peult donner indul"
                    HPOS="429"
                    VPOS="609"
                    WIDTH="1673"
                    HEIGHT="115"
                    WC="0.9898971342123472"></String>
          </TextLine>
          <TextLine ID="eSc_line_50d1e1c9"
                    TAGREFS="LT8"
                    BASELINE="433 762 2098 778" 
                    HPOS="427"
                    VPOS="694"
                    WIDTH="1670"
                    HEIGHT="110">
            <Shape><Polygon POINTS="430 760 427 783 716 771 751 792 992 795 1001 795 1001 792 1022 774 1182 774 1244 795 1351 777 1429 798 1438 798 1536 777 2091 804 2097 777 2091 715 1818 733 1568 718 1545 730 1461 703 1449 703 1408 730 1283 730 1238 709 1209 700 1197 700 1164 724 1126 706 1099 709 1045 724 989 697 817 697 760 721 656 721 623 694 430 706 430 760"/></Shape>
	    <String CONTENT="gence. gence. 275"
                    HPOS="427"
                    VPOS="694"
                    WIDTH="1670"
                    HEIGHT="110"
                    WC="0.9765641478931203"></String>
          </TextLine>
          <TextLine ID="eSc_line_e889bad8"
                    TAGREFS="LT8"
                    BASELINE="431 855 1011 849 2100 865" 
                    HPOS="431"
                    VPOS="771"
                    WIDTH="1669"
                    HEIGHT="125">
            <Shape><Polygon POINTS="431 855 431 882 570 868 700 868 716 882 718 882 720 882 722 882 789 872 908 882 910 882 1096 874 1215 890 1227 890 1229 890 1231 890 1233 890 1269 876 1425 890 1445 892 1447 892 1457 892 1538 878 1568 892 1570 892 1572 892 1577 892 1657 882 1680 894 1682 894 1684 894 1686 896 1801 896 1801 894 1803 894 1831 882 1874 894 1880 896 1882 896 1884 896 1908 894 2059 882 2094 896 2100 865 2100 805 2023 785 2021 785 1716 799 1676 799 1552 799 1546 795 1520 781 1518 781 1516 781 1447 789 1433 779 1431 779 1429 779 1427 779 1425 779 1381 793 1374 795 1370 793 1350 779 1348 779 1346 779 1344 779 1237 791 1209 793 1176 789 1073 777 1071 777 1007 785 928 775 926 775 924 775 890 785 869 793 805 793 791 783 774 773 772 773 770 773 714 773 712 773 710 773 708 773 696 783 687 789 663 781 641 775 639 775 637 775 597 781 580 783 576 781 562 771 560 771 558 771 556 771 431 777 431 855"/></Shape>
	    <String CONTENT="Indul¬ Dieu seul baille indulgẽce pour la remiffion"
                    HPOS="431"
                    VPOS="771"
                    WIDTH="1669"
                    HEIGHT="125"
                    WC="0.9928848972687354"></String>
          </TextLine>
          <TextLine ID="eSc_line_ff90c364"
                    TAGREFS="LT8"
                    BASELINE="427 932 2108 956" 
                    HPOS="421"
                    VPOS="858"
                    WIDTH="1685"
                    HEIGHT="121">
            <Shape><Polygon POINTS="424 929 421 953 814 944 837 964 1117 967 1179 950 1215 967 1224 967 1262 950 1316 970 1337 970 1461 953 1473 967 1672 956 1720 976 1744 976 1865 959 2100 979 2106 953 2106 881 1993 881 1934 908 1764 890 1648 902 1568 875 1559 875 1470 902 1268 902 1123 899 1060 866 1039 864 805 864 784 887 662 890 594 861 424 858 424 929"/></Shape>
	    <String CONTENT="gẽce. des pechez. 120"
                    HPOS="421"
                    VPOS="858"
                    WIDTH="1685"
                    HEIGHT="121"
                    WC="0.9941381216049194"></String>
          </TextLine>
          <TextLine ID="eSc_line_b1f3f3ab"
                    TAGREFS="LT8"
                    BASELINE="419 1017 2106 1029" 
                    HPOS="417"
                    VPOS="946"
                    WIDTH="1689"
                    HEIGHT="113">
            <Shape><Polygon POINTS="419 1017 417 1041 2102 1059 2106 1029 2104 971 1750 969 1742 965 1696 954 1694 954 1692 954 1690 954 1667 965 1661 967 1655 965 1623 954 1621 954 1619 954 1617 954 1589 963 1581 967 1574 963 1544 950 1542 950 1540 950 1437 963 1407 967 1350 967 1342 962 1330 954 1328 954 1326 954 1324 954 1144 960 999 963 984 958 956 946 954 946 952 946 881 956 853 960 839 956 809 946 807 946 805 946 419 950 419 1017"/></Shape>
	    <String CONTENT="Indul¬ Nous trouuons en nous lindulgence des pe¬"
                    HPOS="417"
                    VPOS="946"
                    WIDTH="1689"
                    HEIGHT="113"
                    WC="0.9845387724538645"></String>
          </TextLine>
          <TextLine ID="eSc_line_5e4df3c5"
                    TAGREFS="LT8"
                    BASELINE="423 1098 2094 1122" 
                    HPOS="418"
                    VPOS="1027"
                    WIDTH="1673"
                    HEIGHT="119">
            <Shape><Polygon POINTS="421 1095 418 1119 585 1113 650 1128 671 1128 716 1110 965 1131 983 1131 1045 1113 1250 1113 1307 1137 1515 1125 1562 1140 1577 1140 1657 1122 1687 1143 1711 1143 1842 1125 1883 1143 2085 1146 2091 1119 2085 1048 1880 1071 1675 1071 1568 1045 1524 1059 1467 1039 1304 1039 1298 1048 1280 1062 1051 1062 1033 1048 1030 1042 959 1054 831 1030 781 1057 698 1057 632 1027 626 1027 421 1045 421 1095"/></Shape>
	    <String CONTENT="gence. chez. 273"
                    HPOS="418"
                    VPOS="1027"
                    WIDTH="1673"
                    HEIGHT="119"
                    WC="0.9995826482772827"></String>
          </TextLine>
          <TextLine ID="eSc_line_23738081"
                    TAGREFS="LT8"
                    BASELINE="433 1185 1021 1181 2084 1195" 
                    HPOS="433"
                    VPOS="1106"
                    WIDTH="1651"
                    HEIGHT="119">
            <Shape><Polygon POINTS="433 1185 433 1213 564 1199 605 1215 607 1215 609 1215 611 1215 613 1215 615 1215 669 1199 708 1215 712 1217 714 1217 716 1219 807 1219 807 1217 809 1217 813 1217 875 1201 1114 1213 1116 1213 1158 1205 1180 1219 1182 1219 1183 1219 1185 1219 1199 1219 1342 1205 1413 1219 1431 1223 1433 1225 1504 1225 1504 1223 1506 1223 1512 1221 1546 1207 1601 1221 1617 1225 1619 1225 1621 1225 2082 1223 2084 1195 2082 1136 1918 1136 1912 1134 1851 1116 1849 1116 1847 1116 1714 1132 1702 1132 1700 1132 1676 1120 1675 1120 1673 1120 1671 1120 1669 1120 1653 1130 1649 1132 1429 1132 1423 1128 1389 1116 1387 1116 1385 1116 1267 1128 1251 1128 1235 1126 1110 1110 1049 1110 1047 1110 1045 1110 1043 1110 1025 1124 1021 1126 1011 1124 902 1108 900 1108 837 1122 805 1108 803 1108 801 1108 681 1116 641 1106 639 1106 637 1106 635 1106 601 1118 566 1106 564 1106 562 1106 560 1106 558 1106 536 1120 532 1122 524 1120 492 1110 491 1110 489 1110 433 1118 433 1185"/></Shape>
	    <String CONTENT="Indul¬ Queͬ or Christ demãde pour lindulgue des"
                    HPOS="433"
                    VPOS="1106"
                    WIDTH="1651"
                    HEIGHT="119"
                    WC="0.9898010430236658"></String>
          </TextLine>
          <TextLine ID="eSc_line_c5a847f6"
                    TAGREFS="LT8"
                    BASELINE="437 1266 2088 1284" 
                    HPOS="433"
                    VPOS="1196"
                    WIDTH="1652"
                    HEIGHT="95">
            <Shape><Polygon POINTS="436 1264 433 1285 2079 1291 2085 1282 2085 1235 2038 1214 1940 1232 1922 1232 1874 1214 1862 1214 1862 1217 1836 1238 1729 1217 1657 1238 1580 1238 1562 1223 1559 1217 1515 1220 1435 1232 1414 1214 1402 1214 1354 1232 1051 1232 989 1202 924 1205 710 1226 647 1226 612 1199 436 1196 436 1264"/></Shape>
	    <String CONTENT="gẽce. pechez. xn"
                    HPOS="433"
                    VPOS="1196"
                    WIDTH="1652"
                    HEIGHT="95"
                    WC="0.9713379214791691"></String>
          </TextLine>
          <TextLine ID="eSc_line_06c5ac73"
                    TAGREFS="LT8"
                    BASELINE="431 1355 1189 1348 2092 1359" 
                    HPOS="431"
                    VPOS="1276"
                    WIDTH="1661"
                    HEIGHT="115">
            <Shape><Polygon POINTS="431 1355 431 1385 494 1371 669 1385 689 1385 690 1385 700 1385 786 1371 831 1383 839 1385 841 1385 843 1385 871 1383 980 1373 1126 1373 1144 1381 1148 1383 1150 1383 1152 1383 1154 1383 1158 1381 1176 1373 1324 1373 1348 1381 1370 1387 1372 1387 1374 1387 1423 1379 1469 1373 1478 1379 1484 1385 1486 1385 1488 1385 1490 1385 1492 1385 1514 1379 1532 1375 1542 1379 1564 1389 1566 1389 1568 1391 1971 1391 1971 1389 1973 1389 1975 1389 1991 1377 1995 1375 2088 1375 2092 1359 2088 1292 2013 1294 2001 1292 1970 1282 1968 1282 1966 1282 1964 1282 1936 1292 1926 1294 1920 1292 1898 1280 1896 1280 1841 1280 1839 1280 1837 1280 1815 1292 1809 1296 1663 1296 1635 1292 1550 1280 1548 1280 1546 1280 1524 1292 1518 1294 1463 1292 1348 1284 1346 1284 1292 1292 1282 1292 1279 1292 1263 1278 1261 1278 1259 1278 1182 1278 1180 1278 1178 1278 1152 1292 1148 1292 1031 1292 1027 1292 989 1278 987 1278 985 1278 984 1278 938 1292 932 1292 928 1292 873 1276 871 1276 869 1276 795 1290 746 1276 744 1276 742 1276 740 1276 708 1290 671 1276 669 1276 560 1276 558 1276 556 1276 524 1290 492 1278 491 1278 489 1278 431 1290 431 1355"/></Shape>
	    <String CONTENT="Indel¬ La seulle confidence es merites de Christ re¬"
                    HPOS="431"
                    VPOS="1276"
                    WIDTH="1661"
                    HEIGHT="115"
                    WC="0.9896383927418635"></String>
          </TextLine>
          <TextLine ID="eSc_line_33337bf6"
                    TAGREFS="LT8"
                    BASELINE="431 1433 2104 1453" 
                    HPOS="427"
                    VPOS="1356"
                    WIDTH="1676"
                    HEIGHT="122">
            <Shape><Polygon POINTS="430 1431 427 1451 656 1443 793 1460 811 1460 855 1448 903 1463 929 1463 1030 1451 1328 1466 1345 1466 1375 1451 1408 1469 1435 1469 1562 1454 1604 1469 1833 1457 1877 1478 2100 1478 2103 1451 2103 1392 2002 1377 1955 1401 1791 1401 1717 1371 1705 1371 1690 1386 1672 1398 1443 1398 1271 1365 915 1359 680 1386 505 1356 430 1365 430 1431"/></Shape>
	    <String CONTENT="gẽce. ceoit indulgence. 274"
                    HPOS="427"
                    VPOS="1356"
                    WIDTH="1676"
                    HEIGHT="122"
                    WC="0.9985505278621402"></String>
          </TextLine>
          <TextLine ID="eSc_line_2d4b2c81"
                    TAGREFS="LT8"
                    BASELINE="431 1516 1193 1512 2108 1538" 
                    HPOS="427"
                    VPOS="1437"
                    WIDTH="1679"
                    HEIGHT="124">
            <Shape><Polygon POINTS="2008 1451 1925 1469 1898 1472 1619 1454 1613 1454 1589 1466 1536 1445 1527 1445 1476 1463 1426 1445 1396 1443 1268 1457 1197 1443 1173 1443 1167 1440 1099 1454 1084 1454 1045 1440 1025 1440 998 1451 974 1440 909 1437 430 1440 430 1514 427 1543 1883 1543 1892 1546 1913 1561 2103 1546 2106 1535 2106 1472 2008 1451"/></Shape>
	    <String CONTENT="gndulg. Cõtre uindu)gence uumaine. 174"
                    HPOS="427"
                    VPOS="1437"
                    WIDTH="1679"
                    HEIGHT="124"
                    WC="0.9893477834188021"></String>
          </TextLine>
          <TextLine ID="eSc_line_547e838c"
                    TAGREFS="LT8"
                    BASELINE="437 1599 1174 1595 2102 1611" 
                    HPOS="435"
                    VPOS="1524"
                    WIDTH="1667"
                    HEIGHT="114">
            <Shape><Polygon POINTS="437 1599 435 1625 609 1627 611 1627 613 1627 649 1613 685 1629 689 1629 690 1629 692 1629 694 1629 696 1629 718 1615 871 1629 875 1629 877 1629 879 1629 922 1615 1023 1631 1029 1631 1031 1631 1033 1631 1067 1617 1120 1617 1154 1633 1158 1633 1160 1633 1162 1633 1185 1633 1393 1619 1465 1635 1471 1635 1473 1635 1486 1635 1629 1623 1676 1637 1680 1637 1682 1637 1684 1637 1686 1637 1690 1637 1732 1623 1754 1637 1756 1637 1758 1637 1760 1637 1774 1637 2007 1625 2098 1638 2102 1611 2100 1551 1902 1549 1869 1532 1867 1532 1865 1532 1655 1547 1635 1547 1623 1547 1542 1534 1540 1534 1538 1534 1498 1545 1494 1545 1490 1545 1387 1530 1385 1530 1253 1543 1245 1543 1243 1543 1209 1528 1207 1528 1205 1528 1203 1528 1162 1538 1126 1526 1124 1526 926 1524 786 1524 784 1524 782 1524 724 1540 718 1540 522 1540 520 1538 496 1526 494 1526 492 1526 437 1536 437 1599"/></Shape>
	    <String CONTENT="Ingratz Lesquelz sõt ingratz de la grace de diea. ez"
                    HPOS="435"
                    VPOS="1524"
                    WIDTH="1667"
                    HEIGHT="114"
                    WC="0.9855890285294011"></String>
          </TextLine>
          <TextLine ID="eSc_line_c9f057cf"
                    TAGREFS="LT8"
                    BASELINE="433 1688 1039 1678 2102 1692" 
                    HPOS="433"
                    VPOS="1613"
                    WIDTH="1669"
                    HEIGHT="115">
            <Shape><Polygon POINTS="433 1688 433 1720 570 1720 570 1718 659 1702 754 1720 756 1720 758 1720 760 1720 791 1706 849 1714 851 1714 853 1714 855 1714 873 1702 982 1702 1027 1720 1029 1720 1031 1720 1033 1720 1065 1704 1164 1704 1209 1720 1211 1720 1213 1720 1215 1720 1277 1704 1413 1704 1465 1714 1467 1714 1514 1706 1562 1724 1564 1724 1566 1724 1570 1724 1671 1712 1698 1724 1700 1724 1702 1724 1756 1714 1938 1726 1948 1726 1950 1726 1952 1726 2001 1714 2017 1726 2019 1726 2021 1726 2023 1728 2100 1728 2102 1692 2100 1637 2017 1621 2015 1621 1805 1633 1762 1635 1524 1635 1516 1631 1498 1621 1496 1621 1494 1621 1451 1629 1437 1633 1431 1629 1417 1617 1415 1617 1413 1617 1142 1617 1140 1617 1138 1617 1136 1617 1122 1627 1118 1629 1100 1627 1031 1615 1029 1615 1027 1615 985 1625 984 1625 982 1625 906 1615 904 1615 902 1615 883 1625 877 1627 861 1625 811 1615 809 1615 730 1623 704 1625 698 1623 679 1613 677 1613 675 1613 603 1621 560 1627 534 1621 504 1613 502 1613 500 1613 433 1619 433 1688"/></Shape>
	    <String CONTENT="Ingratz Il y a deux manieres darrogance aux enne¬"
                    HPOS="433"
                    VPOS="1613"
                    WIDTH="1669"
                    HEIGHT="115"
                    WC="0.9922401260356514"></String>
          </TextLine>
          <TextLine ID="eSc_line_2b485500"
                    TAGREFS="LT8"
                    BASELINE="803 1759 2100 1787" 
                    HPOS="799"
                    VPOS="1692"
                    WIDTH="1298"
                    HEIGHT="116">
            <Shape><Polygon POINTS="802 1757 799 1787 1657 1787 1669 1790 1690 1805 1693 1805 1696 1805 1699 1805 1782 1793 1806 1790 1839 1793 1981 1808 1984 1808 2094 1793 2097 1784 2094 1731 1966 1707 1963 1707 1883 1725 1877 1725 1871 1725 1797 1710 1794 1710 1598 1719 1550 1719 1527 1716 1375 1692 1372 1692 802 1698 802 1757"/></Shape>
	    <String CONTENT="mys de la grace de dieu. 119"
                    HPOS="799"
                    VPOS="1692"
                    WIDTH="1298"
                    HEIGHT="116"
                    WC="0.998028963804245"></String>
          </TextLine>
          <TextLine ID="eSc_line_5d6cfed1"
                    TAGREFS="LT8"
                    BASELINE="427 1850 1140 1846 2090 1860" 
                    HPOS="427"
                    VPOS="1773"
                    WIDTH="1663"
                    HEIGHT="117">
            <Shape><Polygon POINTS="427 1850 427 1876 653 1866 718 1876 742 1880 744 1880 776 1876 841 1868 859 1876 867 1880 869 1880 871 1880 894 1876 942 1868 960 1876 968 1880 970 1880 972 1880 1031 1876 1122 1870 1134 1876 1142 1882 1144 1882 1146 1882 1148 1884 1237 1884 1237 1882 1239 1882 1251 1876 1265 1870 1294 1876 1336 1884 1338 1886 1473 1886 1473 1884 1512 1876 1530 1872 1534 1876 1548 1886 1550 1886 1552 1886 1554 1886 1712 1876 1744 1874 1750 1876 1783 1886 1785 1886 1787 1886 1789 1886 1807 1878 1819 1888 1821 1888 1823 1888 1825 1890 1983 1890 1983 1888 2088 1874 2090 1860 2090 1799 2017 1783 2015 1783 1954 1797 1946 1799 1823 1799 1661 1797 1653 1791 1631 1781 1629 1781 1627 1781 1577 1791 1552 1795 1530 1789 1492 1779 1490 1779 1488 1779 1423 1787 1383 1793 1374 1787 1364 1779 1362 1779 1360 1779 1249 1777 1247 1777 1245 1777 1243 1777 1233 1785 1223 1793 1182 1793 1166 1783 1160 1779 1158 1779 1156 1779 1067 1777 1065 1777 1063 1777 1045 1781 1009 1791 942 1781 930 1779 928 1779 916 1779 853 1787 829 1779 819 1775 817 1775 815 1775 780 1777 675 1787 655 1775 653 1773 651 1773 649 1773 647 1773 625 1775 538 1787 500 1773 498 1773 496 1773 427 1773 427 1850"/></Shape>
	    <String CONTENT="Incredu Il ny a que ung seul peche/ ascauoir incredu¬"
                    HPOS="427"
                    VPOS="1773"
                    WIDTH="1663"
                    HEIGHT="117"
                    WC="0.987128014834422"></String>
          </TextLine>
          <TextLine ID="eSc_line_3b97f5f2"
                    TAGREFS="LT8"
                    BASELINE="417 1931 2098 1955" 
                    HPOS="412"
                    VPOS="1864"
                    WIDTH="1685"
                    HEIGHT="110">
            <Shape><Polygon POINTS="415 1929 412 1950 1247 1950 1331 1956 1464 1968 1467 1968 1610 1959 1648 1956 1654 1959 1684 1971 1687 1971 1690 1971 1854 1959 1871 1959 1895 1974 1898 1974 1901 1974 1904 1974 2094 1959 2097 1953 2094 1891 1684 1906 1610 1885 1586 1879 1583 1879 1580 1879 1547 1885 1461 1903 1325 1885 1322 1885 1253 1897 1233 1882 1230 1882 1227 1882 1224 1882 1221 1882 1182 1897 941 1897 927 1879 915 1870 915 1867 912 1867 909 1867 831 1864 828 1864 415 1873 415 1929"/></Shape>
	    <String CONTENT="lite. lite. 1)"
                    HPOS="412"
                    VPOS="1864"
                    WIDTH="1685"
                    HEIGHT="110"
                    WC="0.9644892343452999"></String>
          </TextLine>
          <TextLine ID="eSc_line_9ead7263"
                    TAGREFS="LT8"
                    BASELINE="417 2021 918 2013 2108 2021" 
                    HPOS="412"
                    VPOS="1932"
                    WIDTH="1694"
                    HEIGHT="128">
            <Shape><Polygon POINTS="1663 1947 1651 1947 1616 1959 1601 1947 1547 1947 1500 1959 1464 1944 1438 1944 1417 1956 1334 1944 980 1938 915 1956 840 1935 805 1935 724 1956 493 1932 451 1932 415 1944 415 2019 412 2045 493 2036 540 2051 561 2054 644 2039 727 2054 834 2036 935 2054 986 2036 1238 2036 1304 2060 1764 2060 1764 2057 1818 2039 1975 2039 2100 2057 2106 2019 2103 1956 1735 1959 1663 1947"/></Shape>
	    <String CONTENT="Iniqͥte. Il ny a point diniquite enuers dieu. 40"
                    HPOS="412"
                    VPOS="1932"
                    WIDTH="1694"
                    HEIGHT="128"
                    WC="0.9984296051164468"></String>
          </TextLine>
          <TextLine ID="eSc_line_8915f7ca"
                    TAGREFS="LT8"
                    BASELINE="417 2106 1310 2098 2090 2112" 
                    HPOS="415"
                    VPOS="2026"
                    WIDTH="1675"
                    HEIGHT="113">
            <Shape><Polygon POINTS="417 2106 415 2123 443 2133 445 2133 447 2133 449 2133 471 2123 481 2119 502 2123 532 2129 534 2129 748 2123 845 2121 851 2123 869 2135 871 2135 873 2135 875 2135 877 2135 918 2123 926 2121 934 2123 960 2131 962 2131 964 2131 1013 2123 1027 2121 1031 2123 1045 2133 1047 2133 1049 2133 1051 2133 1174 2125 1225 2135 1227 2135 1296 2123 1308 2121 1314 2123 1348 2137 1350 2137 1352 2137 1354 2137 1356 2137 1378 2123 1403 2133 1405 2133 1407 2133 1502 2123 1504 2123 1506 2123 1560 2137 1562 2137 1564 2139 1738 2139 1738 2137 1740 2137 1742 2137 1758 2125 1797 2137 1799 2137 1801 2139 2039 2139 2039 2137 2041 2137 2088 2121 2090 2112 2088 2046 1952 2034 1950 2034 1948 2034 1920 2044 1916 2046 1651 2046 1603 2040 1508 2030 1506 2030 1504 2030 1502 2030 1490 2038 1478 2046 1393 2046 1372 2038 1348 2030 1346 2030 1344 2030 1308 2036 1290 2040 1284 2036 1275 2028 1273 2028 1271 2028 1269 2028 1063 2034 855 2040 823 2032 809 2028 807 2028 805 2028 803 2028 801 2028 797 2032 786 2040 762 2030 754 2028 752 2028 750 2028 736 2030 685 2042 669 2030 667 2028 665 2028 663 2028 661 2028 645 2030 574 2040 554 2028 548 2026 546 2026 544 2026 542 2026 536 2028 508 2040 492 2028 491 2026 489 2026 487 2026 485 2026 417 2026 417 2106"/></Shape>
	    <String CONTENT="Instrui¬ A ung chascun e/t̃ cõman de de/n/trutre sa fa¬"
                    HPOS="415"
                    VPOS="2026"
                    WIDTH="1675"
                    HEIGHT="113"
                    WC="0.9576380135757583"></String>
          </TextLine>
          <TextLine ID="eSc_line_148ebc3b"
                    TAGREFS="LT8"
                    BASELINE="417 2191 1168 2179 2098 2199" 
                    HPOS="412"
                    VPOS="2108"
                    WIDTH="1685"
                    HEIGHT="104">
            <Shape><Polygon POINTS="415 2188 412 2194 505 2212 508 2212 2094 2209 2097 2197 2097 2146 2029 2125 2026 2125 2023 2125 2020 2125 1963 2143 1957 2143 1931 2143 1723 2128 1720 2128 1583 2137 1521 2140 1509 2134 1476 2114 1473 2114 1470 2114 1467 2114 950 2122 793 2108 790 2108 787 2108 784 2108 766 2122 751 2134 415 2119 415 2188"/></Shape>
	    <String CONTENT="re. mille ⁊ son prochain. 320"
                    HPOS="412"
                    VPOS="2108"
                    WIDTH="1685"
                    HEIGHT="104"
                    WC="0.9991046478008402"></String>
          </TextLine>
          <TextLine ID="eSc_line_4e6e6eb8"
                    TAGREFS="LT8"
                    BASELINE="415 2274 1286 2264 2086 2278" 
                    HPOS="415"
                    VPOS="2197"
                    WIDTH="1671"
                    HEIGHT="113">
            <Shape><Polygon POINTS="415 2274 417 2306 473 2290 530 2290 572 2306 574 2306 576 2306 578 2306 617 2306 944 2290 993 2290 1011 2302 1019 2308 1021 2308 1023 2308 1025 2308 1027 2308 1053 2302 1092 2292 1227 2300 1269 2302 1271 2302 1273 2302 1279 2300 1294 2294 1312 2300 1340 2308 1342 2308 1344 2308 1459 2304 1461 2304 1463 2304 1471 2298 1482 2292 1548 2292 1556 2298 1577 2308 1579 2308 1581 2310 1661 2310 1661 2308 1663 2308 1702 2296 1718 2292 1726 2296 1744 2308 1746 2308 1748 2308 1750 2310 1871 2310 1871 2308 1872 2308 1874 2308 1894 2296 2065 2308 2067 2308 2069 2308 2070 2308 2084 2294 2086 2278 2084 2214 1801 2214 1795 2211 1770 2199 1768 2199 1766 2199 1716 2211 1700 2213 1680 2209 1625 2199 1522 2199 1520 2199 1518 2199 1516 2199 1504 2207 1496 2214 1399 2214 1383 2207 1368 2199 1366 2199 1364 2199 1308 2205 1263 2211 1247 2205 1231 2199 1229 2199 1227 2199 1193 2205 1166 2209 1142 2203 1118 2199 1116 2199 1114 2199 1112 2199 1106 2203 1092 2211 1047 2203 1023 2199 1021 2199 1019 2199 1005 2203 972 2211 960 2201 954 2197 952 2197 950 2197 948 2197 946 2197 936 2201 914 2211 789 2201 746 2197 744 2197 742 2197 736 2199 706 2211 558 2201 556 2201 554 2201 528 2211 415 2197 415 2274"/></Shape>
	    <String CONTENT="Iours. Il ya deux iours/ asconoir hyer/ ⁊ au iour¬"
                    HPOS="415"
                    VPOS="2197"
                    WIDTH="1671"
                    HEIGHT="113"
                    WC="0.9825653004646301"></String>
          </TextLine>
          <TextLine ID="eSc_line_d6fb6e85"
                    TAGREFS="LT8"
                    BASELINE="778 2351 2104 2371" 
                    HPOS="772"
                    VPOS="2280"
                    WIDTH="1331"
                    HEIGHT="113">
            <Shape><Polygon POINTS="775 2348 772 2369 778 2372 778 2375 1126 2363 2097 2393 2103 2369 2103 2310 1898 2298 1862 2315 1806 2301 1779 2298 1726 2321 1654 2298 1631 2295 1598 2321 1539 2321 1328 2315 1307 2298 1203 2312 1167 2295 1155 2295 1137 2312 983 2312 959 2283 775 2280 775 2348"/></Shape>
	    <String CONTENT="dhuy. 165"
                    HPOS="772"
                    VPOS="2280"
                    WIDTH="1331"
                    HEIGHT="113"
                    WC="0.9999938276078966"></String>
          </TextLine>
          <TextLine ID="eSc_line_96f63190"
                    TAGREFS="LT8"
                    BASELINE="419 2438 2112 2458" 
                    HPOS="415"
                    VPOS="2345"
                    WIDTH="1694"
                    HEIGHT="134">
            <Shape><Polygon POINTS="2023 2369 1996 2369 1960 2387 1955 2393 1839 2393 1776 2390 1744 2366 1696 2363 1660 2366 1643 2363 1547 2363 1521 2360 1500 2372 1488 2360 1455 2360 1393 2369 1354 2357 1182 2357 1173 2363 1161 2357 1132 2354 983 2354 980 2351 950 2375 891 2351 858 2357 814 2372 769 2348 763 2348 582 2375 528 2348 516 2345 418 2345 418 2437 415 2458 1259 2458 2103 2479 2109 2455 2109 2390 2047 2369 2023 2369"/></Shape>
	    <String CONTENT="Ire. Quelle chose cest de lire de dieu. 23"
                    HPOS="415"
                    VPOS="2345"
                    WIDTH="1694"
                    HEIGHT="134"
                    WC="0.9981207123824528"></String>
          </TextLine>
          <TextLine ID="eSc_line_39c6b159"
                    TAGREFS="LT8"
                    BASELINE="423 2517 2102 2533" 
                    HPOS="418"
                    VPOS="2440"
                    WIDTH="1682"
                    HEIGHT="122">
            <Shape><Polygon POINTS="1788 2452 1770 2464 1723 2452 1660 2452 1637 2464 1583 2452 1527 2449 1500 2461 1473 2449 1123 2446 1105 2455 956 2443 941 2443 929 2452 918 2443 876 2443 849 2458 787 2443 757 2443 710 2458 585 2440 534 2440 421 2449 421 2514 418 2541 1681 2544 1818 2562 2097 2547 2100 2532 2094 2458 1848 2470 1815 2452 1788 2452"/></Shape>
	    <String CONTENT="Iuges. Quelz gẽs on doibt eslire pour iages. 75"
                    HPOS="418"
                    VPOS="2440"
                    WIDTH="1682"
                    HEIGHT="122"
                    WC="0.9936042775710424"></String>
          </TextLine>
          <TextLine ID="eSc_line_12d07bcd"
                    TAGREFS="LT8"
                    BASELINE="419 2602 1221 2600 2102 2612" 
                    HPOS="419"
                    VPOS="2529"
                    WIDTH="1683"
                    HEIGHT="113">
            <Shape><Polygon POINTS="419 2602 421 2630 471 2618 512 2630 518 2632 520 2632 522 2632 534 2630 591 2620 635 2630 643 2632 645 2632 647 2632 649 2632 657 2630 694 2620 813 2620 879 2630 910 2634 912 2636 984 2636 984 2634 985 2634 995 2630 1009 2622 1172 2622 1187 2628 1207 2636 1209 2636 1211 2636 1362 2628 1459 2624 1477 2628 1512 2638 1514 2638 1516 2638 1637 2628 1643 2628 1645 2628 1657 2638 1659 2638 1661 2638 1663 2638 1722 2630 1813 2640 1815 2642 1912 2642 1912 2640 1914 2640 1950 2628 2005 2628 2023 2640 2025 2640 2027 2640 2029 2640 2100 2626 2102 2612 2098 2545 1920 2553 1898 2545 1884 2539 1882 2539 1880 2539 1855 2545 1815 2553 1748 2545 1690 2537 1688 2537 1651 2545 1617 2551 1583 2545 1546 2537 1544 2537 1508 2545 1478 2551 1457 2545 1427 2535 1425 2535 1423 2535 1374 2545 1346 2549 1284 2545 1142 2533 1140 2533 1138 2533 1114 2545 1108 2547 1096 2545 1045 2533 1043 2533 978 2545 962 2547 948 2545 898 2533 896 2533 786 2545 778 2545 776 2545 760 2533 758 2533 756 2533 635 2531 633 2531 631 2531 629 2531 607 2545 605 2547 530 2547 524 2545 447 2529 445 2529 443 2529 419 2541 419 2602"/></Shape>
	    <String CONTENT="Iuges. Les iuges doibuẽt punir par misericorde. 78"
                    HPOS="419"
                    VPOS="2529"
                    WIDTH="1683"
                    HEIGHT="113"
                    WC="0.9949017272276037"></String>
          </TextLine>
          <TextLine ID="eSc_line_68521a30"
                    TAGREFS="LT8"
                    BASELINE="417 2682 1399 2686 2090 2697" 
                    HPOS="417"
                    VPOS="2614"
                    WIDTH="1673"
                    HEIGHT="111">
            <Shape><Polygon POINTS="417 2682 417 2711 625 2701 665 2713 673 2715 675 2715 677 2715 700 2713 776 2703 791 2713 793 2715 795 2715 797 2715 799 2715 821 2713 888 2705 1138 2705 1172 2713 1191 2719 1193 2719 1195 2719 1282 2715 1370 2709 1378 2715 1385 2721 1387 2721 1389 2721 1391 2723 1482 2723 1482 2721 1484 2721 1496 2715 1510 2709 1587 2709 1599 2715 1615 2723 1617 2723 1619 2723 1730 2715 1795 2711 1971 2711 1977 2715 1987 2725 1989 2725 1991 2725 1993 2725 2088 2715 2090 2697 2086 2638 1863 2644 1849 2634 1845 2630 1843 2630 1841 2630 1839 2630 1801 2634 1768 2636 1760 2632 1740 2622 1738 2622 1736 2622 1734 2622 1712 2632 1704 2636 1686 2632 1671 2628 1669 2628 1667 2628 1647 2632 1611 2638 1591 2630 1570 2622 1568 2622 1566 2622 1389 2628 1306 2630 1296 2626 1275 2618 1273 2618 1271 2618 1269 2618 1267 2618 1255 2626 1243 2634 1195 2626 1144 2616 1142 2616 1047 2624 912 2634 888 2622 875 2614 873 2614 871 2614 829 2620 782 2628 742 2620 732 2618 730 2618 728 2618 724 2620 673 2634 417 2616 417 2682"/></Shape>
	    <String CONTENT="Iuges. La seuerite du iuge proffite aux bons. 7"
                    HPOS="417"
                    VPOS="2614"
                    WIDTH="1673"
                    HEIGHT="111"
                    WC="0.995615820935432"></String>
          </TextLine>
          <TextLine ID="eSc_line_3692539e"
                    TAGREFS="LT8"
                    BASELINE="415 2771 1328 2769 2084 2779" 
                    HPOS="413"
                    VPOS="2697"
                    WIDTH="1671"
                    HEIGHT="105">
            <Shape><Polygon POINTS="415 2771 413 2794 597 2789 617 2798 623 2800 625 2800 627 2800 629 2800 631 2800 633 2798 647 2791 766 2798 799 2800 801 2800 803 2800 807 2798 829 2791 879 2798 890 2800 892 2800 930 2798 1102 2791 1152 2800 1168 2802 1170 2802 1172 2802 1182 2800 1215 2792 2080 2802 2084 2779 2080 2713 1971 2719 1960 2711 1952 2707 1950 2707 1948 2707 1766 2703 1764 2703 1762 2703 1740 2711 1720 2721 1663 2721 1647 2711 1637 2707 1635 2707 1633 2707 1609 2711 1581 2717 1574 2711 1558 2701 1556 2701 1554 2701 1552 2701 1550 2701 1518 2711 1504 2701 1502 2701 1500 2701 1366 2701 1364 2701 1362 2701 1334 2711 1316 2717 1271 2711 1209 2703 1207 2703 1205 2703 1174 2711 1148 2717 1110 2711 1083 2707 1081 2707 1037 2711 991 2715 980 2711 950 2699 948 2699 946 2699 944 2699 898 2711 879 2715 839 2711 746 2699 744 2699 742 2699 740 2699 722 2711 712 2717 619 2717 580 2711 483 2697 481 2697 415 2709 415 2771"/></Shape>
	    <String CONTENT="Iuger. Quand nous pouuons iuger nostre frere/ et"
                    HPOS="413"
                    VPOS="2697"
                    WIDTH="1671"
                    HEIGHT="105"
                    WC="0.988880297789971"></String>
          </TextLine>
          <TextLine ID="eSc_line_fbaea98b"
                    TAGREFS="LT8"
                    BASELINE="784 2852 2095 2876" 
                    HPOS="778"
                    VPOS="2779"
                    WIDTH="1316"
                    HEIGHT="121">
            <Shape><Polygon POINTS="781 2850 778 2871 1120 2886 1197 2868 1319 2883 1399 2871 1423 2888 1530 2874 1690 2894 1696 2894 1729 2877 1758 2897 1889 2880 1952 2900 2091 2886 2094 2874 2091 2805 1827 2793 1779 2796 1601 2817 1461 2817 1435 2796 1277 2811 1084 2779 781 2779 781 2850"/></Shape>
	    <String CONTENT="quand non. 186"
                    HPOS="778"
                    VPOS="2779"
                    WIDTH="1316"
                    HEIGHT="121"
                    WC="0.9783346951007843"></String>
          </TextLine>
          <TextLine ID="eSc_line_fb86aa2e"
                    TAGREFS="LT8"
                    BASELINE="419 2941 2086 2947" 
                    HPOS="417"
                    VPOS="2860"
                    WIDTH="1669"
                    HEIGHT="128">
            <Shape><Polygon POINTS="419 2941 417 2973 655 2983 657 2983 770 2973 829 2969 849 2973 885 2983 887 2983 888 2983 944 2973 974 2969 1039 2973 1201 2985 1203 2985 1290 2973 1310 2971 1334 2973 1445 2985 1447 2985 1449 2985 1484 2973 1486 2973 1490 2973 1593 2986 1595 2986 1676 2973 1708 2986 1710 2986 1712 2988 1774 2988 1774 2986 1775 2986 1807 2973 1823 2983 1825 2983 1827 2983 1829 2983 1831 2983 1851 2973 1853 2973 2084 2973 2086 2947 2084 2884 1455 2864 1453 2864 1451 2864 1415 2874 1389 2880 1364 2872 1336 2864 1334 2864 1180 2864 1178 2864 1176 2864 1160 2870 1146 2874 1126 2870 1112 2866 1110 2866 1108 2866 1106 2866 1100 2868 1077 2880 1027 2868 1009 2864 1007 2864 1005 2864 997 2868 974 2880 910 2866 896 2864 894 2864 879 2866 817 2876 799 2864 797 2862 795 2862 793 2862 791 2862 762 2864 609 2878 576 2866 574 2866 572 2866 570 2866 526 2876 419 2860 419 2941"/></Shape>
	    <String CONTENT="Iuger. Que p̃mier ilz lisent/ ⁊ ap̃s qͥlz desprisẽt. 190"
                    HPOS="417"
                    VPOS="2860"
                    WIDTH="1669"
                    HEIGHT="128"
                    WC="0.9902918244663038"></String>
          </TextLine>
        </TextBlock>
        <TextBlock HPOS="1726"
                   VPOS="2966"
                   WIDTH="379"
                   HEIGHT="105"
                   ID="eSc_textblock_2e85b84b"
                   TAGREFS="BT17">
          <Shape><Polygon POINTS="2105 3071 2105 2974 1940 2966 1726 2974 1726 3071"/></Shape>
          <TextLine ID="eSc_line_e5bc8fba"
                    TAGREFS="LT8"
                    BASELINE="1740 3036 2082 3032" 
                    HPOS="1738"
                    VPOS="2957"
                    WIDTH="344"
                    HEIGHT="119">
            <Shape><Polygon POINTS="1740 3036 1740 3058 1811 3056 1817 3062 1831 3074 1831 3076 1833 3076 1835 3076 1837 3076 1839 3076 1880 3064 1910 3054 1942 3064 1971 3074 1973 3074 1975 3076 2033 3076 2033 3074 2035 3074 2037 3074 2045 3066 2055 3058 2078 3066 2082 3032 2078 2965 2043 2957 2041 2957 1991 2967 1977 2969 1973 2967 1958 2957 1956 2957 1954 2957 1952 2957 1950 2957 1908 2969 1900 2971 1896 2969 1872 2959 1871 2959 1869 2959 1867 2959 1829 2971 1793 2959 1791 2959 1789 2959 1787 2959 1738 2973 1740 3036"/></Shape>
	    <String CONTENT="Cest chose"
                    HPOS="1738"
                    VPOS="2957"
                    WIDTH="344"
                    HEIGHT="119"
                    WC="0.9973570227622985"></String>
          </TextLine>
        </TextBlock>
      </PrintSpace>
    </Page>
  </Layout>
</alto>
