2267 3563
176 285 1584 148 Cest chose indigne de demander iugement a Iuge¬

264 368 1497 124 linfidelle. 81 mens.

178 439 1649 148 Le peche est peu souuẽt euite en iugemẽt. 81 Iugem̃t

174 534 1659 144 Iugement auec misericorde sera faict aux es¬ Iugem̃t

261 638 1316 95 leuz.  90

178 682 1652 164 Les iugemens de dieu ne doibuent pas estre Iuge¬

273 780 1465 128 discutez de nous. 112 mẽs.

184 855 1657 150 Les ungz ne iugent point les aultres. 186 Iugem̃s

182 948 1653 140 Les iugemẽs de dieu sõt grãdz abysmes. 26 Iugem̃s

176 1029 1657 146 Pourquoy sont appellez iugemẽs les secretes Iugem̃s

249 1128 1316 122 oeuures de dieu. 28

188 1195 1629 143 Nr̃e iustice est la cõfessiõ de nr̃e iniustice. 160 Iustice.

181 1276 1646 143 La iustice de dieu. 84 Iustice.

181 1353 1655 152 La iustice de dieu est dicte nostre. 88.102 Iustice.

178 1443 1658 133 Quelle est la iustice de la loy. 95 Iustice.

190 1517 1675 154 Nous sommes iustifiez pour neant. 55 Iustifies

184 1613 1639 144 La iustification precede toutes les bõnes oeu¬ Iustifi¬

258 1695 1542 139 ures. 13.151 catiõ.

190 1766 1622 158 La difference du iuste ⁊ de liniuste. 143 Iuste.

194 1862 1589 145 Cestuy nest pas iuste qui laisse a pecher par la Iuste.

276 1950 1340 119 crainte de la peine. 95

196 2024 1597 145 Si nous sõmes faictz iustes de nous mesmes/ Iuste.

279 2119 1331 128 loraison de Christ est uaine. 85

196 2189 1613 148 Noꝰ sõmes iustes ꝑ la iustice de dieu. 157.102 Iuste.

831 2289 128 107 L.

203 2351 1673 149 Contre les oyseux qui ne ueullent pas la¬ Labou¬

279 2446 1476 119 bourer. fueillet.267 rer.

207 2527 1665 131 Ceulx qui preschẽt tous les iours la parolle Labou¬

306 2616 1436 125 de dieu sõt excusez de labourer. 268.271 rer.

217 2690 1634 138 Louurage ⁊ la solicitude sont differẽtes. 272 Labou.

209 2775 1650 138 Tous les ioͬs doibt estre acq̃stee la uiãde. 272 Labou.

222 2850 1676 166 La labeur ⁊ diligence de lapostre. 270 Labeur.

1324 2951 273 136 Quel est
