2267 3563
410 243 1678 160 Larcin. Quel est larcin. 171

417 358 1655 130 Laiz. Les gẽs laiz peuẽt disputer ⁊ ẽseigner. 314.315

413 447 1657 123 Libre. Nous sommes libres par la foy/ mais pour

410 602 1651 140 Liberte. La premiere liberte de la uolunte. 4

772 528 1310 125 les freres nous sommes serfz. 76

411 696 1659 129 Liberte. Nous sommes appellez de seruitude en li¬

748 789 1322 116 berte. 87

403 861 1675 122 Liberte, La liberte du mauluais hõe est de pecher. 90

401 950 1668 122 Lier. Cõmẽt pouõs lier ⁊ deslier lũg lautre 134.239

403 1029 1656 126 Lire. Que nous pouõs lire toutes choses. 314

412 1110 1649 134 Loy. La plenitude de la loy est charite. 106

409 1199 1648 123 Loy. La loy ne requiert pas seulement foy/ mais

745 1282 1337 131 aussi les oeuutres. 137

399 1365 1677 123 Loy. Comment nous accõplissons naturellement

766 1448 1325 116 la loy. 151

411 1524 1665 130 Loy. Cõtre ceulx qͥ cõmãdẽt loixioitables. 178

404 1612 1669 124 Loy. Nul nest sauue par la loy. 137

413 1700 1652 123 Loy. Nous ne sommes point sauluez par loy/ ne

778 1787 1292 116 par nature. da

398 1855 1687 119 Loy. Nul uiuãt ne peult acõplir la loy. 94

407 1951 1669 121 Loy. La loy des meurs donnee par Moyse doibt

745 2030 1322 128 estre gardee. 69

398 2108 1655 127 Loy. Cestuy ne gorde nas la loy/ qui la garde par

766 2203 1304 121 crainte. 70

398 2268 1675 122 Loy. La loy nest pas pour les iustes. 68

398 2366 1681 113 Loy. Les oeuures ð la loy sõt de deux manieres. 68

398 2440 1696 125 Loy. Les bons ont la loy de charite. 68

389 2523 1687 125 Loy. Poͬquoy la loy anciẽne estoit si cruelle. 78.7-

398 2609 1684 128 Loy. Louye de la loy ne souffit pas. 57.6o

389 2690 1675 124 Loy. La loy est ladministration de la mort. 59

395 2773 1675 133 Loy. La loy est le pedagogue. 61

412 2856 1658 145 Loy. Christ aussi uit de la loy. 67

1827 2965 242 116 La loy
