2267 3563
175 270 1560 157 La loy de liberte/ ⁊ de seruitude. 8 Loy.

190 388 1539 122 Loeuue ⁊ utilite de la loy de Moyse. 54Ioy.

170 471 1568 110 Nul nest sauluepar la loy/ mais ꝑ la foy. 74 Loy.

168 550 1586 123 La loy lie/ mis elle ne guerit point le ma? Loy.

249 632 1346 116 lade. 56

172 712 1580 122 La loy faict abonder le peche. 55 Loy.

182 799 1548 115 Il nyapoĩt de differẽce en la loy de christ. 76 Loy.

190 884 1560 125 La iustice nest pas dõnee par la loy. 55 Loy.

180 969 1548 117 La loy de nature a este escripte de dieu au cueͬ Loy.

237 1048 1334 121 de lhomme. 48

170 1132 1564 122 Poͬquoy la loy de Moyse a este dõnee. 48 Loy.

176 1217 1564 117 Quelle chose ẽseigne la loy de nature. 48.55 Loy.

176 1302 1564 115 La loy de Moyse a este dõnee pour la trans¬ Loy.

255 1389 1325 107 gression de la loy de nature. 50

178 1457 1598 131 Que cest de la loy naturelle. 50 Loy.

178 1538 1601 130 La preuaricatiõ de la loy naturelle. 51Loy.

182 1631 1593 120 La preuarication de la loy de Moyse. 51 Loy.

180 1708 1590 128 La loy iudiciale contraint co temerite hu¬ Loy.

267 1802 1361 110 maĩne. 77

193 1864 1583 143 La loy est de peche/ ⁊ de mort. 2Loy.

196 1965 1564 117 La loy ou doctrine ne proffite riẽs/ sans loeu? Loy.

255 2048 1346 113 ure de dien. 43

192 2125 1680 131 Nude uergongne nestoit en lhomme deuãt le Lhõme.

270 2229 1373 98 peche. 10

196 2284 1682 126 Pourquoy est le peche attribue a lhõme. 12 Lhõme.

196 2369 1690 136 Lhõme nest riens quant a soy. 14 Lhõme.

192 2462 1682 119 Enuers dieu les hõmes sont quelque chose. 15 Lhõme.

199 2547 1670 121 Lhomme est parfaictement renouuelle en la Lhõme.

303 2639 1351 110 resurrection. 17

207 2707 1688 128 De la misere ⁊ malice des hõmes. 20 Lhõme.

203 2798 1658 125 Premier est en thõme ce qui est animal/ apres Lhõme.

279 2888 1343 113 ce qui est spirituel. 24

1275 2973 322 112 Le premier
