2267 3563
427 294 1663 113 Lhõme Le p̃mier hõme libre pecha uoluntairemẽt. 38

720 384 1370 104 Les hõmes ne font pas ce quilz ueullent. 58

427 460 1670 113 Lhõme Lhõme ancien est le nouueau. 60

427 552 1653 103 Lhõme Lhõme perdu ne peult faire aucun bien. 90

427 633 1651 107 Lhõme La ꝑfectiõ ð lhõe est ꝯgnoistre sõ ĩperfectiõ. 94

421 712 1676 116 Lhõme Lhomme du sien est satan. 97

415 797 1673 109 Lhõme Lhõme nest que uanite ⁊ umbre de mort. 97

409 882 1687 109 Lhõme Lhõme faict bõne oeuure ꝑ la grace de dieu/ et

791 967 1297 105 mauuaise par la suggestiõ du diable. 98

409 1051 1671 106 Lhõme La mutation de lhomme en bien est loeuure

784 1134 1280 86 de dieu. 102

417 1209 1646 113 Lhõme La descriptiõ de lhõe sãs la grace de dieu. 105

418 1291 1667 116 Lhõme Lhõme est ledification de dieu. 116

413 1377 1671 113 Lhõme Lhõme faict tout bien uoluntairement. 119

412 1457 1685 116 Lhõme Lhomme de soy nest riens. 156

415 1540 1670 116 Lhõme Nul hõme nest icy sans peche. 159

418 1627 1670 109 Lhõme Tous hommes sont pecheurs. 160

417 1710 1661 115 Lhõme La terre est lexercite de lhomme/ ⁊ le ciel la

778 1799 1304 101 couronne. 253

407 1882 1693 104 Lhõme Les quatre degrez de lhomme. 281

405 1959 1677 113 Lumiere Il nya point de lumiere en nostre nature. 97

405 2048 1669 109 lumiere Nous sommes enluminez par la lumiere en¬

775 2131 1301 113 luminante. 113

1320 2195 135 111 M.

413 2286 1657 117 Maisõ Quelle chose signifie la maison de dieu. 239

413 2375 1673 117 Mãger Mãger la chair de Christ ⁊ boire son sãg/ est

762 2464 1326 103 demourer en luy par foy/ ⁊ luy en noꝰ. 285

410 2541 1693 116 Maled. La premiere malediction. 11

411 2624 1669 117 Maulx Notez dõt uiennẽt les maulx que nous souf¬

781 2713 1295 107 frons. 180

411 2792 1656 117 Mau¬ Aux mauuais toutes choses leur uiennẽt en

395 2886 1687 118 uais. mal. 26

1591 2959 481 134 Les uaisseaux
