2267 3563
182 292 1431 115 la maladie/ ⁊ la destructiõ des ennemis a Len¬

186 389 1401 97 uiron: les chãps labourez non pas raporte de

197 463 1373 105 fromẽt: loliue pressee na pas dõne dhuyle: les

201 552 1359 105 uendẽges steriles non pas dõne le uin. Iay en¬

190 633 1374 105 uoye ces tourmẽs cõtre les iniqͥtez ⁊ les faul¬

180 714 1390 107 ses mesures/ ⁊ cõtre les faulx poidz. Et poͬce

178 797 1396 109 q̃ tu as garde toutes les cerimonies didolatre¬

178 884 1394 101 rie q̃ hnfidele roy Amry auoit ordonne: ⁊ auez

196 963 1376 105 garde au lieu de ma loy toute loeuure de la

186 1047 1388 103 maison de Achab ⁊ de Iezabel: pourtant ay ie

180 1130 1388 107 este incite par ton peche/ de te donner toy ⁊ tes

180 1213 1380 119 habitãs en sibilation/ ⁊ en portant lopprobre

182 1308 505 93 de mon peuple.

298 1377 1097 115 ¶ Le mesme sur Amos/ au sixiesme

498 1460 737 113 Tome/ au .ii. Chap̃. D.

190 1545 1411 137 ¶ Et manderez aux prophetes en di

194 1666 1061 131 sant. Ne propherisez plus.

202 1757 1393 122 ¶ Ce quil fut cõmande a Amos le prophete q̃

190 1858 1387 104 nous qrõs mafntemF̃tes mains par Amasias

178 1941 1393 107 le prestre de Bethel: ⁊ fut aussi cõmande a Hie

175 2024 1396 110 remie par le roy quil ne parla plus les parol¬

182 2116 1384 102 les du seigneur au peuple: tellemẽt aussi que

192 2197 997 109 ses parolles brusloient cõme feu.

413 2280 921 132 ¶ Ne prophetisez plus.

209 2391 1382 95 ¶ Ceuix quihont uoineus par enuie: ilz def¬

197 2476 1402 99 fendẽt aux saiges de declarer la parolle de de

182 2547 1429 107 ctrine Et la ou le seigneur dit. Uas si dis a ce

186 2632 1419 105 peuple icy: ceulx cõmandent au cõtraire. Ne

194 2715 1395 117 par le plus au nom du seigñr: ⁊ principalemẽ/

190 2802 1387 111 sil aduient q̃ celury qui enseigne/ il ne le faict

186 2889 1386 113 point pour le mauuais gaignaige/ ne par uã¬

463 127 954 178 de dien. Chap̃.xt.

1611 188 184 95 220

1622 1733 249 137 La deffẽ

1598 1849 226 92 ce de la

1586 1929 235 98 par olle

1589 2016 238 142 de dieu.

1629 2420 255 111 Esa.30.c

1635 2513 239 101 Hier̃.5.a

1629 2599 143 89 ⁊.9.b

1629 2682 222 109 Prouer.

1603 2781 125 107 1.c.d

1004 2966 567 139 Cc .ii. terie de
