2267 3563
166 292 1615 113 Les uaisseaux de ire proffitẽt aux uaisseaux Mau¬

246 380 1465 98 de msericorde. 34 uqis

166 461 1617 107 Les mauuais on la prissãce de mal uouloir/ Mau¬

234 540 1510 113 mais non pos de mal faire. 34 uais

152 619 1685 107 Ceulx qui deffendẽt le mariage ⁊ soy abstenir Maria¬

257 712 1382 105 des uiandes/ font contre le cõmandement ge

249 795 1325 104 de dieu. 178

164 866 1657 117 Mẽdicite est reprouuee en leglise de dieu. 270 mẽdicite

158 965 1637 105 Celuy parle mẽsonge qͥ parle de son ꝓpre . 205 mẽsõge

152 1047 1657 105 Nul ne peult estre sauue par les merites dau¬ Merite

231 1131 1334 95 truy. 321

160 1213 1655 111 Ne nous attendons point aux merites des Merite

237 1294 1322 107 autres. 324

160 1377 1665 115 Meriteeust este au premier hõme/ sil eut per¬ Merite

231 1469 1364 80 seuere. 4

160 1535 1649 106 Lhõme na xoint de merite. 32 Merite

166 1629 1665 97 Noꝰ sõmes aymez d dieu deuãt tout merite. 35 Merite

162 1714 1675 111 La seulle misericorde de dieu/ est cause de sa¬ Merite

231 1790 1364 107 lut non pas nostre merite. 4

172 1876 1663 107 Contre ceulx qͥ se glorifient des merites. 83.86 Merite

169 1947 1661 128 Grace ⁊ merite sont contraires. 08 Merite

164 2044 1671 103 Les merites de Hõme sõt dõs de dieu. 80.101 Merite

160 2119 1685 116 Tout merite est la grace de dieu. 90 Merite

178 2213 1655 102 Nulz merites ne precédent la grace. 99 Merite

160 2286 1676 113 Tout merite est don de dieu. 114.121 Merite

172 2375 1673 109 Christ na trouue nulz merites des hõmes. 117 Merite

163 2449 1688 125 Apres la mort nya nul merite. 254 Merite

176 2545 1673 101 Dieu demande que nous facions iugemẽt/ et Miseri¬

261 2621 1518 119 que nous aymons misericorde. 132 corde

180 2711 1663 109 Mauuarse misericorde ne soit poĩt en uoꝰ .84 Miseri.

176 2791 1675 112 La misericorde puiẽt la uolũte de lhõe.90.101 Miseri.

184 2876 1677 120 Nul ministre ne doibt estre empesche es nego ministre

1197 2967 377 113 ces seculiers.
