<?xml version="1.0" encoding="UTF-8"?>
<alto xmlns:xsi="http://www.w3.org/2001/XMLSchema-instance"
      xmlns="http://www.loc.gov/standards/alto/ns-v4#"
      xsi:schemaLocation="http://www.loc.gov/standards/alto/ns-v4# http://www.loc.gov/standards/alto/v4/alto-4-2.xsd">
  <Description>
    <MeasurementUnit>pixel</MeasurementUnit>
    <sourceImageInformation>
      <fileName>351_f5804_default.jpg</fileName>
      <fileIdentifier>https://www.e-rara.ch/i3f/v20/4106509/full/full/0/default.jpg</fileIdentifier>
    </sourceImageInformation>
  </Description>
  <Tags>
    <OtherTag ID="BT8" LABEL="DamageZone" DESCRIPTION="block type DamageZone"/><OtherTag ID="BT10" LABEL="DropCapitalZone" DESCRIPTION="block type DropCapitalZone"/><OtherTag ID="BT11" LABEL="GraphicZone" DESCRIPTION="block type GraphicZone"/><OtherTag ID="BT12" LABEL="MainZone" DESCRIPTION="block type MainZone"/><OtherTag ID="BT13" LABEL="MarginTextZone" DESCRIPTION="block type MarginTextZone"/><OtherTag ID="BT15" LABEL="NumberingZone" DESCRIPTION="block type NumberingZone"/><OtherTag ID="BT17" LABEL="QuireMarksZone" DESCRIPTION="block type QuireMarksZone"/><OtherTag ID="BT18" LABEL="RunningTitleZone" DESCRIPTION="block type RunningTitleZone"/><OtherTag ID="BT20" LABEL="StampZone" DESCRIPTION="block type StampZone"/><OtherTag ID="BT21" LABEL="TableZone" DESCRIPTION="block type TableZone"/><OtherTag ID="BT22" LABEL="TitlePageZone" DESCRIPTION="block type TitlePageZone"/>
    <OtherTag ID="LT8" LABEL="DefaultLine" DESCRIPTION="line type DefaultLine"/><OtherTag ID="LT9" LABEL="DropCapitalLine" DESCRIPTION="line type DropCapitalLine"/><OtherTag ID="LT10" LABEL="HeadingLine" DESCRIPTION="line type HeadingLine"/><OtherTag ID="LT11" LABEL="InterlinearLine" DESCRIPTION="line type InterlinearLine"/><OtherTag ID="LT311" LABEL="default" DESCRIPTION="line type default"/>
  </Tags>
  <Layout>
    <Page WIDTH="2267"
          HEIGHT="3563"
          PHYSICAL_IMG_NR="351"
          ID="eSc_dummypage_">
      <PrintSpace HPOS="0"
                  VPOS="0"
                  WIDTH="2267"
                  HEIGHT="3563">
        <TextBlock HPOS="405"
                   VPOS="283"
                   WIDTH="1737"
                   HEIGHT="2736"
                   ID="eSc_textblock_4f7d6d03"
                   TAGREFS="BT12">
          <Shape><Polygon POINTS="764 360 405 372 412 3019 2142 2970 2142 283 768 283"/></Shape>
          <TextLine ID="eSc_line_bec9e351"
                    TAGREFS="LT8"
                    BASELINE="793 360 2114 352" 
                    HPOS="787"
                    VPOS="255"
                    WIDTH="1325"
                    HEIGHT="139">
            <Shape><Polygon POINTS="790 359 790 385 1179 394 1286 371 1304 385 1304 388 1396 391 1438 371 1640 385 1672 368 1913 368 1934 385 1934 388 1943 391 2109 391 2112 350 2106 276 2014 255 1854 285 1815 255 1800 255 1767 282 1669 273 1657 288 1515 273 1423 285 1337 258 1328 258 1224 290 1182 261 1170 261 1096 279 1057 264 1045 264 1010 290 927 261 787 276 790 359"/></Shape>
	    <String CONTENT="ces seculieres. 308"
                    HPOS="787"
                    VPOS="255"
                    WIDTH="1325"
                    HEIGHT="139"
                    WC="0.9996928133462605"></String>
          </TextLine>
          <TextLine ID="eSc_line_de6a2670"
                    TAGREFS="LT8"
                    BASELINE="429 469 2104 431" 
                    HPOS="424"
                    VPOS="353"
                    WIDTH="1679"
                    HEIGHT="142">
            <Shape><Polygon POINTS="1910 353 1758 353 1622 371 1580 356 1553 356 1488 374 1423 356 1414 356 1339 377 1271 356 1111 383 980 365 971 365 938 385 784 368 719 368 692 391 629 371 618 371 597 388 576 371 561 371 546 388 502 374 424 383 427 481 508 495 567 478 671 489 790 478 846 469 1045 469 1078 483 1084 483 1262 463 1396 481 1408 466 1476 478 1595 457 1616 475 2100 457 2103 430 2094 362 1946 365 1928 353 1910 353"/></Shape>
	    <String CONTENT="Mort La mort est par Adam la uie par Christ. 10"
                    HPOS="424"
                    VPOS="353"
                    WIDTH="1679"
                    HEIGHT="142"
                    WC="0.9992797514225574"></String>
          </TextLine>
          <TextLine ID="eSc_line_2b6f3c3e"
                    TAGREFS="LT8"
                    BASELINE="435 560 2120 522" 
                    HPOS="430"
                    VPOS="439"
                    WIDTH="1688"
                    HEIGHT="139">
            <Shape><Polygon POINTS="1589 439 1574 439 1458 466 1408 445 1399 445 1363 460 1345 442 1224 463 1143 448 1114 466 834 454 721 457 683 478 558 460 430 478 433 576 582 564 683 578 710 558 820 558 903 570 921 570 974 555 1010 570 1019 570 1048 555 1236 567 1345 546 1542 561 1580 561 1708 540 1758 555 2115 549 2118 519 2109 448 1654 460 1601 439 1589 439"/></Shape>
	    <String CONTENT="Mort La mort est descendue de peche. 11"
                    HPOS="430"
                    VPOS="439"
                    WIDTH="1688"
                    HEIGHT="139"></String>
          </TextLine>
          <TextLine ID="eSc_line_a611b0ca"
                    TAGREFS="LT8"
                    BASELINE="433 645 2116 603" 
                    HPOS="427"
                    VPOS="525"
                    WIDTH="1688"
                    HEIGHT="131">
            <Shape><Polygon POINTS="1705 525 1699 525 1681 540 1503 531 1500 531 1497 531 1455 546 1402 528 1378 528 1369 528 1227 549 1090 537 1087 537 1084 537 1036 558 989 537 986 537 927 537 924 537 921 537 918 537 891 558 781 540 778 540 775 540 724 567 719 567 546 546 543 546 427 573 430 644 430 656 2112 626 2115 602 2106 534 1744 543 1741 543 1717 525 1705 525"/></Shape>
	    <String CONTENT="Mort Que cest de laguillon de la mort. 16"
                    HPOS="427"
                    VPOS="525"
                    WIDTH="1688"
                    HEIGHT="131"
                    WC="0.9948587228612202"></String>
          </TextLine>
          <TextLine ID="eSc_line_7a71f3ea"
                    TAGREFS="LT8"
                    BASELINE="431 726 1294 692 2108 688" 
                    HPOS="427"
                    VPOS="611"
                    WIDTH="1679"
                    HEIGHT="137">
            <Shape><Polygon POINTS="1319 614 1298 614 1191 632 1173 632 1149 632 968 620 965 620 962 620 927 638 924 638 921 638 900 623 897 623 894 623 891 623 671 626 427 647 430 724 430 748 558 733 793 742 796 742 799 742 802 742 805 742 820 727 855 739 858 739 861 739 1069 718 2103 709 2106 685 2097 611 1378 626 1375 626 1334 614 1319 614"/></Shape>
	    <String CONTENT="Mort La mort de Christ a occis nostre mort. 56"
                    HPOS="427"
                    VPOS="611"
                    WIDTH="1679"
                    HEIGHT="137"
                    WC="0.9967393149500308"></String>
          </TextLine>
          <TextLine ID="eSc_line_2c35a190"
                    TAGREFS="LT8"
                    BASELINE="441 801 1084 777 2102 773" 
                    HPOS="436"
                    VPOS="700"
                    WIDTH="1664"
                    HEIGHT="113">
            <Shape><Polygon POINTS="439 798 439 813 2100 798 2100 771 2094 709 1375 700 1372 700 1369 700 1310 718 1304 718 1295 718 1191 703 1188 703 1081 721 1069 721 1054 721 921 706 918 706 843 724 834 724 825 724 730 709 727 709 724 709 721 709 721 712 707 724 635 712 632 712 436 727 439 798"/></Shape>
	    <String CONTENT="Mort Apres la mort nya nul merite. 254"
                    HPOS="436"
                    VPOS="700"
                    WIDTH="1664"
                    HEIGHT="113"
                    WC="0.9864736591514788"></String>
          </TextLine>
          <TextLine ID="eSc_line_5fd6740e"
                    TAGREFS="LT8"
                    BASELINE="429 884 922 863 2104 849" 
                    HPOS="424"
                    VPOS="774"
                    WIDTH="1679"
                    HEIGHT="122">
            <Shape><Polygon POINTS="1910 774 1880 774 1856 774 1723 789 1702 774 1699 774 1696 774 1693 774 1565 792 1562 792 1467 777 1464 777 1461 777 1458 777 1429 795 1426 795 1357 780 1354 780 1351 780 1348 780 1331 795 1188 783 1185 783 1182 783 1152 798 1120 783 1117 783 1114 783 1111 783 1051 801 1048 801 1045 801 956 786 953 786 424 810 427 881 427 896 1824 887 2103 866 2103 846 2097 786 1931 774 1910 774"/></Shape>
	    <String CONTENT="Mort Les uertꝰ ⁊ les uices finissẽt apres la mort. 255"
                    HPOS="424"
                    VPOS="774"
                    WIDTH="1679"
                    HEIGHT="122"></String>
          </TextLine>
          <TextLine ID="eSc_line_83c1f513"
                    TAGREFS="LT8"
                    BASELINE="439 965 902 948 2104 938" 
                    HPOS="437"
                    VPOS="868"
                    WIDTH="1667"
                    HEIGHT="119">
            <Shape><Polygon POINTS="439 965 439 987 635 985 690 973 742 983 744 983 746 983 748 983 768 971 865 971 881 981 883 983 885 983 887 983 888 983 890 983 896 981 928 969 1009 979 1033 981 1035 981 1037 981 1049 979 1092 967 1197 975 1249 979 1251 979 1275 973 1312 965 1449 971 1564 975 1566 975 1568 975 1570 975 1577 969 1581 963 1587 967 1595 973 1597 973 1599 973 1601 975 1740 975 1740 973 1742 973 1770 965 1783 962 1819 963 1872 967 1874 967 1876 967 1890 962 1906 958 1920 962 1944 969 1946 969 1948 969 1950 969 1973 962 1983 958 1999 960 2043 969 2045 969 2102 958 2104 938 2100 880 1934 868 1932 868 1930 868 1898 880 1859 870 1857 870 1855 870 1853 870 1805 882 1631 872 1629 872 1627 872 1576 886 1572 886 1568 886 1482 874 1480 874 1478 874 1477 874 1461 886 1379 876 1378 876 1158 890 1092 878 1090 878 1088 878 1086 878 1067 890 974 880 972 880 970 880 922 894 766 882 764 882 702 896 481 888 479 888 477 888 437 900 439 965"/></Shape>
	    <String CONTENT="Mort La memoire des mortz est parfaicte/ car ilz ne"
                    HPOS="437"
                    VPOS="868"
                    WIDTH="1667"
                    HEIGHT="119"
                    WC="0.9957288340026257"></String>
          </TextLine>
          <TextLine ID="eSc_line_8a027140"
                    TAGREFS="LT8"
                    BASELINE="791 1037 2110 1015" 
                    HPOS="789"
                    VPOS="950"
                    WIDTH="1321"
                    HEIGHT="116">
            <Shape><Polygon POINTS="791 1037 791 1066 1035 1057 1059 1062 1079 1066 1081 1066 1083 1066 1130 1060 1176 1055 1261 1059 1387 1062 1389 1062 1473 1053 1518 1049 1651 1049 1987 1053 1989 1053 2110 1039 2110 1015 2104 954 2011 962 2001 956 1993 950 1991 950 1989 950 1987 950 1985 950 1971 956 1956 963 1918 958 1904 956 1902 956 1900 956 1890 958 1861 965 1835 960 1813 954 1811 954 1809 954 1807 954 1805 954 1799 960 1791 967 1712 967 1704 962 1696 956 1694 956 1692 956 1690 956 1649 963 1621 969 1599 965 1570 958 1568 958 1566 958 1564 958 1528 967 1508 971 1498 967 1482 960 1480 960 1478 960 1401 969 1372 973 1352 971 1286 962 1284 962 1282 962 1241 973 1233 975 1227 973 1187 963 1185 963 1183 963 1182 963 1152 975 1148 977 1132 977 1031 965 1029 965 1027 965 1025 965 1007 979 1005 979 952 967 950 967 948 967 906 981 827 969 825 969 823 969 789 983 791 1037"/></Shape>
	    <String CONTENT="scauent riens/ ⁊ si nattendent quelque pro¬"
                    HPOS="789"
                    VPOS="950"
                    WIDTH="1321"
                    HEIGHT="116"
                    WC="0.9942299654317457"></String>
          </TextLine>
          <TextLine ID="eSc_line_0efdf4bd"
                    TAGREFS="LT8"
                    BASELINE="776 1120 2116 1106" 
                    HPOS="772"
                    VPOS="1036"
                    WIDTH="1343"
                    HEIGHT="119">
            <Shape><Polygon POINTS="775 1119 775 1155 1244 1155 1244 1152 1247 1152 1262 1146 1310 1131 1533 1143 1601 1146 1604 1149 1747 1149 1747 1146 1750 1146 1764 1140 1794 1128 2109 1134 2115 1104 2109 1036 1999 1036 1996 1036 1993 1036 1990 1036 1952 1059 1699 1059 1684 1048 1684 1045 1681 1045 1678 1045 1675 1045 1672 1045 1669 1045 1640 1059 1399 1051 1337 1051 1334 1051 1313 1054 1250 1065 1230 1057 1206 1045 1203 1045 1063 1045 1060 1045 772 1065 775 1119"/></Shape>
	    <String CONTENT="messe ny loyer. 255"
                    HPOS="772"
                    VPOS="1036"
                    WIDTH="1343"
                    HEIGHT="119"
                    WC="0.9953916449295847"></String>
          </TextLine>
          <TextLine ID="eSc_line_3a2cdc6f"
                    TAGREFS="LT8"
                    BASELINE="431 1215 875 1199 2094 1191" 
                    HPOS="429"
                    VPOS="1118"
                    WIDTH="1665"
                    HEIGHT="113">
            <Shape><Polygon POINTS="431 1215 431 1231 2094 1213 2094 1191 2092 1130 2055 1118 2053 1118 2051 1118 2049 1118 2025 1130 2019 1132 1989 1130 1888 1120 1886 1120 1884 1120 1882 1120 1869 1130 1857 1138 1791 1138 1748 1130 1700 1122 1698 1122 1696 1122 1694 1122 1684 1130 1673 1140 1570 1140 1552 1132 1542 1124 1540 1124 1538 1124 1536 1124 1534 1124 1514 1132 1494 1138 1425 1132 1364 1126 1362 1126 1360 1126 1346 1132 1332 1138 1279 1132 1271 1132 1269 1132 1259 1132 1148 1144 1104 1132 1086 1128 1084 1128 1083 1128 1081 1128 1061 1132 1017 1144 958 1134 936 1130 934 1130 932 1130 918 1134 873 1146 760 1134 734 1132 732 1132 730 1132 728 1132 726 1134 702 1150 621 1150 429 1136 431 1215"/></Shape>
	    <String CONTENT="Mort Le peche nest pas pardõne apres la mort. 255"
                    HPOS="429"
                    VPOS="1118"
                    WIDTH="1665"
                    HEIGHT="113"></String>
          </TextLine>
          <TextLine ID="eSc_line_283264ad"
                    TAGREFS="LT8"
                    BASELINE="437 1296 1067 1278 2096 1272" 
                    HPOS="435"
                    VPOS="1207"
                    WIDTH="1661"
                    HEIGHT="119">
            <Shape><Polygon POINTS="437 1296 437 1312 461 1324 463 1324 465 1326 595 1326 595 1324 694 1308 706 1306 712 1308 742 1316 744 1316 746 1316 839 1306 863 1304 871 1306 912 1320 914 1320 916 1320 918 1320 948 1304 954 1302 966 1304 1013 1316 1015 1316 1094 1304 1120 1300 1183 1302 1425 1314 1427 1314 1429 1314 1431 1314 1445 1302 1488 1310 1490 1310 1546 1298 1560 1296 1566 1298 1591 1310 1593 1310 1595 1310 1667 1298 1676 1296 1678 1298 1694 1308 1696 1308 1698 1308 1700 1308 1752 1296 1766 1294 1774 1296 1807 1308 1809 1308 1811 1310 1886 1310 1886 1308 1888 1308 1910 1298 1964 1306 1966 1306 1968 1306 1991 1294 1999 1290 2094 1292 2096 1272 2092 1207 1811 1207 1809 1207 1789 1211 1762 1217 1702 1213 1653 1209 1651 1209 1617 1215 1581 1219 1534 1215 1457 1209 1455 1209 1453 1209 1423 1217 1407 1221 1368 1219 1277 1211 1275 1211 1138 1223 1096 1225 1077 1223 1011 1215 1009 1215 920 1225 902 1227 885 1227 768 1217 766 1217 710 1229 708 1229 704 1229 601 1219 599 1219 435 1233 437 1296"/></Shape>
	    <String CONTENT="Mortz Les mortz nont nul proffit de la despense de"
                    HPOS="435"
                    VPOS="1207"
                    WIDTH="1661"
                    HEIGHT="119"></String>
          </TextLine>
          <TextLine ID="eSc_line_3fa4f5d4"
                    TAGREFS="LT8"
                    BASELINE="793 1367 2118 1355" 
                    HPOS="787"
                    VPOS="1285"
                    WIDTH="1328"
                    HEIGHT="104">
            <Shape><Polygon POINTS="790 1365 790 1389 2115 1368 2115 1353 2109 1297 1993 1285 1990 1285 1987 1285 1957 1300 1946 1306 1533 1312 1518 1309 1467 1294 1464 1294 1461 1294 1458 1294 1455 1294 1435 1312 1426 1318 1274 1318 1271 1315 1224 1291 1221 1291 1218 1291 1072 1306 820 1294 817 1294 814 1294 811 1294 811 1297 787 1315 790 1365"/></Shape>
	    <String CONTENT="leur sepulture. 334"
                    HPOS="787"
                    VPOS="1285"
                    WIDTH="1328"
                    HEIGHT="104"
                    WC="0.997446828766873"></String>
          </TextLine>
          <TextLine ID="eSc_line_528a1d51"
                    TAGREFS="LT8"
                    BASELINE="431 1468 883 1448 2114 1437" 
                    HPOS="429"
                    VPOS="1361"
                    WIDTH="1685"
                    HEIGHT="131">
            <Shape><Polygon POINTS="431 1468 431 1488 570 1492 572 1492 574 1492 588 1486 605 1478 619 1486 629 1490 631 1490 633 1492 704 1492 704 1490 706 1490 720 1484 736 1474 863 1474 928 1480 984 1484 985 1484 987 1484 1007 1478 1027 1472 1063 1476 1100 1482 1102 1482 1148 1476 1183 1470 1189 1474 1199 1482 1201 1482 1203 1482 1205 1484 1296 1484 1296 1482 1344 1472 1364 1468 1433 1470 1562 1474 1564 1474 1566 1474 1591 1466 1605 1464 1625 1466 1696 1476 1698 1476 1700 1476 1728 1464 1734 1462 1783 1464 2017 1472 2019 1472 2112 1456 2114 1437 2112 1373 2070 1361 2069 1361 2067 1361 1928 1363 1926 1363 1896 1375 1892 1375 1795 1365 1793 1365 1704 1379 1692 1379 1690 1379 1675 1367 1673 1367 1671 1367 1605 1367 1603 1367 1601 1367 1554 1381 1548 1383 1399 1383 1391 1383 1324 1371 1322 1371 1320 1371 1275 1385 1269 1385 1249 1385 1104 1375 1102 1375 1029 1387 1027 1387 1025 1387 932 1377 930 1377 859 1389 849 1391 837 1391 744 1379 742 1379 740 1379 702 1393 698 1393 690 1393 619 1381 617 1381 615 1381 613 1381 595 1393 518 1385 516 1385 429 1395 431 1468"/></Shape>
	    <String CONTENT="Mortz Aumosne est lacoustrement des mortz/ laq̃lle"
                    HPOS="429"
                    VPOS="1361"
                    WIDTH="1685"
                    HEIGHT="131"
                    WC="0.9865221464633942"></String>
          </TextLine>
          <TextLine ID="eSc_line_b46d9ee4"
                    TAGREFS="LT8"
                    BASELINE="807 1534 2120 1522" 
                    HPOS="802"
                    VPOS="1448"
                    WIDTH="1316"
                    HEIGHT="101">
            <Shape><Polygon POINTS="805 1532 805 1549 2115 1538 2118 1520 2112 1469 1981 1451 1978 1451 1648 1469 1622 1448 1619 1448 1616 1448 1559 1448 1556 1448 1553 1448 1494 1469 1426 1451 1423 1451 1420 1451 1253 1466 1129 1451 1126 1451 1123 1451 1090 1469 1075 1454 1072 1454 1069 1454 820 1454 817 1454 814 1454 811 1454 811 1457 808 1457 802 1463 805 1532"/></Shape>
	    <String CONTENT="ilz ont faict durant leur uie. 334"
                    HPOS="802"
                    VPOS="1448"
                    WIDTH="1316"
                    HEIGHT="101"></String>
          </TextLine>
          <TextLine ID="eSc_line_fe1c7c29"
                    TAGREFS="LT8"
                    BASELINE="437 1627 1110 1611 2128 1607" 
                    HPOS="433"
                    VPOS="1526"
                    WIDTH="1694"
                    HEIGHT="115">
            <Shape><Polygon POINTS="436 1624 436 1641 2127 1636 2127 1606 2115 1526 2017 1552 1904 1552 1856 1529 1848 1529 1791 1555 1648 1555 1622 1532 1622 1529 1610 1529 1574 1543 1524 1529 1512 1529 1491 1546 1378 1532 1304 1555 1259 1532 1090 1555 1066 1538 1054 1538 1013 1552 992 1535 775 1535 724 1558 668 1538 499 1538 433 1561 436 1624"/></Shape>
	    <String CONTENT="Mortz Cest folie de plourer les mortz. 335"
                    HPOS="433"
                    VPOS="1526"
                    WIDTH="1694"
                    HEIGHT="115"></String>
          </TextLine>
          <TextLine ID="eSc_line_bde5e72b"
                    TAGREFS="LT8"
                    BASELINE="435 1712 1031 1696 2132 1684" 
                    HPOS="430"
                    VPOS="1612"
                    WIDTH="1700"
                    HEIGHT="130">
            <Shape><Polygon POINTS="433 1710 433 1725 641 1742 647 1742 680 1728 962 1736 1132 1719 1271 1733 1322 1716 1366 1731 1916 1707 2127 1719 2130 1683 2121 1624 1613 1630 1565 1612 1553 1612 1542 1624 1530 1630 1393 1615 1348 1630 1310 1615 1298 1615 1268 1636 1221 1618 1212 1618 1152 1636 1057 1618 995 1636 956 1621 932 1624 894 1636 787 1624 757 1624 736 1641 430 1627 433 1710"/></Shape>
	    <String CONTENT="Mõtai. Que sont les montaignes de dieu. 330"
                    HPOS="430"
                    VPOS="1612"
                    WIDTH="1700"
                    HEIGHT="130"
                    WC="0.9999519884586334"></String>
          </TextLine>
          <TextLine ID="eSc_line_280f02d1"
                    TAGREFS="LT8"
                    BASELINE="443 1795 1110 1779 2109 1777" 
                    HPOS="439"
                    VPOS="1698"
                    WIDTH="1667"
                    HEIGHT="125">
            <Shape><Polygon POINTS="442 1793 442 1823 2103 1808 2106 1775 2097 1710 1892 1713 1889 1710 1862 1698 1859 1698 1856 1698 1738 1713 1711 1716 1699 1713 1654 1701 1651 1701 1648 1701 1646 1701 1616 1716 1601 1701 1598 1701 1595 1701 1470 1701 1467 1701 1464 1701 1420 1719 1414 1722 1265 1722 1259 1719 1114 1704 1111 1704 846 1722 772 1707 769 1707 766 1707 763 1707 733 1725 472 1713 469 1713 466 1713 439 1725 442 1793"/></Shape>
	    <String CONTENT="Mõtai. Que cest fuyr aux montaignes. 344"
                    HPOS="439"
                    VPOS="1698"
                    WIDTH="1667"
                    HEIGHT="125"
                    WC="0.9910612266238142"></String>
          </TextLine>
          <TextLine ID="eSc_line_faf01ac1"
                    TAGREFS="LT8"
                    BASELINE="433 1880 958 1864 2110 1862" 
                    HPOS="427"
                    VPOS="1784"
                    WIDTH="1682"
                    HEIGHT="110">
            <Shape><Polygon POINTS="430 1879 430 1894 2106 1888 2109 1861 2106 1805 2023 1784 2020 1784 1922 1805 1916 1805 1892 1805 1443 1787 1441 1787 870 1808 736 1793 733 1793 730 1793 727 1793 704 1811 552 1796 549 1796 427 1814 430 1879"/></Shape>
	    <String CONTENT="moynes Les moynes doibuent labourer. 172"
                    HPOS="427"
                    VPOS="1784"
                    WIDTH="1682"
                    HEIGHT="110"
                    WC="0.999679283797741"></String>
          </TextLine>
          <TextLine ID="eSc_line_5a8135cc"
                    TAGREFS="LT8"
                    BASELINE="429 1961 987 1947 2112 1939" 
                    HPOS="427"
                    VPOS="1866"
                    WIDTH="1685"
                    HEIGHT="111">
            <Shape><Polygon POINTS="429 1961 429 1977 2110 1963 2112 1939 2108 1876 2055 1866 2053 1866 2051 1866 2025 1876 2005 1884 1865 1884 1849 1876 1837 1870 1835 1870 1736 1868 1734 1868 1667 1878 1609 1886 1597 1878 1587 1870 1585 1870 1583 1870 1581 1870 1516 1878 1473 1884 1451 1878 1425 1872 1423 1872 1421 1872 1419 1872 1395 1880 1358 1890 1235 1882 1233 1882 1110 1892 1037 1882 997 1876 995 1876 993 1876 980 1882 954 1894 922 1882 910 1878 908 1878 797 1878 795 1878 793 1878 776 1882 732 1898 607 1898 427 1886 429 1961"/></Shape>
	    <String CONTENT="moynes Contre les moynes ⁊ tous superstitieux. 342"
                    HPOS="427"
                    VPOS="1866"
                    WIDTH="1685"
                    HEIGHT="111"
                    WC="0.9969914162158966"></String>
          </TextLine>
          <TextLine ID="eSc_line_b4c764e1"
                    TAGREFS="LT8"
                    BASELINE="429 2046 1245 2028 2114 2022" 
                    HPOS="427"
                    VPOS="1949"
                    WIDTH="1687"
                    HEIGHT="125">
            <Shape><Polygon POINTS="429 2046 429 2068 590 2074 591 2074 593 2074 595 2074 603 2068 617 2060 675 2060 732 2066 784 2072 786 2072 819 2066 869 2056 906 2064 930 2070 932 2070 962 2064 1017 2054 1073 2064 1100 2068 1102 2068 1104 2068 1116 2064 1146 2052 1241 2062 1282 2066 1284 2066 1332 2062 1455 2048 1566 2058 1568 2058 1570 2058 1572 2058 1587 2046 1613 2058 1615 2058 1617 2058 1692 2048 1829 2058 1853 2058 1855 2058 1869 2056 1999 2040 2110 2054 2114 2022 2112 1967 2047 1949 2045 1949 2043 1949 2041 1949 1993 1967 1861 1951 1859 1951 1857 1951 1855 1951 1835 1965 1742 1953 1740 1953 1655 1969 1603 1955 1601 1955 1599 1955 1597 1955 1556 1971 1425 1963 1423 1963 1421 1963 1395 1975 1292 1961 1290 1961 1288 1961 1261 1975 1136 1979 1084 1963 1083 1963 1081 1963 928 1965 926 1965 924 1965 898 1981 857 1965 855 1965 853 1965 754 1967 752 1967 710 1985 473 1971 471 1971 469 1971 427 1987 429 2046"/></Shape>
	    <String CONTENT="Mur Il ne fault pas murmurer cõtre Christ. 112"
                    HPOS="427"
                    VPOS="1949"
                    WIDTH="1687"
                    HEIGHT="125"></String>
          </TextLine>
          <TextLine ID="eSc_line_31221eaf"
                    TAGREFS="LT8"
                    BASELINE="427 2129 671 2125" 
                    HPOS="425"
                    VPOS="2064"
                    WIDTH="246"
                    HEIGHT="87">
            <Shape><Polygon POINTS="427 2129 427 2145 669 2151 671 2125 667 2084 550 2064 548 2064 546 2064 544 2064 532 2074 449 2072 447 2072 445 2072 443 2072 425 2082 427 2129"/></Shape>
	    <String CONTENT="murer."
                    HPOS="425"
                    VPOS="2064"
                    WIDTH="246"
                    HEIGHT="87"
                    WC="0.9860223631064097"></String>
          </TextLine>
          <TextLine ID="eSc_line_f5f793af"
                    TAGREFS="LT10"
                    BASELINE="1302 2119 1471 2112" 
                    HPOS="1298"
                    VPOS="2042"
                    WIDTH="173"
                    HEIGHT="105">
            <Shape><Polygon POINTS="1302 2133 1332 2147 1334 2147 1336 2147 1471 2127 1471 2112 1461 2060 1453 2068 1447 2062 1421 2042 1419 2042 1417 2042 1381 2042 1379 2042 1378 2042 1376 2042 1342 2072 1298 2078 1302 2119"/></Shape>
	    <String CONTENT="N."
                    HPOS="1298"
                    VPOS="2042"
                    WIDTH="173"
                    HEIGHT="105"
                    WC="1.0"></String>
          </TextLine>
          <TextLine ID="eSc_line_32e65fa2"
                    TAGREFS="LT8"
                    BASELINE="439 2216 1199 2197 2096 2193" 
                    HPOS="437"
                    VPOS="2116"
                    WIDTH="1659"
                    HEIGHT="126">
            <Shape><Polygon POINTS="439 2216 439 2230 512 2242 514 2242 588 2230 605 2228 690 2230 962 2236 964 2236 1001 2228 1027 2222 2096 2222 2096 2193 2092 2127 1968 2116 1966 2116 1964 2116 1916 2129 1906 2131 1898 2129 1847 2118 1845 2118 1843 2118 1817 2131 1809 2135 1645 2135 1641 2133 1619 2119 1617 2119 1615 2119 1613 2119 1516 2135 1504 2137 1496 2137 1413 2123 1411 2123 1409 2123 1366 2139 1362 2139 1356 2139 1282 2125 1281 2125 1146 2135 1031 2127 1029 2127 1027 2127 1025 2127 1005 2145 1003 2145 999 2145 932 2133 930 2133 928 2133 879 2147 875 2147 869 2147 758 2131 756 2131 754 2131 712 2149 690 2135 689 2135 687 2135 685 2135 582 2151 492 2135 491 2135 489 2135 437 2153 439 2216"/></Shape>
	    <String CONTENT="Nou¬ Le propre de la nouuelle creature. fueil.115"
                    HPOS="437"
                    VPOS="2116"
                    WIDTH="1659"
                    HEIGHT="126"></String>
          </TextLine>
          <TextLine ID="eSc_line_1b30786e"
                    TAGREFS="LT8"
                    BASELINE="433 2294 653 2290" 
                    HPOS="431"
                    VPOS="2228"
                    WIDTH="222"
                    HEIGHT="82">
            <Shape><Polygon POINTS="433 2294 433 2310 653 2306 653 2290 649 2242 566 2228 564 2228 431 2244 433 2294"/></Shape>
	    <String CONTENT="ueau."
                    HPOS="431"
                    VPOS="2228"
                    WIDTH="222"
                    HEIGHT="82"
                    WC="0.9928068161010742"></String>
          </TextLine>
          <TextLine ID="eSc_line_02c9439f"
                    TAGREFS="LT10"
                    BASELINE="1344 2284 1459 2278" 
                    HPOS="1338"
                    VPOS="2199"
                    WIDTH="121"
                    HEIGHT="109">
            <Shape><Polygon POINTS="1344 2308 1459 2302 1459 2278 1453 2213 1381 2199 1379 2199 1378 2199 1338 2209 1344 2284"/></Shape>
	    <String CONTENT="O."
                    HPOS="1338"
                    VPOS="2199"
                    WIDTH="121"
                    HEIGHT="109"
                    WC="1.0"></String>
          </TextLine>
          <TextLine ID="eSc_line_44829dba"
                    TAGREFS="LT8"
                    BASELINE="435 2375 2104 2353" 
                    HPOS="433"
                    VPOS="2280"
                    WIDTH="1671"
                    HEIGHT="123">
            <Shape><Polygon POINTS="435 2375 435 2403 629 2391 667 2401 669 2401 671 2401 1055 2385 1132 2395 1134 2395 1191 2383 1215 2393 1217 2393 1219 2393 1566 2379 1730 2387 1732 2387 1807 2375 1918 2385 1920 2385 1922 2385 1962 2373 2100 2383 2104 2353 2096 2280 2074 2290 1942 2284 1898 2282 1896 2282 1894 2282 1888 2284 1859 2298 1728 2288 1659 2284 1657 2284 1603 2286 1601 2286 1599 2286 1591 2292 1574 2302 1530 2294 1520 2292 1518 2292 1516 2292 1512 2294 1490 2306 1338 2306 1294 2298 1243 2290 1241 2290 1136 2292 1134 2292 1106 2304 1094 2308 1069 2304 1007 2294 1005 2294 1003 2294 972 2306 962 2310 952 2306 912 2294 910 2294 908 2294 766 2296 764 2296 734 2311 728 2315 645 2315 643 2313 590 2298 588 2298 586 2298 584 2298 540 2315 508 2306 506 2306 504 2306 433 2317 435 2375"/></Shape>
	    <String CONTENT="obediẽce Obedience est la souueraine uertu. fueil.6"
                    HPOS="433"
                    VPOS="2280"
                    WIDTH="1671"
                    HEIGHT="123"
                    WC="0.9943530857563019"></String>
          </TextLine>
          <TextLine ID="eSc_line_cd9092c5"
                    TAGREFS="LT8"
                    BASELINE="439 2464 1166 2446 2106 2436" 
                    HPOS="437"
                    VPOS="2367"
                    WIDTH="1669"
                    HEIGHT="121">
            <Shape><Polygon POINTS="439 2464 439 2484 689 2476 718 2484 734 2488 736 2488 738 2488 778 2482 815 2478 859 2482 904 2486 906 2486 932 2482 976 2472 1031 2480 1063 2484 1065 2484 1067 2484 1077 2480 1092 2470 1154 2478 1183 2482 1185 2482 1235 2478 1346 2466 1429 2476 1445 2476 1447 2476 1449 2476 1453 2474 1482 2464 1643 2472 1651 2472 1653 2472 1655 2472 1704 2460 1777 2470 1789 2472 1791 2472 1805 2470 1867 2460 1894 2470 1896 2470 1898 2470 1900 2470 2104 2466 2106 2436 2100 2375 1962 2379 1940 2375 1886 2367 1884 2367 1823 2377 1789 2383 1777 2377 1758 2369 1756 2369 1754 2369 1752 2369 1728 2379 1716 2383 1710 2379 1698 2371 1696 2371 1694 2371 1692 2371 1649 2379 1639 2381 1631 2379 1595 2371 1593 2371 1591 2371 1589 2371 1587 2371 1574 2381 1562 2389 1510 2389 1494 2381 1473 2373 1471 2373 1469 2373 1467 2373 1465 2373 1453 2381 1449 2383 1431 2383 1344 2375 1342 2375 1340 2375 1338 2375 1326 2383 1310 2391 1189 2385 1067 2379 1065 2379 1005 2387 934 2397 867 2389 815 2383 813 2383 762 2391 685 2401 437 2395 439 2464"/></Shape>
	    <String CONTENT="Obeir On doibt seulement obeir a la uolunte ⁊ cõ¬"
                    HPOS="437"
                    VPOS="2367"
                    WIDTH="1669"
                    HEIGHT="121"
                    WC="0.9926248633861542"></String>
          </TextLine>
          <TextLine ID="eSc_line_f1d29618"
                    TAGREFS="LT8"
                    BASELINE="803 2537 2120 2531" 
                    HPOS="799"
                    VPOS="2452"
                    WIDTH="1319"
                    HEIGHT="98">
            <Shape><Polygon POINTS="802 2535 802 2550 2118 2547 2118 2529 2112 2452 2041 2452 2038 2452 2035 2452 2032 2452 2002 2476 1758 2476 1726 2461 1720 2458 1717 2458 1714 2458 1711 2458 1702 2461 1654 2473 1616 2461 1589 2455 1586 2455 1583 2455 1580 2455 1547 2464 1512 2473 1470 2464 1414 2455 1411 2455 1134 2470 1093 2455 1090 2455 1087 2455 1084 2455 1081 2455 1051 2473 971 2455 968 2455 965 2455 912 2473 870 2455 867 2455 864 2455 861 2455 799 2479 802 2535"/></Shape>
	    <String CONTENT="mandement de dieu. 7"
                    HPOS="799"
                    VPOS="2452"
                    WIDTH="1319"
                    HEIGHT="98"
                    WC="0.970731595158577"></String>
          </TextLine>
          <TextLine ID="eSc_line_e4dcefea"
                    TAGREFS="LT8"
                    BASELINE="437 2632 1261 2612 2100 2606" 
                    HPOS="435"
                    VPOS="2535"
                    WIDTH="1665"
                    HEIGHT="121">
            <Shape><Polygon POINTS="437 2632 437 2656 637 2646 681 2654 689 2654 690 2654 692 2654 696 2654 726 2642 922 2650 944 2650 946 2650 948 2650 950 2650 974 2636 1108 2636 1401 2642 1403 2642 1473 2630 1585 2640 1591 2640 1593 2640 1599 2640 1722 2626 1748 2636 1750 2636 1752 2638 1752 2636 1754 2636 1779 2626 1839 2636 1841 2636 1843 2636 1845 2636 1872 2626 2098 2632 2100 2606 2096 2543 1591 2535 1589 2535 1500 2549 1496 2549 1492 2549 1435 2539 1433 2539 1431 2539 1401 2551 1397 2551 1383 2551 1277 2541 1275 2541 1273 2541 1271 2541 1253 2553 1249 2553 1193 2553 837 2547 835 2547 760 2559 736 2563 635 2563 621 2559 590 2551 588 2551 586 2551 435 2561 437 2632"/></Shape>
	    <String CONTENT="Obser. Obseruation de ioͬs ⁊ de uiãdes est uaine. 183"
                    HPOS="435"
                    VPOS="2535"
                    WIDTH="1665"
                    HEIGHT="121"
                    WC="0.9924204139797775"></String>
          </TextLine>
          <TextLine ID="eSc_line_ef85ea3e"
                    TAGREFS="LT8"
                    BASELINE="437 2713 2090 2690" 
                    HPOS="435"
                    VPOS="2620"
                    WIDTH="1655"
                    HEIGHT="119">
            <Shape><Polygon POINTS="437 2713 437 2739 710 2725 750 2733 760 2735 762 2735 793 2733 898 2723 1027 2727 1118 2731 1120 2731 1122 2731 1124 2731 1130 2725 1140 2719 1257 2723 1374 2727 1376 2727 1378 2727 1393 2721 1407 2715 1542 2717 1746 2721 1748 2721 1795 2711 1815 2709 1847 2711 1950 2719 1952 2719 2088 2705 2090 2690 2084 2626 1869 2634 1861 2630 1843 2620 1841 2620 1839 2620 1791 2630 1768 2636 1752 2632 1724 2622 1722 2622 1720 2622 1645 2634 1615 2638 1597 2634 1556 2626 1554 2626 1552 2626 1534 2636 1526 2640 1520 2636 1498 2626 1496 2626 1409 2626 1407 2626 1405 2626 1403 2626 1385 2638 1381 2642 1370 2640 1328 2628 1326 2628 1324 2628 1322 2628 1294 2640 1292 2640 1124 2630 1122 2630 1001 2646 984 2648 954 2648 712 2636 710 2636 708 2636 706 2636 681 2652 681 2654 595 2654 568 2654 473 2640 471 2640 469 2640 435 2654 437 2713"/></Shape>
	    <String CONTENT="Oeu¬ Dieu ne regarde point les merites des oeu¬"
                    HPOS="435"
                    VPOS="2620"
                    WIDTH="1655"
                    HEIGHT="119"
                    WC="0.9942927969262955"></String>
          </TextLine>
          <TextLine ID="eSc_line_7a6caba5"
                    TAGREFS="LT8"
                    BASELINE="429 2794 2104 2781" 
                    HPOS="424"
                    VPOS="2701"
                    WIDTH="1679"
                    HEIGHT="107">
            <Shape><Polygon POINTS="427 2793 427 2808 2100 2793 2103 2779 2097 2713 1993 2701 1987 2701 1946 2722 1714 2722 1699 2710 1699 2707 1586 2722 1509 2704 1500 2704 1467 2722 1432 2704 1420 2704 1396 2725 1238 2725 1209 2707 1010 2722 834 2710 802 2731 629 2731 552 2713 543 2713 487 2731 424 2713 427 2793"/></Shape>
	    <String CONTENT="ures ures a uenir. 30"
                    HPOS="424"
                    VPOS="2701"
                    WIDTH="1679"
                    HEIGHT="107"
                    WC="0.9998901230948312"></String>
          </TextLine>
          <TextLine ID="eSc_line_800575b3"
                    TAGREFS="LT8"
                    BASELINE="431 2878 2102 2856" 
                    HPOS="429"
                    VPOS="2787"
                    WIDTH="1673"
                    HEIGHT="116">
            <Shape><Polygon POINTS="431 2878 431 2897 730 2903 732 2903 734 2903 760 2895 780 2891 821 2895 879 2901 881 2901 883 2901 885 2901 892 2895 898 2891 922 2895 954 2899 956 2899 1013 2893 1086 2888 1241 2893 1336 2895 1338 2895 1340 2895 1342 2895 1346 2891 1358 2884 1577 2889 1643 2891 1645 2891 1647 2891 1653 2889 1678 2878 1819 2878 1908 2888 1912 2888 1914 2888 1916 2888 1956 2876 2100 2886 2102 2856 2098 2796 1669 2787 1667 2787 1665 2787 1623 2800 1494 2789 1492 2789 1322 2804 1255 2792 1253 2792 1172 2806 1055 2796 1053 2796 1051 2796 1015 2808 926 2796 924 2796 922 2796 875 2810 734 2798 732 2798 429 2816 431 2878"/></Shape>
	    <String CONTENT="oeuures Les affectiõs ⁊ oeuures bõnes sõt de dieu. 43"
                    HPOS="429"
                    VPOS="2787"
                    WIDTH="1673"
                    HEIGHT="116"
                    WC="0.9860511464732034"></String>
          </TextLine>
          <TextLine ID="eSc_line_40a77be6"
                    TAGREFS="LT8"
                    BASELINE="429 2963 2096 2945" 
                    HPOS="429"
                    VPOS="2876"
                    WIDTH="1667"
                    HEIGHT="120">
            <Shape><Polygon POINTS="431 2927 429 2963 429 2992 888 2996 890 2996 920 2990 950 2983 976 2990 991 2994 993 2994 995 2994 997 2994 999 2994 1005 2988 1019 2981 1057 2981 1118 2988 1166 2994 1168 2994 1170 2994 1183 2988 1201 2979 1413 2986 1536 2990 1538 2990 1540 2990 1558 2985 1595 2975 1730 2985 1772 2986 1774 2986 1775 2986 1781 2985 1801 2973 1835 2983 1837 2983 1839 2983 1912 2971 2094 2981 2096 2945 2092 2889 1914 2876 1912 2876 1910 2876 1880 2889 1853 2878 1851 2878 1849 2878 1722 2891 1720 2891 1686 2880 1684 2880 1540 2880 1538 2880 1401 2882 1340 2895 1336 2895 1322 2895 1037 2886 1035 2886 1033 2886 984 2899 980 2899 960 2899 756 2889 754 2889 692 2901 690 2903 437 2903 431 2927"/></Shape>
	    <String CONTENT="oeuures Les propres oeuures de Paul nestoient que"
                    HPOS="429"
                    VPOS="2876"
                    WIDTH="1667"
                    HEIGHT="120"
                    WC="0.9916161152781272"></String>
          </TextLine>
        </TextBlock>
        <TextBlock HPOS="1818"
                   VPOS="2966"
                   WIDTH="279"
                   HEIGHT="109"
                   ID="eSc_textblock_83c201cb"
                   TAGREFS="BT17">
          <Shape><Polygon POINTS="2097 3059 2097 2974 1999 2966 1996 2966 1818 2974 1846 3075"/></Shape>
          <TextLine ID="eSc_line_2099bc47"
                    TAGREFS="LT8"
                    BASELINE="1859 3030 2070 3030" 
                    HPOS="1859"
                    VPOS="2959"
                    WIDTH="211"
                    HEIGHT="115">
            <Shape><Polygon POINTS="1859 3030 1859 3066 1991 3074 1993 3074 1995 3074 1997 3074 2015 3062 2019 3060 2070 3060 2070 3030 2070 2971 2051 2959 2049 2959 2047 2959 1987 2959 1985 2959 1983 2959 1956 2975 1859 2975 1859 3030"/></Shape>
	    <String CONTENT="peche."
                    HPOS="1859"
                    VPOS="2959"
                    WIDTH="211"
                    HEIGHT="115"
                    WC="0.9999992847442627"></String>
          </TextLine>
        </TextBlock>
      </PrintSpace>
    </Page>
  </Layout>
</alto>
