2267 3563
261 255 1292 128 peche. 96

170 364 1655 103 Les oeuures sans soy ne sont pas bõnes. 129 oeuures

166 449 1651 109 Les oeuures sans la foy sont uaines. 138 oeuures

152 528 1675 105 Les bõnes oeuu/es ne p̃cedẽt point la foy.148 oeuures

150 605 1691 113 Les oeuuresdabraham ont suyui la foy. 149 oeuures

150 688 1689 119 Ceulx sont infideles qui esperent felicite par oeuures

231 777 1308 98 leurs bonnes oeuures. 150

152 857 1675 116 La uieeternelle est donnee par Christ/ ⁊ non oeuures

225 941 1331 110 point par les oeuures. 150

144 1025 1671 111 Toutes noz bõnes oeuures sõt ĩparfaictes. 153 oeuures

144 1104 1655 119 Le monde est gouuerne par opinions. 183 opiniõs

152 1183 1608 125 On doibt garder ordre entre les chrestiẽs. 76 Ordre

146 1270 1618 119 Les apostres enseignẽt ordre en leglise. 77 Ordre

142 1342 1667 133 Foy est le fondement doraison. 346 Oraisõ

148 1428 1670 127 Oraison est sacrifice. 159 Oraisõ

142 1520 1670 113 La maniere doraison. 257 Mraisõ

146 1595 1641 125 Que loraison soit faicte sans clameur. 257 Oraisõ

148 1677 1652 128 Quelle est la chambre doraison. 257 Oraisõ

144 1771 1653 113 La uraye oraisõ est es pẽsees du cueur. 258 Oraisõ

148 1846 1649 117 Oraison nest pas en beaucouy de polles. 258 Oraisõ

146 1933 1643 117 Nulle loy ne doibt estre dõnee a oraison. 259Mraisõ

140 2011 1649 128 Tous dorbuet entendre qu temple loraison Oraisõ

213 2117 1337 95 du prestre. 256

140 2177 1659 123 Multitude de ꝯseoulmes est reprouuee en Oraisõ

216 2259 1343 125 oraison. 26i

144 2345 1655 121 La diligente oraison de la Cananee. 262 Oraisõ

138 2428 1669 123 Le lieu ne sainctifie pas lhõe ne loraisõ. 263 Oraisõ

136 2508 1676 125 La doctrine de Christ de oraison. 264 Oraisõ

146 2600 1647 121 Pourquoy ne sont pas exaulcees noz orai¬ Oraisõ

231 2690 1343 103 sons. 265

136 2755 1647 131 Troys empeschemẽs de nostre oraison. 266 Oraisõ

136 2848 1634 137 La propre oraison pour soy plait souueraine Oraisõ

1114 2927 436 149 Zz menta
