2267 3563
766 237 1316 119 ment a dieu. 323

423 332 1655 119 oyseaux Pour les oyseaux du ciel sont entendus les

784 427 1301 107 ames des croyans. 20i

425 504 1649 115 Oyseux Les auctoritez ⁊ deffenses des oyseux. 271

429 593 1643 105 Oysiue. Oysiuete en tire aucũs au seruice de dieu.269

433 668 1667 118 Oysiue. Quelz sont les maulx de oysiuete. 270

418 748 1682 127 Oysme. Oy siuete a enseigne toute malice. 271

1328 831 93 113 P.

411 920 1675 113 Parodle Les pechez sont pardonnez par la parolle de

790 997 1292 125 dieu. 236.239

415 1088 1652 113 Parolle Nous sõmes nourris par la parolle de dieu/ ⁊

801 1171 1254 107 sommes iournellement consolez. 240

413 1254 1669 97 Parolle On resiste a la parolle en deux manieres/ a

770 1340 1320 108 scauoir ꝯtreuenãt a icelle ⁊ ꝑ negligẽce. 242

419 1423 1667 109 Parodle Le peuple souffre la famine de la parolle de

793 1493 1298 122 dieu pour ses pechez. 299

427 1583 1642 105 Parolle Poͬ la ꝑolle est sanee lhumaine noture. 228

431 1670 1638 113 Parolle Lhõme est facilement cõuerty par la parolle

796 1760 1286 86 de dieu. 114

427 1838 1661 107 Parolle La negligẽce des chrestiens enuers la parode

793 1921 1298 95 de dieu. 215

421 1981 1661 123 Parolle Enqrester la parolle est la gloire de dien 21¬

433 2088 1637 97 Par olle uobscurte de la parolle de dieu proffite. 218

431 2169 1647 103 Parolle La pard de de dieu⁊ ogient Ios oegẽt. 212

431 2254 1647 111 Parolle La parolle de dieu est contraire au gaignage/

793 2339 1295 98 et auarice. N13

433 2414 1655 103 Parolle Les princes soient iuges de la parolle. 223

429 2502 1651 102 Parolle La famine de la parolle de dieu est une tres-

796 2583 1292 110 grande playe. 24

425 2664 1665 105 Parolle La parolle de dieu est ung feu bruslant. 225

423 2751 1679 121 Parolle La tentation de ceulx qui annõcent la parol¬

793 2835 1292 134 le de dieu. Nz

1742 2919 344 109 La deffẽce
