2267 3563
190 258 1661 142 La deffence de la parolle de dieu. 16 Parolle

192 370 1651 111 La porolle du seigͬ demeure eternellemẽt. 116 Uarolle

178 453 1659 115 Poͬquoy est le flz de dieu appelle la ꝑolle.227 Porolle

186 536 1649 117 La parolle dupere est le filz de dieu. 227 Parolle

172 613 1677 125 Pourquoy a engendre le pere la parolle. 227 Parolle

182 698 1675 119 Poͬquoy est descẽdue la ꝑolle en la chair. 127 Parolle

178 783 1673 125 Nlusieurs maulx se font par la negligẽce de Parolle

252 875 1307 104 la parolle de dieu. 172

164 944 1681 130 Celuy qui adiouste a la parolle de dieu/ se esti Parolle

240 1042 1316 107 me plus saige que dieu. 172

166 1118 1675 115 Nous debuons demourer en la parolle du sei¬ Parolle

252 1211 1304 107 gneur. 170.171

164 1282 1679 119 La parolle doibt estre retenue au cueur ⁊ en la Parolle

243 1374 1328 98 langue. 13

156 1441 1689 128 Les parolles de dieu sont esperit ⁊ uie. 64 Parolle

160 1528 1681 122 Ceulx qͥ aymẽt dieu gardent sa parolle. 169 Parolle

164 1609 1681 124 Tres grande louẽge de la parolle de dieu. 21 Parolle

160 1700 1687 117 Nous sommes sauuez par la parolle de dieu/ Parolle

237 1799 1340 95 laguelle est dieu. 2u

168 1856 1673 117 La par ode de dieu est cõparee cu feu. 211 Parolle

168 1943 1671 125 Lignorance de la parolle de dieu scandalize Parolle

237 2042 1325 98 les gentilz 2rir

154 2096 1717 142 La simplicite de la parolle est louee. 21 Darolle

157 2200 1619 115 La signification du pain ⁊ de leau. 218 Pain

156 2276 1600 117 Cõmẽt le pain de actiõ de graces est faict. 279 Pain

162 2361 1598 115 Cõmẽt noꝰ sõmes faictz le pain du seigͬ. 280 Pain

160 2444 1606 119 Pour quoy il nous a laisse la memoire de son Pain

237 2544 1337 95 corps au pain. 181

172 2606 1592 127 La paix/ charite/ et la foy/ sont de dieu le Paix

261 2719 1337 86 pere. I30

154 2755 1619 136 La charite ⁊ patience de Paul. 305 Pans

158 2854 1598 132 La louenge des epistres sainct Paul. 217 Paul

1066 2936 490 154 Zz .ii. Paul
