2267 3563
392 261 1675 133 Paul Paul parfaict/ et imparfaict. 154

397 370 1662 122 Paul Paul est enuoye a Ananias/ affin quil ouye

769 463 1281 104 de luy la parolle. 235

395 540 1658 113 Paul Quelles choses dieu a faict a Paul. 122

395 617 1658 110 Paul Paul israelite de la lignee de beniamin. 111

399 708 1664 115 Paul Pourquoy Paul ne uoulut pas prendre les

748 801 1325 98 aumosnes. 267

386 869 1690 119 Paul Paul ne plaisoit pas a tous. 44

386 960 1677 108 Paul Paul a mis les uices a lopposite des uertus/

768 1047 1281 112 a celle fin que ung chascun cõgnoisse quel

760 1125 1266 104 il doibt estre/ ⁊ quel non. 297

403 1209 1650 113 Partie Es escriptures souuent est prinse la partie

745 1294 1325 98 pour le tout. 110

395 1373 1674 115 Passiõ La cõication de la passion du seigneur. 163

403 1460 1660 105 Pasteͬs Contre les pasteurs qui au lieu de nourrir le

772 1540 1278 110 troppeau le deuorent. 178

407 1618 1637 110 Pasteͬs Les mauuais pasteurs. 179

410 1704 1646 119 Pasteur Le signe dung uray pasteur. 353

407 1793 1654 109 Pardon Pardonner les pechez/ appartient a Dieu

404 1900 1672 71 ner. seul. 239

403 1955 1660 117 Pardon Malheur a ceulx qui promettẽt pardon des

754 2042 1299 107 pechez pour le gaignaige. 274

407 2125 1642 109 Patron Il nest besoing dauoir patrons/ ou aduocatz

778 2214 1275 101 enuers dieu. 323

409 2286 1644 107 Pecheur Dieu ne ueult point la mort du pecheur. 9

410 2381 1663 98 Pecheur Tous prient pour leurs debtes. 18

407 2452 1678 101 Pecheur Nous sommes tous naiz pecheurs. 22

404 2550 1672 98 Pecheur Tous hommes sont pecheurs. 329

405 2624 1665 121 Pecheur Contre ceulx qui disent que le pecheur empe¬

778 2713 1304 98 sche la grace de dieu. 41

401 2788 1675 115 Peche Le peche doibt estre fuy de nous. 247

404 2871 1675 145 Peche Nous sommes naiz en peche. 11

1787 2959 280 124 Quelles
