2267 3563
184 302 1604 143 Quelles sont les petnes de peche. 14 Peche

184 415 1588 109 Le peche dautruy ne nuyst a personne sans Peche

234 495 1346 104 consentemen/ 21

168 576 1623 116 Lenfant dung iour nest pas sans peche. 29 Peche

172 656 1613 115 La mort est la peine de peche. 29 Peche

180 746 1597 111 Aucuns pechez sont les peines des autres Peche

243 840 1313 92 pechez. 39

172 893 1610 119 Quelle chose est peche. 50 Peche

172 989 1603 119 Par Christ les pechez sõt pardõnez au croyãt Peche

249 1083 1310 101 pour neant. 87.241

172 1150 1603 126 Dieu oste arriere des bons les causes de pe¬ Peche

255 1250 1307 95 che. 98

170 1318 1619 121 Dieu pardonne les pechez/ ⁊ donne les meri¬ Peche

258 1413 1325 98 tes ⁊ les loyers. ui

176 1482 1617 125 Nul ne peult pardõner les pechez que le seul Peche

270 1579 1325 101 dieu. 136

178 1648 1615 123 Nostre nature est subiecte a peche. 141 Peche

176 1735 1625 121 La cõtimuelle memoire des pechez est utile. 232 Peche

184 1820 1631 115 Le xemple de la guerison de peche. 233 Peche

184 1900 1611 124 Comment le frere absoult lautre frere de son Peche

255 1998 1325 98 peche. 233

194 2058 1603 133 Cõmẽt sont ostez les pechez inueterez. 252 Peche

196 2155 1651 117 La peruerse opmnion des pelagiẽs. 36.63 Pelagiẽ

181 2229 1696 131 Lerreur des pelagiens. 92 Pelagiẽ

186 2325 1669 115 Apres ceste uie nya aucun lieu de penitence ne Peniten

279 2407 1390 110 de satisfaction. i65 ce

190 2479 1655 130 La diffinition de penitence. 231 Penitẽ.

196 2565 1655 128 Que cest de uraye penitence. 231 Penitẽ.

203 2650 1632 129 Noꝰ ne uenõs poĩt a penitẽce ꝑ nr̃e labeͬ. 256 Penitẽ.

197 2739 1642 121 La grace de dieu faict penitẽce en nous. 256 Penitẽ.

193 2832 1643 116 La hõne pensee nest pas de nous. 92 Pensee

197 2903 1580 141 Les peres ⁊ meres doibuent scauoir la loy de Pere

1102 2989 493 131 Z3 .iii. dieu/
