2267 3563
769 305 1304 122 dieu/ ⁊ lapprendre a leurs enfans. 167

410 394 1678 125 Perle Quelle est la precieuse perle. 146

413 482 1650 121 Persecu Dieu excite persecution contre son nom pour

410 570 1660 109 tion esprouuer les siens. 362

411 647 1650 123 Persecu On ne doibt ꝑsecuter ceulx quon estime estre

401 724 1666 140 tion en erreur/ mais les ouyr ⁊ conuaincre par

760 819 1316 89 lescripture. 360

397 900 1683 115 Persecu On ne sen fuyt pas pour les bons/ mais pour

398 982 1675 119 tion les mauuais. 355

415 1057 1646 121 Persec. Quel grand mal est persecution. 355

413 1146 1642 116 Persecu Les domesticques de lhõme seront ses enne¬

415 1233 1652 113 tion mys/ pour la cause de leuangile. 351

405 1308 1673 129 Persecu Notez la maniere de persecution du tẽps des

412 1404 1673 95 tion Arrians. 354

419 1476 1651 119 Persec. La ioye des parẽs en la ꝑsecutiõ des enfãs. 354

423 1567 1630 105 Persec. En quoy gist la persecution de lhõme. 357

412 1641 1644 122 Perseue. La perseuerance en bien est de dieu. 5

419 1728 1642 118 Perfe¬ Nostre perfectiõ est la cõgnoissance de nostre

415 1817 1667 104 ction. imperfection. 154

413 1890 1667 125 Perfe¬ Dieu na pas encore dõne ꝑfection a ses saĩctz

412 1980 1664 107 ction. iusques au dernier iour. 155

421 2060 1642 121 Philoso Cõtre les philosophes ⁊ ceulx qui nont que

418 2158 1652 92 phe eloquence. 200

423 2220 1644 121 Philoso Les philosophes sont les patriarches des he¬

436 2315 1640 110 phe reticques. 154

431 2389 1653 122 Philos. Que ne soiõs deceuz ꝑ uaine philosophie. 183

424 2476 1679 104 Pierre Pierre est enuoye a Cornille. 235

423 2557 1673 121 Pierre Cestuy a la puissance de Pierre/ qui a les oeu

787 2651 1319 101 ures de pierre. 238

417 2725 1677 123 Pierre En ung mesme lieu Pierre est pecheur/ et

790 2820 1310 92 iuste. 162

429 2886 1661 138 Pierre Poͬquoy .s. Pierre fust reprins de .s. Paul. 71

1740 2975 334 124 Les choses
