2267 3563
203 316 1606 121 Les choses qui plaisent a dieu nous doibuent Plaisir

279 406 1316 107 plaire. 10s

188 477 1633 124 Les põpes son/ bne grãde seruitude. 252 Pompe

190 570 1649 112 Il fault auo/ deuant toutes choses le soing Poures

279 656 1304 89 des pounres. 356

196 724 1653 127 Nous youuons de peu de chose nourrir les Pouure

276 822 1298 101 poyures. 308

199 878 1666 134 Layouurete est louee es uefues. 308 Pouure

194 979 1647 121 Nous pouuons toutes choses/ mais cest au Pouoir

261 1071 1310 107 seigneur. 237

192 1142 1637 116 Nous ne pouuons riẽs sans laide de dieu. 89 Pouoir

196 1229 1635 119 Les laidz sont inuitez des euesques pour pre¬ prescher

267 1312 1316 116 scher la parolle be dieu. 313

196 1391 1641 123 Celuy qui presche autre chose/ que ce que dieu prescheͬ

288 1484 1316 104 a ordonne est digne de mort. 167

192 1557 1651 123 Contre ceulx qui preschent leurs songes/ mẽ prescheͬ

282 1647 1340 98 teries ⁊ miracles. 168

196 1713 1666 118 La p̃dicatiõ des faulx prophetes. 71 p̃dicatiõ

217 1811 1644 114 Il fault que le prestre aye bõne renõmee des Prebstre

300 1894 1313 113 choses qui sont par dehors. 29i

205 1975 1660 123 Poͬquoysõt ẽuoyez les le preux aux pbr̃es.235 Prebstre

205 2066 1669 113 Seigneurs iugent pour dons/ prebstres ensei¬ Prebstre

298 2153 1311 107 gnent pour loyer/ pre(cheues ꝯoͬ aergẽt. 1068

205 2224 1681 115 Lambition ⁊ la uolupte des prebstres. 181 Prebstre

213 2307 1694 109 Lauarice daucuns prebstres. 202 Prebstre

219 2395 1667 124 Les prestres cachent leuãgile pource quil abo Prebstre

291 2476 1343 113 list tous sacrifices externes. 20r

215 2561 1661 113 Les prestres doibuent scauoir respõdre a tou¬ Prebstre

311 2651 1343 110 te question selon lescripture. 290

223 2737 1659 105 Plusieurs sont prebstres de nom/ ⁊ peu par Prebstre

306 2817 1331 98 oeuures. 317

221 2891 1669 129 Tout p̃bstre nest pas sainct/ mais tout sainct Prebstre

1007 2986 582 127 Sz .iiii. est prebstre.
