2267 3563
793 282 1313 148 est prebstre. 37

439 380 1664 130 Prebstre La uie quotidi ane des piebstres. 300

443 482 1653 103 Prebstre Contre les prebstres qui sont marchãs. 307

433 564 1655 112 Prebstre Leo prebstres doibuent estre esleuz des meil¬

437 728 1659 115 Prebste Les prebstres ne doibuent pas faire raire leur

766 650 1337 110 leurs des gens laidz. 303

799 813 1304 95 chef. 302.

431 876 1661 119 Prebstre Tous fideles sõt oingz en prebstres ⁊ roys.310

421 977 1665 103 Prebstre Toute superfluite soit ostee des prebstres. 297

417 1062 1661 113 Prebstre Tous les membres de Christ sõt prebfires. 312

421 1137 1670 113 Urebstre Le uray office du prebstre. 291

417 1227 1667 109 Prebstre Quelz doibuent estre esleuz poͬ prebstres. 295

419 1316 1675 109 Prebstre Que le prebstre soit esleu par le consentemẽt

784 1392 1322 116 du peuple. 293

415 1474 1663 115 Prebstre Prebstrise ne aucune principaulte ne doibt

787 1546 1289 134 estre referee a la consanguinite. 294

415 1630 1679 127 Prebstre Euesque ⁊ prebstre cest tout ung. 295

421 1724 1663 110 Prebstre La uie des prebstres soit plus saincte que la

784 1805 1307 119 uie des laidz. 298

409 1882 1677 115 Predesti La matiere de predestination nous cõtrainct

401 1971 1681 113 nation a humilite. 28

409 2056 1658 111 predesti. Cõment different predest̃matton ⁊ grace. 25

407 2131 1666 122 predesti. Predesuinotion/ ⁊ mropos 25

415 2209 1655 130 predesti. Predestination faict la necessite. 27

409 2308 1663 112 Predesti Les mauuais sont predestinez non pas a la

401 2387 1684 116 nez coulpe/ mais a la peine. 43

411 2472 1671 109 predesti. Quelle chose dieu eslit aux predestinez. 128

411 2559 1661 109 predesti. Ceulx qui ne perseuerent pas iusques a la fin

766 2642 1304 110 ne sont pas predestinez. 27

405 2721 1667 109 predesti. Ceulx qͥ sont p̃destinez sõt nettoyez de dieu.26

403 2810 1664 113 Predesti Tous ceulx qui sont sauuez sont predestinez

398 2894 1678 143 nez eternellement. 38

1754 2983 313 108 Lauarice
