2267 3563
186 269 1615 148 N auarice des p̃latz ⁊ la rapine dũg chascũ. 180 Prelatz

184 356 1634 145 Le pe/it nombre des bons prelatz. 181 Prelatz

180 437 1629 148 Les dãgiers de nostre temps sont a cause des Prelatz

237 532 1327 129 prelatz/ qui / oubz couleur de deuotion de¬

249 614 1310 134 ceoiuent le peuple. 151

178 671 1673 154 Contre les recteurs de leglise. 191 Prelatz

184 768 1647 144 Que ls prelatz ne se uengent de leurs iniu¬ Prelatz

249 866 1310 131 res/ sinon par larmes. 196

176 932 1645 152 Lepeuple se doibt separer du p̃lat crimĩel. 293 Prelatz

168 1021 1649 154 Pour les pechez du peuple ung mauuais pre Prelatz

237 1107 1328 145 lat est donne a leglise. 299

168 1185 1615 151 La prelature ne doibt estre resinee aux affins Prela¬

231 1273 1483 137 ny a autres selon nostre affection. 301 ture.

172 1349 1637 151 Que cest que la prelature des prestres. 309 p̃lature

168 1433 1645 152 Lordõnance est establissement du puince. 301 Prince

168 1520 1637 146 Ce luy doibt estre esleu sur le peuple qͥ a lespe Prince

243 1621 1340 118 rit de dieu ⁊ lintelligẽce des escriptures. 3or

166 1682 1604 150 Le chrestien peult prier pour les criminelz. 77 Prier

170 1769 1592 137 Contre ceulx qͥ prient de bouche/ ⁊ leur cueur Prier

261 1864 1349 131 est loing de dieu. 160

186 1945 1552 137 On doibt prier/ ⁊ prescher en tout heu, 259 Prier

166 2027 1592 146 La Cananee prte seule/ em Christ. 262 Prier

169 2105 1696 142 Tout homme est nostre prochai. 128 Urochaĩ

166 2176 1682 157 Le nom du prochain estrelatif. 24s prochaĩ

166 2265 1676 154 Proces illicites sont deffendus. 80 Proces

178 2347 1641 151 Nous sõmes sauuez par lapmesse de dieu. u ꝓmesse

170 2432 1647 153 Nous tenons les promesses/ ⁊ non point les ꝓmesse

252 2523 1376 137 figures. 138

184 2599 1641 154 Les interpretateurs des escriptures sõt appel Prophe

273 2690 1411 136 lez prophetes. 299 te

170 2765 1657 154 Qui sõt les ꝓphetes au nouueau testamẽt. 311 Prophe.

176 2858 1613 152 Quelle est la propitiation des pechez. 291 ꝓpitia.

1201 2947 351 105 La differẽce
