2267 3563
487 285 1635 132 Pseaul La difference entre hymnes/ pseaulmes/ et

472 371 1646 130 me canticques. 262

485 459 1635 136 Puissã¬ Il nya point de puissance/ que celle qui regist

472 543 1637 136 ce le peuple selon lordonnance de dieu. 76.79

1358 635 134 97 Q.

475 685 1652 161 Questiõ Quil fault euiter questiõs. 193.224

473 795 1649 129 Questiõ Les questions des parolles demandent uaine

843 878 1278 122 gloire. 225

1330 973 111 97 R.

459 1035 1649 136 Receu Nous nauõs riẽs que nous nayõs receu. 99

461 1124 1641 121 Religiõ La religion chrestiẽne de autãt quelle est plus

742 1214 1373 125 oppressee/ tant plus est augmentee. 360

451 1282 1664 140 Religiõ La perfection de religion. 207

463 1368 1664 134 Renou. En q̃l corps nous serõs renouuellez. 23

460 1448 1661 146 Repos Nous auons repos en Christ. 157

465 1538 1659 126 reprẽdre La reprehension soit faicte par dilectiõ. 242

457 1612 1667 133 reprẽdre La maniere de reprendre. 243

466 1695 1649 145 Resurre. Nostre resurrection est en Christ. 146

463 1791 1643 127 Royau¬ Le royaulme des cieulx nous est prepare de

454 1882 1661 119 me dieu/ ⁊ non pas desseruy. 142

451 1944 1670 128 Roy Les oeuures du uray roy. 311

451 2038 1653 135 Rustici¬ La saincte rusticite proffite seulement a soy¬

454 2125 1646 122 te. mesme. 217

1344 2213 115 106 S.

453 2284 1649 130 Sabbat Nous ne sommes pas obligez de obseruer le

820 2372 1301 131 sabbat en oysiuete. 72

451 2443 1670 134 Sabbat Quãd cest q̃ nous gardõs le sabbat. 72

451 2541 1661 121 Sabbat Il nest faicte mention q̃ de sanctifier ung iour

811 2621 1310 125 de la sepmaine. 319

451 2696 1670 124 sacremẽt Le sacrement ne se uend ny achepte. 287

449 2791 1667 120 sacremẽt Le sacremẽt uisible est signe de linuisible. 289

447 2874 1659 138 sacremẽt Ceulx qui sont indignes administrent aussi

1643 2975 445 114 les sacremens.
