2267 3563
145 282 1376 154 les sacremens. 21

145 365 1652 151 Les saaremeris de lancien testament. 69 sacrem̃s

136 457 1618 132 Que ꝓffitẽt les sacremẽs de lãciẽ testamẽt. 69 Sacre.

134 544 1634 130 Le sacrement et une chose appartenante a La Sacre¬

202 626 1521 140 soy. 278 ment

138 704 1641 143 Le sacrement est le mystere de unite/ ⁊ de cha¬ Sacre¬

225 789 1480 140 rite. 279 ment

146 870 1614 149 Sacnfice est aussi appelle peche en lescrip¬ Sacri¬

216 959 1435 127 ture. 6i fice

142 1024 1664 160 Le uray honneur de ce sacrifice. 287 Sacrifi.

134 1128 1630 140 Nostre sacrifice est la memoire du sacrifice de Sacri¬

219 1208 1459 128 Christ. 288 fice.

134 1286 1636 141 Les holocaustes/ ⁊ sacrifices de lhomme chre Sacri¬

225 1371 1468 137 stien. 3u fice.

140 1450 1679 149 Quand nous serons deuant le iugement de Sainctz

221 1549 1323 123 Christ nulz ne pourrõs priec paur noꝰ .266

150 1611 1673 154 Icy sont deffendus tous bãcquetz ⁊ yurõgne? Sainctz

213 1712 1343 128 ries/ que se font en lhõneur des sainctz/ car

225 1784 1346 140 cest plus tost a leur deshonneur. 252

151 1861 1664 137 Tous sainctz sont pecheurs. 12 Saince

148 1941 1670 146 Quelz sont les merites des saino/z. 32 Sainciz

144 2034 1679 143 Il ne faule poͬt hõnorer les saictz mortz. 31 Sainctz

148 2105 1706 151 Quel es lhonneur des sainctz 3 Sainctz

146 2201 1693 136 Ceulx honnorent uroyement les sainctz qui Sainctz

231 2294 1335 124 ensuyuẽt leur foy ⁊ leͬs bõnes oeuures. 322

160 2363 1687 140 Noꝰ debuõs ẽsuyure les uertꝰ des saĩctz. 324 Sainctz

152 2450 1691 145 Nulle sainctete ne nous est donnee des hom¬ Sainctz

237 2550 1367 107 mes. 325

176 2616 1655 141 Nous nous pouons bien dire sainctz par Ie¬ Sainctz

264 2710 1364 128 suchrist. 38

163 2773 1685 157 Nul nest sainct de soymesme. 38 Sainctz

172 2862 1693 163 Toute sainctete est dung seul dieu. 28 Sainctz

1354 2951 204 121 Dont
