2267 3563
491 288 1643 141 Sainctz Dont uiẽt aux sainctz ⁊ aux anges tristesse/

845 385 1295 127 quand on les ueult adorer/ ce qui appartiẽt

834 466 1293 139 a dieu. 331

479 538 1643 142 Sainctz Quelle chose noꝰ debuõs ueotr aux saĩctz. 331

475 633 1633 123 Sainctz Les iustes ⁊ les iniustes peuuẽt auoir les mes

809 722 1315 121 mes especes de sainctete exterieures. 33

469 791 1651 131 Sainct. Le lieu sainct/ est la sacree escripture. 347

459 876 1667 137 Sagesse Que lon ne se glorifie en sagesse/ force/ ou ri¬

845 969 1281 125 chesse/ mais en la cõgnoissãce de dieu. 245

451 1027 1667 157 Salut. Dieu est le cõmencemẽt de nr̃e salut. 12

459 1124 1635 140 Salua¬ Creation/ sanation/ ⁊ saluation sont de dieu.

445 1208 1658 137 tion. fueillet. ni

451 1290 1663 137 Sauuez Il est ipossible destre sauue/ sinõ ꝑ christ. 101

459 1379 1661 131 Sauuez Dieu p̃uiẽt ceulx qͥ doibuẽt estre sauuez. 44

463 1462 1661 131 Sauuez Nul nest sauue par retribution/ mais pour

820 1552 1307 125 neant. uz

465 1623 1659 140 Sauuez Nous sõmes sauuez par grace/ ⁊ cela ne uiẽt

831 1710 1290 127 point de nous ne de noz oeuures. 125

463 1789 1635 142 Sang. Le sang de la laigneau estoit la figure du sãg

828 1873 1287 134 de Christ. 195

449 1955 1669 139 Satissa De la satisfaction ⁊ du merite que ne uient de

454 2036 1661 140 ction. quelque serrnice. 142

457 2114 1646 151 Satan Que cegestre biure a satan. 246

454 2200 1652 139 Scribes Qui sont les scribes ⁊ pharisiens. 177

451 2292 1651 136 Sepul? Trop grand despẽs en la sepulture des moitz

448 2369 1673 142 ture sont reprouuez. 333

455 2458 1663 133 Sepul. Lãbitiõ ⁊ la põpe d la sepulture soit ostee.334

451 2547 1669 119 Sepul¬ Les chrestiens ne doibuent guiere estimer la

451 2627 1667 137 ture sepulture. 335

443 2711 1667 131 Sepul¬ La sepulture est desniee aux chrestiẽs par les

439 2799 1679 134 ture hereticques. 355

448 2877 1676 154 seruiteͬ Nous sommes seruiteurs inutiles. 161

1803 3002 287 101 Dieu na
