<?xml version="1.0" encoding="UTF-8"?>
<alto xmlns:xsi="http://www.w3.org/2001/XMLSchema-instance"
      xmlns="http://www.loc.gov/standards/alto/ns-v4#"
      xsi:schemaLocation="http://www.loc.gov/standards/alto/ns-v4# http://www.loc.gov/standards/alto/v4/alto-4-2.xsd">
  <Description>
    <MeasurementUnit>pixel</MeasurementUnit>
    <sourceImageInformation>
      <fileName>364_4a6c3_default.jpg</fileName>
      <fileIdentifier>https://www.e-rara.ch/i3f/v20/4106522/full/full/0/default.jpg</fileIdentifier>
    </sourceImageInformation>
  </Description>
  <Tags>
    <OtherTag ID="BT8" LABEL="DamageZone" DESCRIPTION="block type DamageZone"/><OtherTag ID="BT10" LABEL="DropCapitalZone" DESCRIPTION="block type DropCapitalZone"/><OtherTag ID="BT11" LABEL="GraphicZone" DESCRIPTION="block type GraphicZone"/><OtherTag ID="BT12" LABEL="MainZone" DESCRIPTION="block type MainZone"/><OtherTag ID="BT13" LABEL="MarginTextZone" DESCRIPTION="block type MarginTextZone"/><OtherTag ID="BT15" LABEL="NumberingZone" DESCRIPTION="block type NumberingZone"/><OtherTag ID="BT17" LABEL="QuireMarksZone" DESCRIPTION="block type QuireMarksZone"/><OtherTag ID="BT18" LABEL="RunningTitleZone" DESCRIPTION="block type RunningTitleZone"/><OtherTag ID="BT20" LABEL="StampZone" DESCRIPTION="block type StampZone"/><OtherTag ID="BT21" LABEL="TableZone" DESCRIPTION="block type TableZone"/><OtherTag ID="BT22" LABEL="TitlePageZone" DESCRIPTION="block type TitlePageZone"/>
    <OtherTag ID="LT8" LABEL="DefaultLine" DESCRIPTION="line type DefaultLine"/><OtherTag ID="LT9" LABEL="DropCapitalLine" DESCRIPTION="line type DropCapitalLine"/><OtherTag ID="LT10" LABEL="HeadingLine" DESCRIPTION="line type HeadingLine"/><OtherTag ID="LT11" LABEL="InterlinearLine" DESCRIPTION="line type InterlinearLine"/><OtherTag ID="LT311" LABEL="default" DESCRIPTION="line type default"/>
  </Tags>
  <Layout>
    <Page WIDTH="2267"
          HEIGHT="3563"
          PHYSICAL_IMG_NR="364"
          ID="eSc_dummypage_">
      <PrintSpace HPOS="0"
                  VPOS="0"
                  WIDTH="2267"
                  HEIGHT="3563">
        <TextBlock HPOS="109"
                   VPOS="287"
                   WIDTH="1734"
                   HEIGHT="2720"
                   ID="eSc_textblock_85a95981"
                   TAGREFS="BT12">
          <Shape><Polygon POINTS="109 303 109 3007 1843 2994 1843 1661 1770 287"/></Shape>
          <TextLine ID="eSc_line_146b33f6"
                    TAGREFS="LT8"
                    BASELINE="144 393 1732 376" 
                    HPOS="142"
                    VPOS="312"
                    WIDTH="1590"
                    HEIGHT="109">
            <Shape><Polygon POINTS="1726 322 1706 322 1686 322 1667 322 1647 322 1627 322 1607 322 1587 322 1568 322 1548 320 1528 320 1514 320 1510 324 1314 324 1306 320 1302 318 1290 318 1271 318 1251 318 1231 318 1211 318 1191 318 1178 318 1174 320 1158 326 1138 320 1126 316 1112 316 1092 316 1073 316 1055 316 1035 320 985 328 968 320 964 318 962 318 960 318 958 318 952 320 926 326 918 318 912 314 894 314 875 314 855 314 835 314 815 314 795 314 776 314 756 314 736 312 716 312 700 312 692 318 669 332 584 318 542 312 540 312 485 318 364 332 334 318 330 316 328 316 326 316 142 316 144 393 144 421 277 409 334 419 344 419 346 419 348 419 352 417 372 407 415 417 431 419 433 419 453 415 496 407 508 415 512 417 514 417 516 417 518 417 540 413 582 407 611 413 629 415 631 415 633 415 649 411 685 403 762 409 835 415 837 415 839 415 855 407 867 401 892 407 922 413 924 413 976 405 1003 401 1041 403 1138 411 1140 411 1221 399 1245 397 1259 399 1306 409 1308 409 1368 397 1379 395 1391 397 1465 407 1467 407 1469 407 1502 397 1526 407 1528 407 1530 407 1599 397 1696 405 1698 405 1700 405 1732 389 1732 376 1728 322 1726 322"/></Shape>
	    <String CONTENT="Dieu na que faire du seruice cõtrainct. 195 seruice"
                    HPOS="142"
                    VPOS="312"
                    WIDTH="1590"
                    HEIGHT="109"
                    WC="0.9890579489561228"></String>
          </TextLine>
          <TextLine ID="eSc_line_52df3cb3"
                    TAGREFS="LT8"
                    BASELINE="146 477 1758 469" 
                    HPOS="142"
                    VPOS="385"
                    WIDTH="1613"
                    HEIGHT="116">
            <Shape><Polygon POINTS="145 475 145 501 900 483 1090 495 1218 481 1750 492 1755 466 1747 391 1580 403 1559 385 1547 385 1506 406 1446 385 1435 385 1390 415 941 418 876 388 772 388 748 406 727 391 727 388 719 388 516 406 487 391 469 394 445 406 392 391 142 394 145 475"/></Shape>
	    <String CONTENT="De la simonie de leglise. 18i simonie"
                    HPOS="142"
                    VPOS="385"
                    WIDTH="1613"
                    HEIGHT="116"
                    WC="0.9906795169856097"></String>
          </TextLine>
          <TextLine ID="eSc_line_1847ac5a"
                    TAGREFS="LT8"
                    BASELINE="140 562 710 548 1748 542" 
                    HPOS="138"
                    VPOS="469"
                    WIDTH="1610"
                    HEIGHT="116">
            <Shape><Polygon POINTS="140 562 140 583 196 574 267 583 285 585 287 585 289 585 291 585 293 583 312 572 344 581 348 583 350 583 352 583 354 583 360 581 403 570 508 579 544 581 546 581 548 581 550 581 554 577 568 568 641 576 689 581 690 581 692 581 694 581 704 576 716 568 740 574 746 576 748 576 750 576 752 576 760 574 791 566 823 574 857 579 859 579 922 572 976 564 1027 570 1116 577 1118 577 1120 577 1154 566 1168 562 1191 566 1255 576 1257 576 1320 564 1340 560 1356 562 1421 574 1423 574 1425 574 1477 562 1688 572 1690 572 1692 572 1748 554 1748 542 1742 486 1686 486 1682 486 1665 475 1663 475 1661 475 1659 475 1657 475 1631 484 1591 469 1589 469 1587 469 1585 469 1554 486 1550 488 1490 488 1480 486 1445 473 1443 473 1441 473 1439 473 1411 486 1405 490 1348 490 1336 486 1279 469 1277 469 1275 469 1273 469 1239 486 1229 490 1205 486 1124 471 926 471 924 471 922 471 865 486 841 492 762 486 724 484 722 484 720 484 714 486 690 496 568 486 550 486 548 486 542 486 494 498 473 486 459 481 457 481 455 481 415 486 354 498 324 486 302 479 300 479 298 479 138 486 140 562"/></Shape>
	    <String CONTENT="Les superieurs qu/ ont plus de soing des cho Supe¬"
                    HPOS="138"
                    VPOS="469"
                    WIDTH="1610"
                    HEIGHT="116"
                    WC="0.9964238548278809"></String>
          </TextLine>
          <TextLine ID="eSc_line_4ab0a05e"
                    TAGREFS="LT8"
                    BASELINE="209 639 1734 623" 
                    HPOS="207"
                    VPOS="558"
                    WIDTH="1527"
                    HEIGHT="113">
            <Shape><Polygon POINTS="209 639 209 661 251 671 253 671 255 671 273 661 281 657 530 657 560 659 643 667 645 667 647 667 677 659 683 657 696 659 774 667 776 667 778 667 801 657 811 653 817 657 827 665 829 665 831 665 833 667 970 667 970 665 972 665 989 655 997 651 1017 655 1051 663 1053 663 1116 655 1160 649 1191 655 1221 659 1223 659 1296 653 1378 647 1395 653 1413 659 1415 659 1417 659 1419 659 1443 653 1465 647 1730 649 1734 623 1730 570 1583 560 1581 560 1379 570 1362 570 1358 570 1318 560 1316 560 1314 560 1245 570 1231 572 1227 570 1213 558 1211 558 1209 558 1162 558 1160 558 1065 560 1063 560 1061 560 1045 570 1041 574 1029 570 993 560 991 560 989 560 987 560 954 572 936 576 873 572 780 564 778 564 744 572 714 579 635 579 625 572 617 564 615 564 613 564 611 564 609 564 607 564 597 572 593 574 546 572 457 568 455 568 453 568 451 568 445 572 435 579 411 572 395 568 394 568 392 568 207 572 209 639"/></Shape>
	    <String CONTENT="ses terrestres que du peuple sont ennemys rieurs"
                    HPOS="207"
                    VPOS="558"
                    WIDTH="1527"
                    HEIGHT="113"
                    WC="0.9898543978730837"></String>
          </TextLine>
          <TextLine ID="eSc_line_1cad6c90"
                    TAGREFS="LT8"
                    BASELINE="209 720 1526 716" 
                    HPOS="205"
                    VPOS="647"
                    WIDTH="1319"
                    HEIGHT="101">
            <Shape><Polygon POINTS="207 718 207 748 612 730 864 730 900 745 912 745 932 730 986 745 998 745 998 742 1013 730 1236 745 1301 730 1372 745 1521 733 1524 715 1521 676 1452 647 1443 647 1351 679 989 679 968 662 956 662 906 679 626 679 543 647 344 647 323 662 205 650 207 718"/></Shape>
	    <String CONTENT="de Christ 181"
                    HPOS="205"
                    VPOS="647"
                    WIDTH="1319"
                    HEIGHT="101"
                    WC="0.9689818528982309"></String>
          </TextLine>
          <TextLine ID="eSc_line_48861581"
                    TAGREFS="LT10"
                    BASELINE="735 800 869 804" 
                    HPOS="730"
                    VPOS="718"
                    WIDTH="137"
                    HEIGHT="101">
            <Shape><Polygon POINTS="730 813 861 819 867 801 867 721 733 718 733 798"/></Shape>
	    <String CONTENT="T."
                    HPOS="730"
                    VPOS="718"
                    WIDTH="137"
                    HEIGHT="101"
                    WC="0.9999999403953552"></String>
          </TextLine>
          <TextLine ID="eSc_line_2139e50e"
                    TAGREFS="LT8"
                    BASELINE="146 890 1716 874" 
                    HPOS="144"
                    VPOS="797"
                    WIDTH="1572"
                    HEIGHT="121">
            <Shape><Polygon POINTS="146 890 146 918 243 908 291 918 296 918 298 918 300 918 304 918 340 906 354 916 356 916 358 916 360 916 362 916 392 906 487 916 500 916 502 916 504 916 508 916 544 904 580 914 582 914 584 914 591 914 778 902 1142 908 1150 908 1152 908 1154 908 1156 908 1168 898 1251 908 1261 908 1263 908 1269 908 1324 896 1411 906 1419 906 1421 906 1429 906 1518 894 1540 904 1542 904 1544 904 1716 902 1716 874 1712 811 1526 797 1524 797 1522 797 1520 797 1500 811 1496 813 1471 811 1389 803 1387 803 1269 811 1217 815 1193 813 1126 801 1124 801 1039 813 1031 813 1021 813 950 803 948 803 946 803 944 803 930 813 920 819 887 813 841 805 839 805 797 813 788 815 760 813 663 807 661 807 659 807 657 807 647 815 637 821 605 815 568 807 566 807 512 815 481 819 449 815 407 809 405 809 403 809 401 809 395 815 384 825 336 827 263 827 241 815 229 811 227 811 225 811 144 815 146 890"/></Shape>
	    <String CONTENT="On ne se doibt point taire pour la crainte des Taire"
                    HPOS="144"
                    VPOS="797"
                    WIDTH="1572"
                    HEIGHT="121"
                    WC="0.9920844194980768"></String>
          </TextLine>
          <TextLine ID="eSc_line_30d95e7c"
                    TAGREFS="LT8"
                    BASELINE="227 967 1536 963" 
                    HPOS="222"
                    VPOS="893"
                    WIDTH="1311"
                    HEIGHT="101">
            <Shape><Polygon POINTS="225 964 225 982 1146 973 1194 988 1206 991 1209 991 1212 994 1390 994 1390 991 1393 991 1396 991 1399 988 1420 976 1527 988 1533 962 1530 914 1503 893 1500 893 1497 893 1230 893 1227 893 1224 893 1149 917 1137 923 591 923 576 917 519 896 516 896 514 896 222 914 225 964"/></Shape>
	    <String CONTENT="mauuais. fueil.243"
                    HPOS="222"
                    VPOS="893"
                    WIDTH="1311"
                    HEIGHT="101"
                    WC="0.9794247448444366"></String>
          </TextLine>
          <TextLine ID="eSc_line_ff17c407"
                    TAGREFS="LT8"
                    BASELINE="142 1057 1768 1039" 
                    HPOS="140"
                    VPOS="965"
                    WIDTH="1628"
                    HEIGHT="117">
            <Shape><Polygon POINTS="142 1057 142 1082 322 1068 465 1078 500 1080 502 1080 536 1078 645 1066 774 1074 825 1076 827 1076 829 1076 837 1072 865 1062 894 1072 902 1074 904 1074 906 1076 1015 1076 1015 1074 1017 1074 1025 1070 1045 1060 1069 1070 1077 1072 1079 1072 1081 1072 1083 1072 1092 1068 1118 1060 1132 1068 1136 1072 1138 1072 1140 1072 1142 1072 1170 1068 1227 1059 1401 1059 1415 1064 1423 1068 1425 1068 1427 1068 1766 1059 1768 1039 1764 977 1706 973 1704 973 1702 973 1690 977 1651 987 1617 977 1585 965 1583 965 1581 965 1579 965 1548 977 1504 993 1180 995 1114 977 1090 969 1088 969 900 967 898 967 896 967 869 977 845 983 821 977 797 969 795 969 793 969 791 969 770 977 716 995 679 977 669 971 667 971 615 971 613 971 611 971 599 977 586 981 570 977 560 973 558 973 556 973 554 973 548 977 502 1001 447 1001 405 979 403 979 401 979 310 989 281 977 277 975 275 975 273 975 140 975 142 1057"/></Shape>
	    <String CONTENT="Noz temps sont les plus perilleux. 339 Temps"
                    HPOS="140"
                    VPOS="965"
                    WIDTH="1628"
                    HEIGHT="117"
                    WC="0.9977618482979861"></String>
          </TextLine>
          <TextLine ID="eSc_line_a7e8a352"
                    TAGREFS="LT8"
                    BASELINE="132 1138 1766 1124" 
                    HPOS="130"
                    VPOS="1053"
                    WIDTH="1636"
                    HEIGHT="112">
            <Shape><Polygon POINTS="132 1138 132 1165 364 1152 477 1161 514 1163 516 1163 540 1159 595 1150 627 1159 637 1161 639 1161 641 1161 706 1157 791 1152 837 1155 890 1159 892 1159 894 1159 906 1154 920 1148 984 1154 1063 1159 1065 1159 1067 1159 1092 1152 1110 1146 1160 1150 1219 1155 1221 1155 1273 1148 1306 1144 1320 1148 1344 1155 1346 1155 1348 1155 1461 1146 1486 1144 1492 1146 1520 1155 1522 1155 1524 1155 1603 1146 1712 1154 1714 1154 1716 1154 1766 1140 1766 1124 1762 1066 1536 1053 1534 1053 1532 1053 1504 1066 1498 1070 1423 1070 1417 1066 1395 1057 1393 1057 1391 1057 1312 1066 1279 1070 1269 1066 1245 1057 1243 1057 1241 1057 1176 1066 1150 1070 1126 1066 1065 1057 1063 1057 1061 1057 1023 1066 1001 1072 902 1068 833 1064 831 1064 829 1064 827 1064 823 1068 815 1074 805 1068 795 1060 793 1060 791 1060 789 1060 788 1060 758 1068 740 1072 720 1068 690 1060 689 1060 687 1060 586 1068 506 1074 483 1068 461 1062 459 1062 457 1062 455 1062 433 1068 407 1076 384 1068 366 1062 364 1062 362 1062 360 1062 334 1068 312 1074 295 1068 281 1064 279 1064 277 1064 130 1068 132 1138"/></Shape>
	    <String CONTENT="Le seul cõseil du seigñr pour les derniers tẽps Temps"
                    HPOS="130"
                    VPOS="1053"
                    WIDTH="1636"
                    HEIGHT="112"
                    WC="0.9913137054869107"></String>
          </TextLine>
          <TextLine ID="eSc_line_a2c975d9"
                    TAGREFS="LT8"
                    BASELINE="199 1217 1514 1209" 
                    HPOS="197"
                    VPOS="1142"
                    WIDTH="1317"
                    HEIGHT="107">
            <Shape><Polygon POINTS="199 1217 199 1231 247 1247 249 1247 251 1249 334 1249 334 1247 336 1247 338 1247 350 1237 498 1247 500 1247 502 1247 558 1231 576 1245 578 1245 580 1245 582 1247 690 1247 690 1245 692 1245 726 1231 847 1245 849 1245 926 1243 928 1243 970 1229 974 1227 978 1229 1015 1243 1017 1243 1019 1243 1084 1227 1092 1225 1193 1225 1197 1227 1207 1235 1209 1235 1211 1235 1213 1235 1215 1235 1217 1235 1217 1233 1225 1227 1227 1225 1366 1225 1378 1227 1445 1239 1447 1239 1512 1225 1514 1209 1508 1152 1221 1163 1207 1155 1195 1148 1193 1148 1191 1148 1189 1148 1187 1148 1166 1155 1144 1165 1126 1157 1118 1154 1116 1154 1114 1154 1083 1157 1081 1157 1079 1157 1063 1144 1061 1144 1059 1144 1057 1144 1055 1144 1035 1154 1007 1142 1005 1142 871 1142 869 1142 867 1142 865 1142 847 1154 833 1144 831 1144 829 1144 827 1144 825 1144 823 1144 791 1163 784 1167 770 1163 744 1154 742 1154 740 1154 683 1161 641 1144 639 1144 637 1144 556 1159 530 1144 528 1144 526 1144 524 1144 522 1144 443 1165 401 1152 399 1152 259 1146 257 1146 255 1146 253 1146 225 1171 197 1171 199 1217"/></Shape>
	    <String CONTENT="est dauoir refuge aux escriptures. 344"
                    HPOS="197"
                    VPOS="1142"
                    WIDTH="1317"
                    HEIGHT="107"
                    WC="0.9874540128205952"></String>
          </TextLine>
          <TextLine ID="eSc_line_bbe28a5f"
                    TAGREFS="LT8"
                    BASELINE="130 1302 1775 1286" 
                    HPOS="128"
                    VPOS="1219"
                    WIDTH="1647"
                    HEIGHT="113">
            <Shape><Polygon POINTS="130 1302 130 1332 231 1320 281 1332 289 1332 291 1332 298 1330 354 1318 487 1328 512 1330 514 1330 516 1330 520 1328 546 1316 689 1326 724 1328 726 1328 728 1328 736 1326 768 1314 892 1324 908 1324 910 1324 922 1324 1005 1312 1081 1322 1092 1322 1094 1322 1102 1322 1160 1310 1243 1320 1271 1322 1273 1322 1306 1318 1381 1310 1393 1318 1395 1320 1397 1320 1399 1320 1401 1320 1427 1318 1492 1308 1526 1316 1542 1320 1544 1320 1546 1320 1774 1312 1775 1286 1770 1227 1637 1233 1627 1227 1617 1219 1615 1219 1613 1219 1566 1219 1564 1219 1562 1219 1538 1227 1512 1237 1271 1237 1223 1229 1205 1225 1203 1225 1201 1225 1191 1229 1166 1237 1106 1229 1079 1225 1077 1225 1049 1229 978 1239 887 1229 859 1227 857 1227 835 1229 738 1243 487 1231 473 1231 471 1231 469 1231 431 1243 413 1231 411 1231 409 1231 336 1231 334 1231 328 1231 265 1247 128 1233 130 1302"/></Shape>
	    <String CONTENT="Les fideles se muceront au dernier temps. 345 Temps"
                    HPOS="128"
                    VPOS="1219"
                    WIDTH="1647"
                    HEIGHT="113"
                    WC="0.9918608992707496"></String>
          </TextLine>
          <TextLine ID="eSc_line_7d97bac5"
                    TAGREFS="LT8"
                    BASELINE="130 1387 1777 1371" 
                    HPOS="128"
                    VPOS="1304"
                    WIDTH="1649"
                    HEIGHT="111">
            <Shape><Polygon POINTS="130 1387 132 1415 172 1405 372 1411 445 1413 447 1413 449 1413 451 1413 455 1409 465 1403 494 1409 518 1413 520 1413 560 1407 623 1399 645 1407 659 1411 661 1411 663 1411 766 1405 817 1401 829 1403 859 1409 861 1409 863 1409 879 1403 890 1397 912 1401 950 1409 952 1409 954 1409 972 1401 982 1395 1043 1399 1156 1407 1158 1407 1207 1395 1225 1391 1364 1391 1425 1393 1730 1401 1732 1401 1734 1401 1777 1385 1777 1371 1770 1314 1746 1322 1726 1314 1708 1306 1706 1306 1704 1306 1623 1314 1621 1314 1619 1314 1526 1304 1524 1304 1522 1304 1477 1316 1443 1326 1205 1326 1160 1318 1096 1308 1094 1308 1092 1308 1069 1320 1059 1324 1047 1320 1035 1316 1033 1316 1031 1316 1029 1316 1021 1320 1007 1328 991 1320 984 1316 982 1316 980 1316 978 1316 976 1316 972 1320 960 1328 924 1320 871 1310 748 1310 746 1310 744 1310 720 1322 702 1332 651 1322 609 1316 607 1316 605 1316 576 1324 550 1330 538 1324 524 1316 522 1316 520 1316 473 1324 449 1328 423 1324 360 1316 358 1316 356 1316 328 1326 316 1330 304 1326 283 1316 281 1316 279 1316 277 1316 243 1326 235 1328 225 1326 174 1316 172 1316 170 1316 128 1326 130 1387"/></Shape>
	    <String CONTENT="Le signe trescertain du dernier temps. 351 Temps"
                    HPOS="128"
                    VPOS="1304"
                    WIDTH="1649"
                    HEIGHT="111"
                    WC="0.9911598997811476"></String>
          </TextLine>
          <TextLine ID="eSc_line_dad9d7cf"
                    TAGREFS="LT8"
                    BASELINE="134 1468 1756 1454" 
                    HPOS="132"
                    VPOS="1385"
                    WIDTH="1624"
                    HEIGHT="101">
            <Shape><Polygon POINTS="134 1468 134 1486 1754 1478 1756 1454 1752 1401 1538 1385 1536 1385 1534 1385 1532 1385 1508 1401 1300 1387 1298 1387 1296 1387 1269 1399 1092 1389 1090 1389 908 1405 888 1391 887 1391 885 1391 833 1391 831 1391 722 1407 720 1407 718 1407 671 1393 669 1393 667 1393 665 1393 633 1407 609 1397 607 1397 605 1397 603 1397 580 1409 578 1411 431 1411 429 1409 409 1399 407 1399 405 1399 403 1399 364 1409 358 1411 336 1411 150 1397 148 1397 146 1397 144 1397 132 1405 134 1468"/></Shape>
	    <String CONTENT="Poͬquoy a dieu permis que lhõme fust tẽte. 8 Tente"
                    HPOS="132"
                    VPOS="1385"
                    WIDTH="1624"
                    HEIGHT="101"
                    WC="0.9923103153705597"></String>
          </TextLine>
          <TextLine ID="eSc_line_1d03958d"
                    TAGREFS="LT8"
                    BASELINE="132 1555 1779 1538" 
                    HPOS="130"
                    VPOS="1466"
                    WIDTH="1649"
                    HEIGHT="119">
            <Shape><Polygon POINTS="132 1555 132 1585 186 1577 421 1583 481 1585 483 1585 485 1585 487 1585 489 1583 504 1571 601 1581 621 1583 623 1583 625 1583 633 1581 681 1569 786 1579 811 1581 813 1581 815 1581 823 1579 845 1571 896 1577 912 1579 914 1579 916 1579 918 1579 920 1577 932 1567 970 1577 980 1579 982 1579 984 1579 999 1577 1055 1565 1116 1565 1134 1575 1138 1577 1140 1577 1142 1577 1144 1577 1160 1575 1201 1565 1286 1573 1320 1575 1322 1577 1391 1577 1391 1575 1393 1575 1401 1571 1421 1561 1777 1565 1779 1538 1775 1482 1611 1466 1609 1466 1415 1484 1409 1484 1403 1484 1247 1476 1245 1476 1148 1486 1079 1472 1077 1472 857 1484 776 1476 774 1476 772 1476 770 1476 750 1490 702 1476 700 1476 698 1476 696 1476 694 1476 677 1492 675 1492 661 1492 496 1478 494 1478 492 1478 455 1494 451 1494 433 1494 320 1486 318 1486 316 1486 298 1494 296 1496 295 1494 269 1482 267 1482 265 1482 263 1482 223 1496 221 1496 201 1482 199 1482 197 1482 150 1482 148 1482 146 1482 144 1482 130 1490 132 1555"/></Shape>
	    <String CONTENT="Poͬquoy est appelle le testamẽt ancien ⁊ nou¬ Testa¬"
                    HPOS="130"
                    VPOS="1466"
                    WIDTH="1649"
                    HEIGHT="119"
                    WC="0.9907280431603486"></String>
          </TextLine>
          <TextLine ID="eSc_line_ba190f87"
                    TAGREFS="LT8"
                    BASELINE="217 1635 1742 1623" 
                    HPOS="213"
                    VPOS="1558"
                    WIDTH="1528"
                    HEIGHT="92">
            <Shape><Polygon POINTS="216 1633 216 1650 1738 1633 1741 1621 1738 1576 1723 1561 1723 1558 1720 1558 1717 1558 1360 1558 1357 1558 1354 1558 1351 1558 1331 1576 1319 1585 1170 1573 1134 1573 1132 1573 1087 1573 802 1588 748 1573 721 1564 719 1564 716 1564 713 1564 710 1564 701 1573 671 1591 412 1591 383 1570 380 1567 377 1567 374 1567 371 1567 213 1567 216 1633"/></Shape>
	    <String CONTENT="ueau. 73 ment"
                    HPOS="213"
                    VPOS="1558"
                    WIDTH="1528"
                    HEIGHT="92"
                    WC="0.9999617888377264"></String>
          </TextLine>
          <TextLine ID="eSc_line_bd58b3a4"
                    TAGREFS="LT8"
                    BASELINE="138 1720 1819 1714" 
                    HPOS="133"
                    VPOS="1621"
                    WIDTH="1685"
                    HEIGHT="124">
            <Shape><Polygon POINTS="1738 1624 1533 1624 1446 1656 1019 1656 968 1627 965 1630 918 1630 831 1650 808 1630 680 1630 615 1638 615 1641 597 1656 499 1633 412 1633 335 1647 240 1633 222 1633 219 1627 178 1624 133 1638 136 1745 309 1731 974 1742 1066 1728 1815 1728 1818 1713 1812 1621 1738 1621 1738 1624"/></Shape>
	    <String CONTENT="Exposition des testamentz. 73 testamẽt"
                    HPOS="133"
                    VPOS="1621"
                    WIDTH="1685"
                    HEIGHT="124"
                    WC="0.9886539440888625"></String>
          </TextLine>
          <TextLine ID="eSc_line_48e13835"
                    TAGREFS="LT8"
                    BASELINE="136 1803 1817 1783" 
                    HPOS="134"
                    VPOS="1704"
                    WIDTH="1683"
                    HEIGHT="125">
            <Shape><Polygon POINTS="136 1803 136 1829 382 1817 465 1827 469 1827 471 1827 639 1825 641 1825 643 1825 675 1813 752 1823 758 1823 760 1823 762 1823 764 1823 780 1813 843 1821 845 1821 910 1811 954 1821 962 1821 964 1821 966 1821 968 1821 989 1809 1059 1819 1067 1819 1069 1819 1084 1819 1199 1809 1282 1815 1308 1817 1310 1817 1312 1817 1320 1815 1352 1805 1815 1807 1817 1783 1811 1704 1647 1706 1645 1706 1643 1706 1570 1733 1475 1733 1279 1733 1211 1716 1197 1712 1195 1712 1193 1712 1164 1716 1102 1726 1041 1718 999 1714 997 1714 995 1714 993 1714 987 1720 960 1739 887 1735 867 1722 861 1718 859 1718 857 1718 855 1718 853 1718 843 1722 813 1739 778 1724 776 1724 774 1724 772 1724 770 1724 724 1741 675 1726 661 1722 659 1722 657 1722 655 1722 645 1726 611 1745 580 1745 528 1730 496 1720 494 1720 492 1720 491 1720 449 1730 399 1743 372 1732 362 1728 360 1728 358 1728 322 1733 291 1737 281 1733 271 1730 269 1730 267 1730 265 1730 257 1733 241 1743 227 1735 209 1724 207 1724 205 1724 203 1724 134 1735 136 1803"/></Shape>
	    <String CONTENT="Quelle chose est testament ou paction. 66 testamẽt"
                    HPOS="134"
                    VPOS="1704"
                    WIDTH="1683"
                    HEIGHT="125"
                    WC="0.9962657245935178"></String>
          </TextLine>
          <TextLine ID="eSc_line_61277933"
                    TAGREFS="LT8"
                    BASELINE="142 1886 1813 1864" 
                    HPOS="140"
                    VPOS="1797"
                    WIDTH="1673"
                    HEIGHT="109">
            <Shape><Polygon POINTS="142 1886 142 1906 595 1896 665 1898 807 1904 809 1904 811 1904 813 1904 825 1896 827 1894 831 1896 855 1904 857 1904 859 1904 908 1894 914 1894 922 1894 1019 1902 1021 1902 1023 1902 1049 1892 1055 1890 1061 1892 1088 1900 1090 1900 1092 1900 1502 1896 1504 1896 1536 1884 1540 1884 1651 1894 1653 1894 1813 1878 1813 1864 1805 1797 1752 1813 1649 1803 1647 1803 1645 1803 1621 1815 1593 1807 1591 1807 1589 1807 1443 1817 1407 1803 1401 1801 1399 1801 1397 1801 1383 1803 1320 1819 1253 1805 1235 1803 1233 1803 1195 1807 1047 1825 922 1825 883 1811 873 1809 871 1809 869 1809 867 1809 865 1809 861 1813 837 1827 677 1827 639 1815 619 1811 617 1811 615 1811 584 1817 548 1823 498 1819 445 1813 443 1813 140 1823 142 1886"/></Shape>
	    <String CONTENT="La ꝯcordãce du nouueau ⁊ anciẽ testamẽt. 79 testamẽt"
                    HPOS="140"
                    VPOS="1797"
                    WIDTH="1673"
                    HEIGHT="109"
                    WC="0.9914904034563473"></String>
          </TextLine>
          <TextLine ID="eSc_line_ff75b1d5"
                    TAGREFS="LT8"
                    BASELINE="144 1967 1805 1953" 
                    HPOS="142"
                    VPOS="1884"
                    WIDTH="1663"
                    HEIGHT="113">
            <Shape><Polygon POINTS="144 1967 144 1997 380 1983 578 1995 595 1995 597 1995 599 1995 601 1995 629 1981 726 1981 758 1993 760 1993 762 1993 766 1993 865 1979 926 1979 942 1991 944 1991 946 1991 948 1991 950 1991 1001 1979 1057 1991 1061 1991 1063 1991 1281 1989 1282 1989 1411 1975 1520 1987 1522 1987 1524 1987 1548 1977 1577 1985 1579 1985 1581 1985 1744 1973 1801 1985 1805 1953 1803 1902 1754 1886 1752 1886 1750 1886 1748 1886 1694 1900 1570 1884 1568 1884 1566 1884 1564 1884 1542 1902 1540 1904 1393 1904 1391 1902 1366 1886 1364 1886 1362 1886 1360 1886 1358 1886 1308 1902 1298 1906 1197 1906 1191 1902 1170 1888 1168 1888 1166 1888 1164 1888 1047 1898 888 1890 887 1890 885 1890 853 1902 839 1908 825 1902 803 1892 801 1892 655 1892 653 1892 651 1892 649 1892 633 1902 625 1908 603 1902 586 1898 584 1898 582 1898 580 1898 578 1898 572 1902 560 1912 334 1912 295 1902 263 1896 261 1896 142 1902 144 1967"/></Shape>
	    <String CONTENT="Les oeuures de la trinite sõt inseparables. 41Trinite."
                    HPOS="142"
                    VPOS="1884"
                    WIDTH="1663"
                    HEIGHT="113"
                    WC="0.9862098011103544"></String>
          </TextLine>
          <TextLine ID="eSc_line_bc7f3ce1"
                    TAGREFS="LT8"
                    BASELINE="152 2050 1819 2042" 
                    HPOS="148"
                    VPOS="1962"
                    WIDTH="1670"
                    HEIGHT="128">
            <Shape><Polygon POINTS="151 2048 151 2081 267 2066 291 2081 291 2084 303 2084 347 2066 401 2090 514 2072 689 2090 873 2066 903 2087 915 2087 977 2069 1004 2087 1016 2087 1057 2066 1262 2060 1405 2060 1446 2081 1446 2084 1530 2069 1568 2084 1818 2081 1815 1986 1726 1962 1542 1962 1542 1965 1521 1983 1449 1965 1438 1965 1408 1986 1164 1986 1137 1965 968 1980 796 1965 775 1983 701 1965 588 1986 555 1989 368 1989 350 1968 341 1968 148 1983 151 2048"/></Shape>
	    <String CONTENT="La uraye confession de la trinite. 229 Trinite."
                    HPOS="148"
                    VPOS="1962"
                    WIDTH="1670"
                    HEIGHT="128"
                    WC="0.9803473898705016"></String>
          </TextLine>
          <TextLine ID="eSc_line_6ba6d8ae"
                    TAGREFS="LT10"
                    BASELINE="758 2135 932 2127" 
                    HPOS="754"
                    VPOS="2050"
                    WIDTH="178"
                    HEIGHT="107">
            <Shape><Polygon POINTS="758 2147 797 2157 799 2157 932 2139 932 2127 928 2070 845 2050 843 2050 841 2050 754 2076 758 2135"/></Shape>
	    <String CONTENT="U"
                    HPOS="754"
                    VPOS="2050"
                    WIDTH="178"
                    HEIGHT="107"
                    WC="1.0"></String>
          </TextLine>
          <TextLine ID="eSc_line_d06d1954"
                    TAGREFS="LT8"
                    BASELINE="140 2218 1790 2203" 
                    HPOS="136"
                    VPOS="2117"
                    WIDTH="1652"
                    HEIGHT="121">
            <Shape><Polygon POINTS="790 2134 769 2134 727 2152 647 2128 644 2128 641 2128 638 2128 570 2155 534 2140 531 2140 528 2140 466 2152 418 2128 415 2128 412 2128 410 2128 344 2152 317 2131 314 2131 311 2131 136 2131 139 2217 139 2238 1723 2232 1726 2232 1788 2214 1788 2200 1779 2117 1657 2143 1625 2117 1622 2117 1619 2117 1550 2117 1547 2117 1545 2117 1542 2117 1500 2146 1322 2131 1319 2131 1227 2152 1045 2152 924 2125 921 2125 918 2125 915 2125 879 2149 796 2131 790 2134"/></Shape>
	    <String CONTENT="La uerite gromise/ nous es donnee. 281 Uerite"
                    HPOS="136"
                    VPOS="2117"
                    WIDTH="1652"
                    HEIGHT="121"
                    WC="0.9901971975962321"></String>
          </TextLine>
          <TextLine ID="eSc_line_312f52e9"
                    TAGREFS="LT8"
                    BASELINE="136 2302 1787 2294" 
                    HPOS="130"
                    VPOS="2212"
                    WIDTH="1655"
                    HEIGHT="118">
            <Shape><Polygon POINTS="395 2217 389 2217 371 2232 335 2217 130 2217 133 2330 1782 2310 1785 2292 1776 2214 1693 2229 1669 2212 1545 2212 1512 2238 1224 2244 1057 2244 983 2220 974 2220 938 2238 888 2214 751 2214 716 2238 668 2220 659 2220 620 2241 466 2241 404 2217 395 2217"/></Shape>
	    <String CONTENT="Uerite deuourera mensonge. 200 Uerite"
                    HPOS="130"
                    VPOS="2212"
                    WIDTH="1655"
                    HEIGHT="118"
                    WC="0.9914607969490258"></String>
          </TextLine>
          <TextLine ID="eSc_line_f2497c61"
                    TAGREFS="LT8"
                    BASELINE="138 2385 580 2375 1793 2369" 
                    HPOS="136"
                    VPOS="2300"
                    WIDTH="1657"
                    HEIGHT="108">
            <Shape><Polygon POINTS="138 2385 138 2408 245 2397 425 2405 465 2407 467 2407 469 2407 475 2405 496 2395 516 2405 518 2405 520 2405 522 2405 534 2405 597 2395 619 2403 629 2407 631 2407 633 2407 663 2403 716 2393 835 2399 928 2405 930 2405 964 2397 997 2391 1108 2395 1265 2403 1267 2403 1269 2403 1290 2393 1292 2393 1298 2393 1354 2401 1356 2401 1358 2401 1360 2401 1372 2393 1376 2389 1399 2391 1471 2401 1473 2401 1475 2401 1508 2391 1514 2389 1534 2389 1631 2397 1633 2397 1635 2397 1655 2387 1657 2387 1661 2387 1694 2399 1696 2399 1698 2399 1793 2385 1793 2369 1789 2304 1712 2300 1710 2300 1708 2300 1690 2304 1661 2311 1619 2306 1585 2300 1583 2300 1581 2300 1579 2300 1572 2306 1558 2315 1429 2315 1409 2308 1389 2302 1387 2302 1385 2302 1324 2310 1269 2317 1086 2317 1077 2311 1061 2306 1059 2306 1057 2306 999 2313 966 2317 948 2313 910 2306 908 2306 845 2315 829 2317 813 2315 750 2306 748 2306 611 2319 593 2319 582 2319 489 2308 487 2308 423 2321 417 2321 399 2321 174 2310 172 2310 170 2310 136 2323 138 2385"/></Shape>
	    <String CONTENT="Ceulx qui cachent la uerite craingnant per¬ Uerite"
                    HPOS="136"
                    VPOS="2300"
                    WIDTH="1657"
                    HEIGHT="108"
                    WC="0.9929530370235443"></String>
          </TextLine>
          <TextLine ID="eSc_line_88b5629a"
                    TAGREFS="LT8"
                    BASELINE="227 2462 1566 2452" 
                    HPOS="225"
                    VPOS="2385"
                    WIDTH="1341"
                    HEIGHT="93">
            <Shape><Polygon POINTS="227 2462 227 2478 1564 2478 1566 2452 1562 2407 1286 2397 1284 2397 1243 2405 1237 2407 1233 2405 1211 2397 1209 2397 1207 2397 1205 2397 1187 2405 1185 2407 1180 2405 1098 2385 1096 2385 1094 2385 1092 2385 1047 2405 1005 2387 1003 2387 837 2387 835 2387 833 2387 831 2387 805 2405 803 2407 803 2405 766 2387 764 2387 762 2387 714 2389 712 2389 710 2389 689 2405 665 2389 663 2389 661 2389 659 2389 657 2389 617 2401 586 2393 584 2393 582 2393 580 2393 550 2405 542 2408 431 2408 427 2405 394 2391 392 2391 390 2391 326 2405 306 2391 304 2391 302 2391 241 2391 239 2391 237 2391 235 2391 225 2399 227 2462"/></Shape>
	    <String CONTENT="dre leurs richesses sont hereticques. 20r"
                    HPOS="225"
                    VPOS="2385"
                    WIDTH="1341"
                    HEIGHT="93"
                    WC="0.9920607863402948"></String>
          </TextLine>
          <TextLine ID="eSc_line_1f5d2bff"
                    TAGREFS="LT8"
                    BASELINE="140 2555 548 2543 1791 2535" 
                    HPOS="138"
                    VPOS="2462"
                    WIDTH="1653"
                    HEIGHT="115">
            <Shape><Polygon POINTS="140 2555 140 2577 459 2577 459 2575 461 2575 473 2571 492 2565 546 2571 597 2575 599 2575 601 2575 613 2569 625 2563 718 2567 825 2573 827 2573 867 2565 892 2561 950 2565 1059 2571 1061 2571 1110 2561 1128 2559 1209 2561 1469 2567 1471 2567 1518 2555 1526 2555 1544 2555 1680 2565 1682 2565 1791 2551 1791 2535 1789 2480 1740 2462 1738 2462 1736 2462 1734 2462 1690 2480 1686 2480 1680 2480 1593 2462 1591 2462 1589 2462 1530 2480 1518 2484 1358 2484 1350 2478 1320 2464 1318 2464 1316 2464 1257 2468 1255 2468 1253 2468 1239 2478 1231 2486 1029 2486 997 2478 958 2468 956 2468 954 2468 742 2470 740 2470 708 2478 685 2484 677 2478 667 2470 665 2470 663 2470 661 2470 613 2478 542 2490 504 2478 489 2472 487 2472 485 2472 483 2472 467 2478 433 2490 407 2478 395 2472 394 2472 392 2472 364 2478 293 2492 249 2492 229 2478 225 2474 223 2474 221 2474 219 2474 138 2476 140 2555"/></Shape>
	    <String CONTENT="Ung chascun doibt chercher par oraison/ par Uerite"
                    HPOS="138"
                    VPOS="2462"
                    WIDTH="1653"
                    HEIGHT="115"
                    WC="0.9898562407493592"></String>
          </TextLine>
          <TextLine ID="eSc_line_a5ea9a79"
                    TAGREFS="LT8"
                    BASELINE="227 2628 1572 2620" 
                    HPOS="225"
                    VPOS="2555"
                    WIDTH="1347"
                    HEIGHT="109">
            <Shape><Polygon POINTS="227 2628 227 2650 554 2664 556 2664 635 2652 687 2662 689 2662 690 2662 736 2648 772 2662 774 2662 776 2664 896 2664 896 2662 898 2662 938 2650 1025 2660 1027 2660 1029 2660 1065 2646 1104 2660 1106 2660 1108 2660 1166 2648 1209 2660 1211 2660 1213 2660 1215 2660 1217 2660 1243 2644 1249 2644 1411 2652 1413 2652 1572 2640 1572 2620 1568 2559 1334 2555 1332 2555 1330 2555 1328 2555 1322 2561 1310 2571 1290 2561 1288 2561 1286 2561 1284 2561 1231 2573 1166 2573 1152 2561 1146 2557 1144 2557 1142 2557 1140 2557 1100 2563 1053 2569 1043 2563 1037 2557 1035 2557 1033 2557 962 2557 960 2557 958 2557 956 2557 946 2563 930 2573 859 2565 813 2559 784 2559 782 2559 780 2559 778 2559 778 2561 772 2565 760 2577 411 2577 401 2569 394 2563 394 2561 392 2561 390 2561 356 2561 354 2561 352 2561 350 2561 350 2563 342 2569 334 2577 318 2569 308 2565 306 2565 304 2565 225 2569 227 2628"/></Shape>
	    <String CONTENT="estude/ ou par personnaiges scauans dentẽ"
                    HPOS="225"
                    VPOS="2555"
                    WIDTH="1347"
                    HEIGHT="109"
                    WC="0.9886745327994937"></String>
          </TextLine>
          <TextLine ID="eSc_line_4c64d685"
                    TAGREFS="LT8"
                    BASELINE="243 2713 1596 2709" 
                    HPOS="237"
                    VPOS="2645"
                    WIDTH="1358"
                    HEIGHT="92">
            <Shape><Polygon POINTS="240 2710 240 2737 549 2734 552 2734 585 2719 1589 2725 1595 2707 1592 2669 1550 2645 1547 2645 1545 2645 1542 2645 1429 2648 1426 2648 1423 2648 1393 2669 1390 2672 1030 2672 1019 2660 1010 2654 1007 2654 1004 2654 1001 2654 962 2660 915 2669 876 2660 828 2645 825 2645 823 2645 820 2645 778 2657 730 2672 534 2672 516 2651 511 2648 511 2645 508 2645 505 2645 502 2645 237 2645 240 2710"/></Shape>
	    <String CONTENT="dre uerite. 203"
                    HPOS="237"
                    VPOS="2645"
                    WIDTH="1358"
                    HEIGHT="92"
                    WC="0.9999424298604329"></String>
          </TextLine>
          <TextLine ID="eSc_line_77d7a1ca"
                    TAGREFS="LT8"
                    BASELINE="158 2800 1794 2791" 
                    HPOS="154"
                    VPOS="2698"
                    WIDTH="1637"
                    HEIGHT="131">
            <Shape><Polygon POINTS="1580 2710 1536 2710 1509 2728 1161 2728 1134 2710 1057 2710 1007 2719 894 2710 805 2710 730 2725 632 2710 570 2710 511 2734 371 2710 329 2710 258 2725 202 2707 193 2707 154 2716 157 2829 1381 2805 1708 2820 1791 2799 1785 2713 1580 2698 1580 2710"/></Shape>
	    <String CONTENT="La uerite ne xeult estre uaincue. 224 Uerite"
                    HPOS="154"
                    VPOS="2698"
                    WIDTH="1637"
                    HEIGHT="131"
                    WC="0.999417248097333"></String>
          </TextLine>
          <TextLine ID="eSc_line_9fef174c"
                    TAGREFS="LT8"
                    BASELINE="144 2889 500 2878 1772 2872" 
                    HPOS="142"
                    VPOS="2802"
                    WIDTH="1630"
                    HEIGHT="117">
            <Shape><Polygon POINTS="144 2889 144 2917 435 2901 491 2913 492 2913 633 2901 651 2911 659 2917 661 2917 663 2917 665 2919 712 2919 712 2917 714 2917 728 2909 748 2899 766 2909 778 2915 780 2915 782 2917 888 2917 888 2915 890 2915 912 2907 934 2899 970 2905 1019 2915 1021 2915 1094 2903 1138 2897 1152 2903 1178 2913 1180 2913 1182 2915 1312 2915 1312 2913 1314 2913 1350 2899 1364 2895 1411 2895 1415 2899 1431 2911 1433 2911 1435 2911 1437 2911 1544 2895 1554 2895 1558 2895 1601 2911 1603 2911 1605 2911 1772 2891 1772 2872 1770 2818 1738 2806 1736 2806 1734 2806 1651 2816 1629 2802 1627 2802 1625 2802 1623 2802 1556 2816 1548 2818 1540 2816 1496 2806 1494 2806 1492 2806 1443 2816 1433 2818 1401 2816 1300 2810 1298 2810 1296 2810 1282 2816 1277 2820 1269 2816 1251 2806 1249 2806 1180 2806 1178 2806 1176 2806 1174 2806 1162 2816 1154 2822 1015 2822 1001 2816 993 2812 991 2812 989 2812 948 2816 873 2822 851 2814 831 2808 829 2808 827 2808 784 2814 724 2824 635 2814 590 2810 588 2810 586 2810 570 2814 538 2824 520 2814 512 2810 510 2810 435 2810 433 2810 431 2810 421 2814 392 2826 362 2814 358 2812 356 2812 354 2812 142 2812 144 2889"/></Shape>
	    <String CONTENT="Uerite engendre pouurete/ ⁊ mensonge engen Uerite"
                    HPOS="142"
                    VPOS="2802"
                    WIDTH="1630"
                    HEIGHT="117"
                    WC="0.9980446903073058"></String>
          </TextLine>
          <TextLine ID="eSc_line_f7b7cdce"
                    TAGREFS="LT8"
                    BASELINE="229 2969 1562 2963" 
                    HPOS="225"
                    VPOS="2891"
                    WIDTH="1334"
                    HEIGHT="110">
            <Shape><Polygon POINTS="228 2966 228 2989 662 3001 784 2978 858 2978 876 2992 876 2995 885 2998 885 2995 891 2995 891 2992 903 2984 906 2978 1185 2975 1238 2995 1250 2995 1250 2992 1274 2975 1420 2975 1479 2995 1488 2995 1559 2975 1550 2894 1446 2921 1295 2921 1280 2903 1265 2903 1241 2918 965 2906 834 2921 817 2906 808 2906 689 2921 656 2894 656 2891 225 2903 228 2966"/></Shape>
	    <String CONTENT="dre richesses. 25"
                    HPOS="225"
                    VPOS="2891"
                    WIDTH="1334"
                    HEIGHT="110"
                    WC="0.9808768419658437"></String>
          </TextLine>
        </TextBlock>
        <TextBlock HPOS="1115"
                   VPOS="2986"
                   WIDTH="453"
                   HEIGHT="89"
                   ID="eSc_textblock_f6e3e683"
                   TAGREFS="BT17">
          <Shape><Polygon POINTS="1568 3075 1568 2986 1115 2986 1115 3075"/></Shape>
          <TextLine ID="eSc_line_ce2980fc"
                    TAGREFS="LT8"
                    BASELINE="1144 3046 1536 3040" 
                    HPOS="1142"
                    VPOS="2971"
                    WIDTH="394"
                    HEIGHT="103">
            <Shape><Polygon POINTS="1144 3046 1144 3074 1536 3066 1536 3040 1530 2971 1142 2977 1144 3046"/></Shape>
	    <String CONTENT="La ueneratiõ"
                    HPOS="1142"
                    VPOS="2971"
                    WIDTH="394"
                    HEIGHT="103"
                    WC="0.9999043941497803"></String>
          </TextLine>
        </TextBlock>
      </PrintSpace>
    </Page>
  </Layout>
</alto>
