2267 3563
437 308 1651 127 Uenera? La ueneration de dieu consiste es choses in¬

433 403 1664 107 tion. uisibles. 329

439 475 1664 121 Uenera. Pitie est la ueneration de dieu. 147

443 560 1637 118 Uenera. La ueneration de dieu/ est faire sa uolũte. 327

442 647 1649 104 Uentre Le soing du uentre est deffendut. 11

445 726 1647 121 Uem/ Celuy qui ne uient pas a dieu na rien ouy de

790 813 1316 113 luy. 43

427 890 1669 121 Uoeux Dieu na q̃ faire de noz uoeux ⁊ oIrãdes. 132

419 979 1673 115 Uie La uie de lhomme sur la terre est une conti¬

802 1062 1292 95 nuelle guerre. 253

421 1140 1664 121 Uie Ceste uie nest que ung passaige. 19

418 1241 1670 104 Uie La uie eternelle est appellee grace. 89

421 1304 1665 123 Uiure Il fault uiure selõ dieu/ ⁊ nõ selõ sa raisõ.220

433 1395 1661 111 Uision Quãt nous debuõs croire les uisions. 314

435 1472 1661 121 Uice Les uices des mauuais est la perse cution des

799 1576 1310 86 hons. 249

439 1640 1661 109 Uiãdes La uiãde spirituelle ne se diminue point. 282

435 1726 1649 118 Uiãdes Quant on a prins la uiande corporelle/ nous

793 1808 1286 104 debuons querir la spirituelle. 6

431 1882 1661 129 Uiãdes Que nous ne soyons seduictz par les differd

784 1977 1322 107 ces des uiandes. 182

427 2050 1655 127 Uiãdes Contre ceulx qui deffendent les Uandes et le

787 2146 1301 92 eageigge. 182.185

431 2214 1649 131 Uiãdes Qui se garde des uiandes na rien proffite a

796 2315 1283 98 la foy. 185

427 2384 1670 121 Uin Comment le uin est faict. 279

427 2467 1688 119 Umbre Dieu ne regarde point les umbres. 133

433 2555 1665 109 Uolũte La bonne uolunte nest pas de lhomme. 122

427 2634 1677 111 Uolũte La uolũte de dieu est cause de toutes choses.112

427 2719 1675 111 Uolũte La bõne uolũte est le germe de toutes uertꝰ .106

425 2804 1667 111 Uolũte Riẽs nest oste de la uoluute sinon uice. 1a7

429 2886 1665 126 Uolũte Loeuure de dieu en la uolũte de lhõme. 5.106

1712 2965 370 113 La uolunte
