2267 3563
324 338 1242 119 ¶ Augr/ au liure de la foy ⁊ du Simbole.

178 415 1378 131 ¶ La yMrolle est appellee pour ce la parolle du

178 519 1367 98 pere/ que par icelle est manifeste le pere. Cõme

178 590 1375 107 donc par noz parolles quãt noꝰ parlõs uerite/

163 679 1390 101 nous faisons q̃ nostre couraige soit manifeste

157 766 1402 98 a ce luy qͥ oyt: ⁊ q̃ tout ce q̃ nous auõs au cueur

157 849 1402 101 de secret/ q̃ par signes soit ꝓfere a lung par la

157 920 1388 110 cõgnoissance de lautre. Ainsi celle sapiẽce que

166 1021 1379 95 dieu le pere a engẽdre: pour ce q̃ par luy est ma¬

158 1092 1396 111 nifeste le pere par signes fort secretz/ icelle est

154 1179 1396 97 tres cõuenablemẽt appellee la parolle. Mais

152 1262 1392 107 il y a grand difference entre nostre couraige/ ⁊

150 1348 1396 104 noz parolles par lesq̃lles nous desirõs de mon

154 1431 1396 107 strer le mesme couraige. Car aussi ne engen¬

150 1516 1412 101 drõs nous point les parolles sonantes/ mais

152 1595 1435 105 nous les faisons: ⁊ poͬ les (care y est la matie

162 1676 1425 99 re subiecte/ o(caudir le corps. Et ya grãd diffe

157 1757 1411 101 rẽce entre lesprit ⁊ la chair. Mais quãt dieu

154 1831 1382 113 a engendre la paroble:/ l a engendre ceql est̃ ⁊

142 1926 1394 101 non pas de riẽs/ ne de q̃lque matiere desia fai¬

136 1998 1394 121 cte ou cõposee/ mais de soymesme ce q̃ luy mes

136 2084 1394 107 me est. Certainement quant nous parlons/ le

140 2175 1398 107 mesme desirõs nous: mais si nous considerõs

156 2258 1388 105 diligẽment lappetit de nostre uolunte/ ce ne se

160 2341 1400 105 faict point quant nous mentõs/ mais quant

150 2422 1426 103 nous disons uerite. Car quede autre chose de¬

148 2498 1435 110 sirons nous sinon que nostre couraige/ sil est

144 2579 1437 117 possible soit congneu ⁊ de regarder a le mettre

144 2666 1432 99 en lentende/ nẽt de lauditeur: affin ueritable¬

142 2747 1422 111 ment q̃ aussi noris demourõs en noꝰ mesmes/

144 2836 1404 105 ⁊ que nous ne soyons point retirez de nous

142 2919 1388 129 mesmes: ⁊ toutesfoys que nous profferõs par

445 175 978 166 de biaꝰ. Chap̃.x7.

1611 223 182 107 227

1628 400 267 131 Pou¬

1568 504 321 110 quoy est

1565 590 309 95 le filz de

1565 679 291 98 dieu ap-

1571 748 241 110 pelle la

1571 834 229 110 parolle

1562 923 244 101 de dieu.

1568 1009 244 107 1.cor.1.d

1589 1722 235 136 La pa¬

1559 1826 250 109 rolle du

1556 1915 244 107 pere est

1547 1992 265 113 le filz de

1550 2087 155 107 dieu.

974 2995 573 128 Cc .iii nostre
