<?xml version="1.0" encoding="UTF-8"?>
<alto xmlns:xsi="http://www.w3.org/2001/XMLSchema-instance"
      xmlns="http://www.loc.gov/standards/alto/ns-v4#"
      xsi:schemaLocation="http://www.loc.gov/standards/alto/ns-v4# http://www.loc.gov/standards/alto/v4/alto-4-2.xsd">
  <Description>
    <MeasurementUnit>pixel</MeasurementUnit>
    <sourceImageInformation>
      <fileName>39_bdeaf_default.jpg</fileName>
      <fileIdentifier>https://www.e-rara.ch/i3f/v20/4106197/full/full/0/default.jpg</fileIdentifier>
    </sourceImageInformation>
  </Description>
  <Tags>
    <OtherTag ID="BT8" LABEL="DamageZone" DESCRIPTION="block type DamageZone"/><OtherTag ID="BT10" LABEL="DropCapitalZone" DESCRIPTION="block type DropCapitalZone"/><OtherTag ID="BT11" LABEL="GraphicZone" DESCRIPTION="block type GraphicZone"/><OtherTag ID="BT12" LABEL="MainZone" DESCRIPTION="block type MainZone"/><OtherTag ID="BT13" LABEL="MarginTextZone" DESCRIPTION="block type MarginTextZone"/><OtherTag ID="BT15" LABEL="NumberingZone" DESCRIPTION="block type NumberingZone"/><OtherTag ID="BT17" LABEL="QuireMarksZone" DESCRIPTION="block type QuireMarksZone"/><OtherTag ID="BT18" LABEL="RunningTitleZone" DESCRIPTION="block type RunningTitleZone"/><OtherTag ID="BT20" LABEL="StampZone" DESCRIPTION="block type StampZone"/><OtherTag ID="BT21" LABEL="TableZone" DESCRIPTION="block type TableZone"/><OtherTag ID="BT22" LABEL="TitlePageZone" DESCRIPTION="block type TitlePageZone"/>
    <OtherTag ID="LT8" LABEL="DefaultLine" DESCRIPTION="line type DefaultLine"/><OtherTag ID="LT9" LABEL="DropCapitalLine" DESCRIPTION="line type DropCapitalLine"/><OtherTag ID="LT10" LABEL="HeadingLine" DESCRIPTION="line type HeadingLine"/><OtherTag ID="LT11" LABEL="InterlinearLine" DESCRIPTION="line type InterlinearLine"/><OtherTag ID="LT311" LABEL="default" DESCRIPTION="line type default"/>
  </Tags>
  <Layout>
    <Page WIDTH="2267"
          HEIGHT="3563"
          PHYSICAL_IMG_NR="39"
          ID="eSc_dummypage_">
      <PrintSpace HPOS="0"
                  VPOS="0"
                  WIDTH="2267"
                  HEIGHT="3563">
        <TextBlock HPOS="685"
                   VPOS="295"
                   WIDTH="1475"
                   HEIGHT="2722"
                   ID="eSc_textblock_0014287b"
                   TAGREFS="BT12">
          <Shape><Polygon POINTS="685 295 686 726 703 935 702 1185 701 1322 701 1396 701 1455 730 1526 731 1581 721 1622 726 1693 716 2089 703 2117 722 2292 721 2634 725 2920 725 2922 693 3017 2160 2997 2160 295"/></Shape>
          <TextLine ID="eSc_line_70da199e"
                    TAGREFS="LT8"
                    BASELINE="720 405 2112 397" 
                    HPOS="718"
                    VPOS="312"
                    WIDTH="1394"
                    HEIGHT="127">
            <Shape><Polygon POINTS="2045 320 2039 318 2017 332 1920 332 1867 312 1865 312 1783 312 1781 312 1779 312 1777 312 1777 314 1760 328 1742 314 1740 314 1738 314 1669 314 1667 314 1665 314 1663 314 1633 332 1528 322 1526 322 1524 322 1522 322 1506 334 1401 334 1366 316 1364 316 1362 316 1360 316 1310 336 1207 336 1118 316 1116 316 1114 316 1063 336 968 318 843 318 841 318 839 318 837 318 823 330 803 322 801 322 799 322 718 338 720 405 720 433 875 425 916 433 942 439 944 439 982 433 1037 425 1102 433 1134 437 1136 437 1138 437 1140 437 1144 433 1158 425 1180 433 1191 437 1193 437 1195 437 1215 433 1261 423 1273 433 1277 437 1279 437 1281 437 1282 439 1358 439 1358 437 1379 433 1437 421 1451 431 1453 431 1455 431 1457 431 1538 423 1643 433 1676 435 1678 435 1680 435 1690 433 1730 421 1752 433 1758 435 1760 435 1762 435 1777 433 1845 419 2110 431 2112 397 2108 332 2063 320 2045 320"/></Shape>
	    <String CONTENT="car uous estes auec moy des le com¬"
                    HPOS="718"
                    VPOS="312"
                    WIDTH="1394"
                    HEIGHT="127"
                    WC="0.9981864265033177"></String>
          </TextLine>
          <TextLine ID="eSc_line_0b65ebb0"
                    TAGREFS="LT8"
                    BASELINE="720 522 1336 522" 
                    HPOS="720"
                    VPOS="435"
                    WIDTH="616"
                    HEIGHT="119">
            <Shape><Polygon POINTS="720 522 720 544 730 554 732 554 734 554 736 554 1049 542 1269 554 1271 554 1336 540 1336 522 1336 457 1275 457 1233 435 1231 435 1162 435 1160 435 1158 435 1156 435 1138 447 1102 435 1100 435 1098 435 1096 435 1059 451 995 437 993 437 991 437 989 437 989 439 972 457 900 457 879 437 879 435 877 435 875 435 843 435 841 435 839 435 837 435 837 437 821 451 748 439 746 439 744 439 742 439 720 453 720 522"/></Shape>
	    <String CONTENT="mencement/ ⁊c."
                    HPOS="720"
                    VPOS="435"
                    WIDTH="616"
                    HEIGHT="119"
                    WC="0.9803489957536969"></String>
          </TextLine>
          <TextLine ID="eSc_line_922cf372"
                    TAGREFS="LT10"
                    BASELINE="865 641 1960 633" 
                    HPOS="863"
                    VPOS="560"
                    WIDTH="1097"
                    HEIGHT="111">
            <Shape><Polygon POINTS="865 659 910 671 912 671 964 661 1077 671 1079 671 1136 659 1152 669 1154 669 1156 669 1158 669 1302 659 1409 669 1411 669 1467 657 1552 667 1554 667 1665 657 1678 667 1680 667 1682 667 1684 667 1686 667 1722 655 1756 665 1758 665 1760 665 1894 655 1924 665 1926 665 1928 665 1930 665 1960 651 1960 633 1954 577 1900 577 1898 577 1878 562 1876 562 1874 562 1872 562 1871 562 1843 577 1839 579 1748 579 1746 577 1712 560 1710 560 1708 560 1706 560 1704 560 1680 577 1678 579 1671 577 1615 562 1613 562 1611 562 1609 562 1607 562 1607 564 1591 577 1589 579 1581 577 1508 564 1506 564 1504 564 1471 579 1467 581 1395 581 1389 579 1362 564 1360 564 1358 564 1356 564 1354 564 1354 566 1340 579 1338 581 1253 581 1249 579 1219 564 1217 564 1160 564 1158 564 1156 564 1118 577 1069 566 1067 566 1065 566 1063 566 1023 579 1021 581 1019 579 1005 568 1005 566 1003 566 1001 566 904 566 902 566 900 566 863 579 865 641"/></Shape>
	    <String CONTENT="¶ Augustin au liure de la foy ⁊ du"
                    HPOS="863"
                    VPOS="560"
                    WIDTH="1097"
                    HEIGHT="111"
                    WC="0.9819249633480521"></String>
          </TextLine>
          <TextLine ID="eSc_line_69531097"
                    TAGREFS="LT10"
                    BASELINE="1049 722 1793 716" 
                    HPOS="1047"
                    VPOS="647"
                    WIDTH="746"
                    HEIGHT="109">
            <Shape><Polygon POINTS="1049 744 1209 752 1211 752 1213 752 1241 742 1247 742 1251 742 1290 754 1292 754 1294 756 1294 754 1296 754 1340 742 1342 742 1344 742 1409 752 1411 752 1413 752 1415 752 1433 740 1435 740 1443 740 1512 752 1514 752 1516 752 1518 752 1518 750 1530 740 1532 740 1643 750 1645 750 1647 750 1671 738 1673 738 1676 738 1740 750 1742 750 1744 750 1793 736 1793 716 1791 667 1754 647 1752 647 1750 647 1748 647 1696 663 1676 647 1675 647 1673 647 1591 647 1589 647 1587 647 1538 667 1538 669 1429 669 1429 667 1417 657 1417 655 1415 655 1413 655 1411 655 1409 655 1407 655 1391 667 1391 669 1324 669 1316 669 1294 651 1292 651 1290 651 1288 651 1286 651 1251 663 1203 651 1201 651 1199 651 1197 651 1195 651 1178 667 1150 651 1148 651 1088 651 1086 651 1084 651 1047 667 1049 722"/></Shape>
	    <String CONTENT="Simbole/ au .ix. Chap̃."
                    HPOS="1047"
                    VPOS="647"
                    WIDTH="746"
                    HEIGHT="109"
                    WC="0.9762497777524202"></String>
          </TextLine>
          <TextLine ID="eSc_line_433e6c92"
                    TAGREFS="LT8"
                    BASELINE="702 799 2110 799" 
                    HPOS="701"
                    VPOS="718"
                    WIDTH="1408"
                    HEIGHT="116">
            <Shape><Polygon POINTS="701 798 701 834 2109 825 2109 798 2106 718 1916 733 1833 718 1824 718 1821 718 1818 718 1815 718 1779 739 701 727 701 798"/></Shape>
	    <String CONTENT="¶ Quãt du sainct esprit/ iamais nen fut si co"
                    HPOS="701"
                    VPOS="718"
                    WIDTH="1408"
                    HEIGHT="116"
                    WC="0.9980480593183766"></String>
          </TextLine>
          <TextLine ID="eSc_line_fcd8bbd6"
                    TAGREFS="LT8"
                    BASELINE="710 887 2108 880" 
                    HPOS="704"
                    VPOS="813"
                    WIDTH="1402"
                    HEIGHT="110">
            <Shape><Polygon POINTS="707 884 707 923 790 908 858 923 870 923 873 923 876 923 879 923 879 920 897 908 932 920 941 923 944 923 947 923 950 923 962 920 1007 908 1209 917 1402 923 1405 923 1518 911 1571 905 1595 908 1651 920 1654 920 1657 920 1690 908 1699 905 1705 908 1738 920 1741 920 1744 920 1969 905 1984 917 1984 920 1987 920 1990 920 1993 920 2106 899 2106 878 2100 825 781 813 778 813 704 828 707 884"/></Shape>
	    <String CONTENT="pieusemẽt dispute des saiges/ ⁊ des grãdz tra¬"
                    HPOS="704"
                    VPOS="813"
                    WIDTH="1402"
                    HEIGHT="110"
                    WC="0.9859097103277842"></String>
          </TextLine>
          <TextLine ID="eSc_line_a70bd5b5"
                    TAGREFS="LT8"
                    BASELINE="722 965 2116 962" 
                    HPOS="720"
                    VPOS="908"
                    WIDTH="1396"
                    HEIGHT="89">
            <Shape><Polygon POINTS="722 965 722 985 1413 997 1415 997 1613 993 1983 983 1999 995 2001 995 2003 995 2005 997 2114 997 2116 962 2110 908 720 910 722 965"/></Shape>
	    <String CONTENT="ctateurs des diuines escriptures: telle/ mẽt q̃ sa"
                    HPOS="720"
                    VPOS="908"
                    WIDTH="1396"
                    HEIGHT="89"
                    WC="0.9975555597567091"></String>
          </TextLine>
          <TextLine ID="eSc_line_3264703d"
                    TAGREFS="LT8"
                    BASELINE="722 1051 2118 1047" 
                    HPOS="720"
                    VPOS="981"
                    WIDTH="1398"
                    HEIGHT="101">
            <Shape><Polygon POINTS="722 1051 722 1066 791 1082 793 1082 928 1068 1013 1068 1027 1080 1029 1080 1031 1080 1033 1080 1098 1068 1168 1082 1170 1082 1172 1082 1201 1068 1288 1068 1306 1080 1308 1080 1310 1080 1312 1080 1314 1080 1342 1068 1431 1080 1433 1082 1869 1082 1869 1080 1871 1080 1872 1080 1872 1078 1888 1066 2023 1080 2025 1080 2027 1080 2053 1066 2086 1074 2088 1074 2090 1074 2092 1074 2118 1062 2118 1047 2114 981 2003 981 2001 981 1999 981 1997 981 1997 983 1981 995 1916 983 1912 983 1910 983 1908 983 1906 983 1888 997 1819 997 1774 985 1754 981 1752 981 1730 985 1690 997 1538 997 1510 989 1486 983 1484 983 1482 983 1451 989 1417 997 1405 991 1391 983 1389 983 1387 983 1385 983 1383 983 1374 991 1362 999 1322 999 1312 991 1302 983 1300 983 1298 983 1296 983 1247 993 1225 997 1219 993 1207 983 1205 983 1203 983 1201 983 1009 995 908 983 906 983 904 983 871 997 843 983 841 983 778 983 776 983 774 983 720 999 722 1051"/></Shape>
	    <String CONTENT="cilemẽt on puist entendre Iapropriete/ ⁊ de q̃lle"
                    HPOS="720"
                    VPOS="981"
                    WIDTH="1398"
                    HEIGHT="101"
                    WC="0.9770121765136719"></String>
          </TextLine>
          <TextLine ID="eSc_line_e685b05f"
                    TAGREFS="LT8"
                    BASELINE="726 1134 2116 1128" 
                    HPOS="724"
                    VPOS="1064"
                    WIDTH="1392"
                    HEIGHT="93">
            <Shape><Polygon POINTS="726 1134 726 1157 2114 1155 2116 1128 2110 1064 2047 1078 1874 1078 1857 1066 1855 1066 1853 1066 1851 1066 1849 1066 1847 1066 1847 1068 1835 1078 1647 1080 1484 1080 1477 1072 1467 1064 1465 1064 1463 1064 1461 1064 1378 1074 1342 1078 1334 1074 1308 1064 1306 1064 1304 1064 1124 1074 974 1066 972 1066 970 1066 968 1066 954 1076 760 1066 758 1066 756 1066 724 1080 726 1134"/></Shape>
	    <String CONTENT="propriete il est/ tellemẽt q̃ ne pouuons dire qui"
                    HPOS="724"
                    VPOS="1064"
                    WIDTH="1392"
                    HEIGHT="93"
                    WC="0.9822683894634247"></String>
          </TextLine>
          <TextLine ID="eSc_line_07dd8c2e"
                    TAGREFS="LT8"
                    BASELINE="720 1219 2108 1215" 
                    HPOS="718"
                    VPOS="1146"
                    WIDTH="1390"
                    HEIGHT="101">
            <Shape><Polygon POINTS="720 1219 720 1243 768 1235 831 1243 869 1247 871 1247 873 1247 875 1247 879 1243 890 1235 956 1235 978 1241 995 1247 997 1247 999 1247 1001 1247 1017 1241 1035 1235 1180 1235 1219 1239 1281 1247 1282 1247 1352 1239 1381 1235 1387 1239 1399 1247 1401 1247 1403 1247 1405 1247 1407 1247 1409 1247 1423 1237 1427 1235 1431 1237 1443 1245 1445 1245 1447 1245 1449 1245 1451 1245 1475 1237 1488 1233 1510 1237 1552 1245 1554 1245 1556 1245 1558 1245 1568 1237 1574 1233 1621 1233 1639 1235 1684 1245 1686 1245 1688 1245 1690 1245 1700 1235 1704 1233 1764 1233 1768 1235 1777 1245 1779 1245 1781 1245 1783 1245 1785 1245 1825 1235 1847 1245 1849 1245 1851 1245 1853 1245 1890 1233 1894 1233 1896 1233 1918 1245 1920 1245 1922 1247 2003 1247 2003 1245 2106 1231 2108 1215 2102 1152 1999 1159 1987 1152 1979 1146 1977 1146 1975 1146 1973 1146 1971 1146 1958 1152 1944 1159 1908 1154 1888 1150 1886 1150 1855 1154 1805 1159 1795 1154 1783 1146 1781 1146 1779 1146 1655 1146 1653 1146 1651 1146 1649 1146 1637 1155 1631 1159 1605 1155 1558 1150 1556 1150 1554 1150 1530 1157 1518 1161 1253 1161 1249 1159 1237 1150 1237 1148 1235 1148 1233 1148 1178 1148 1176 1148 1174 1148 1172 1148 1172 1150 1158 1161 1156 1163 1116 1163 1114 1161 1100 1150 1100 1148 1098 1148 1096 1148 950 1148 948 1148 946 1148 944 1148 944 1150 928 1163 887 1163 821 1148 819 1148 817 1148 815 1148 793 1161 756 1148 754 1148 752 1148 750 1148 718 1161 720 1219"/></Shape>
	    <String CONTENT="soit ne le filz ne le pere/ mais est le Ioĩct esprit"
                    HPOS="718"
                    VPOS="1146"
                    WIDTH="1390"
                    HEIGHT="101"
                    WC="0.9742384193078527"></String>
          </TextLine>
          <TextLine ID="eSc_line_e831ef02"
                    TAGREFS="LT8"
                    BASELINE="709 1298 2110 1296" 
                    HPOS="704"
                    VPOS="1223"
                    WIDTH="1405"
                    HEIGHT="104">
            <Shape><Polygon POINTS="707 1297 707 1327 2106 1318 2109 1294 2100 1223 704 1226 707 1297"/></Shape>
	    <String CONTENT="Asinon quilz annõcent tous/ quil est le don de"
                    HPOS="704"
                    VPOS="1223"
                    WIDTH="1405"
                    HEIGHT="104"
                    WC="0.9905312949038566"></String>
          </TextLine>
          <TextLine ID="eSc_line_8fbaab45"
                    TAGREFS="LT8"
                    BASELINE="706 1386 918 1381 2112 1381" 
                    HPOS="701"
                    VPOS="1318"
                    WIDTH="1408"
                    HEIGHT="98">
            <Shape><Polygon POINTS="704 1383 704 1404 2103 1416 2109 1380 2106 1318 701 1318 704 1383"/></Shape>
	    <String CONTENT="dieu/ deguoy aussi ueullent assez signifier q̃ le"
                    HPOS="701"
                    VPOS="1318"
                    WIDTH="1408"
                    HEIGHT="98"
                    WC="0.9840223618916103"></String>
          </TextLine>
          <TextLine ID="eSc_line_1c2734ac"
                    TAGREFS="LT8"
                    BASELINE="738 1468 2114 1460" 
                    HPOS="736"
                    VPOS="1391"
                    WIDTH="1378"
                    HEIGHT="107">
            <Shape><Polygon POINTS="738 1468 738 1482 845 1496 847 1496 942 1484 944 1484 946 1484 962 1498 964 1498 966 1498 968 1498 970 1498 972 1498 991 1484 993 1482 1086 1482 1092 1484 1114 1498 1116 1498 1118 1498 1120 1498 1122 1498 1156 1484 1164 1482 1172 1484 1211 1498 1213 1498 1215 1498 1217 1498 1265 1486 1279 1482 1288 1486 1320 1498 1322 1498 1324 1498 1326 1498 1368 1486 1370 1486 1379 1486 1564 1496 1566 1496 1568 1496 1570 1496 1579 1486 1581 1484 1591 1486 1615 1494 1617 1494 1619 1496 1833 1496 1833 1494 1835 1494 1849 1488 1871 1478 1910 1488 1934 1494 1936 1494 1938 1494 1975 1488 2003 1484 2023 1488 2039 1492 2041 1492 2043 1492 2045 1492 2047 1492 2051 1488 2061 1480 2112 1488 2114 1460 2110 1403 1971 1391 1970 1391 1968 1391 1966 1391 1954 1401 1946 1407 1914 1401 1884 1397 1882 1397 1880 1397 1878 1397 1872 1401 1861 1409 1659 1409 1643 1401 1637 1397 1635 1397 1633 1397 1631 1397 1629 1397 1627 1397 1623 1401 1609 1409 1510 1401 1425 1393 1423 1393 1421 1393 1405 1401 1379 1411 1356 1399 1344 1395 1342 1395 1245 1395 1243 1395 1241 1395 1227 1399 1193 1411 1180 1399 1178 1397 1176 1397 1174 1397 1172 1397 1170 1397 1164 1399 1152 1407 1138 1399 1132 1397 1130 1397 1128 1397 1112 1399 1049 1411 987 1401 985 1401 984 1401 982 1401 970 1411 954 1399 952 1397 950 1397 948 1397 837 1397 835 1397 833 1397 829 1399 799 1413 736 1399 738 1468"/></Shape>
	    <String CONTENT="don de dieu qui est charite (oit le sainct esprit."
                    HPOS="736"
                    VPOS="1391"
                    WIDTH="1378"
                    HEIGHT="107"
                    WC="0.9932572197914123"></String>
          </TextLine>
          <TextLine ID="eSc_line_28508b42"
                    TAGREFS="LT8"
                    BASELINE="746 1553 766 1549 859 1545 2112 1541" 
                    HPOS="742"
                    VPOS="1472"
                    WIDTH="1367"
                    HEIGHT="104">
            <Shape><Polygon POINTS="745 1552 745 1576 2106 1573 2109 1540 2103 1484 763 1472 760 1472 757 1472 754 1472 742 1478 745 1552"/></Shape>
	    <String CONTENT="Car nous ne sõmes point recõseidez a luy/ fi-"
                    HPOS="742"
                    VPOS="1472"
                    WIDTH="1367"
                    HEIGHT="104"
                    WC="0.9758869384197478"></String>
          </TextLine>
          <TextLine ID="eSc_line_d1875e2c"
                    TAGREFS="LT8"
                    BASELINE="730 1631 2112 1625" 
                    HPOS="728"
                    VPOS="1557"
                    WIDTH="1384"
                    HEIGHT="103">
            <Shape><Polygon POINTS="730 1631 730 1652 883 1660 885 1660 932 1652 944 1650 958 1652 1001 1660 1003 1660 1005 1660 1041 1652 1047 1650 1049 1652 1063 1660 1065 1660 1067 1660 1069 1660 1071 1660 1073 1660 1084 1650 1088 1650 1104 1650 1191 1658 1193 1658 1195 1658 1217 1650 1223 1648 1229 1650 1245 1658 1247 1658 1249 1658 1251 1658 1253 1658 1263 1650 1265 1648 1279 1650 1326 1658 1328 1658 1330 1658 1332 1658 1346 1650 1348 1648 1356 1650 1397 1658 1399 1658 1401 1658 1429 1648 1435 1648 1445 1648 1506 1658 1508 1658 1556 1648 1562 1648 1566 1648 1617 1658 1619 1658 1621 1658 1647 1648 1653 1646 1663 1648 1706 1656 1708 1656 1865 1646 1882 1646 1884 1646 1894 1656 1896 1656 1898 1656 1900 1658 1987 1658 1987 1656 2112 1644 2112 1625 2106 1573 1964 1573 1960 1573 1904 1557 1902 1557 1900 1557 1783 1573 1724 1557 1722 1557 1720 1557 1718 1557 1716 1557 1692 1575 1676 1575 1633 1575 1623 1575 1484 1559 1482 1559 1480 1559 1478 1559 1457 1575 1413 1559 1411 1559 1409 1559 1308 1575 1172 1561 1170 1561 1168 1561 1132 1577 1088 1561 1086 1561 991 1561 989 1561 987 1561 948 1577 805 1561 803 1561 728 1579 730 1631"/></Shape>
	    <String CONTENT="non par dilection/ par laq̃lle aussi noꝰ sõmes"
                    HPOS="728"
                    VPOS="1557"
                    WIDTH="1384"
                    HEIGHT="103"
                    WC="0.998232622095879"></String>
          </TextLine>
          <TextLine ID="eSc_line_69b9456a"
                    TAGREFS="LT8"
                    BASELINE="734 1720 1203 1710 2110 1712" 
                    HPOS="732"
                    VPOS="1642"
                    WIDTH="1378"
                    HEIGHT="95">
            <Shape><Polygon POINTS="734 1720 734 1732 2106 1737 2110 1712 2108 1654 2072 1644 2070 1644 2069 1644 1912 1654 1878 1642 1876 1642 1874 1642 1872 1642 1829 1654 1789 1642 1787 1642 1785 1642 1783 1642 1738 1654 1688 1642 1686 1642 1684 1642 1682 1642 1653 1656 1542 1656 1477 1642 1475 1642 1473 1642 1471 1642 1451 1656 1225 1646 1223 1646 1221 1646 1197 1656 1180 1644 1178 1644 1176 1644 1174 1644 1057 1654 982 1644 980 1644 978 1644 956 1654 900 1644 898 1644 732 1658 734 1720"/></Shape>
	    <String CONTENT="appellez les filz de dieu/ nõ pas soubz la crain"
                    HPOS="732"
                    VPOS="1642"
                    WIDTH="1378"
                    HEIGHT="95"
                    WC="0.9918165523178724"></String>
          </TextLine>
          <TextLine ID="eSc_line_16e5b2e6"
                    TAGREFS="LT8"
                    BASELINE="736 1795 2118 1789" 
                    HPOS="734"
                    VPOS="1722"
                    WIDTH="1384"
                    HEIGHT="103">
            <Shape><Polygon POINTS="736 1795 738 1825 760 1815 962 1815 974 1825 976 1825 978 1825 980 1825 987 1825 1055 1815 1090 1825 1094 1825 1096 1825 1098 1825 1110 1825 1197 1813 1463 1823 1475 1823 1477 1823 1482 1823 1663 1811 2114 1821 2118 1789 2114 1735 2051 1722 2049 1722 1908 1733 1795 1722 1793 1722 1718 1733 1702 1722 1700 1722 1698 1722 1696 1722 1694 1722 1645 1735 1643 1735 1639 1735 1455 1724 1453 1724 1451 1724 1421 1735 851 1726 849 1726 795 1737 776 1726 774 1726 772 1726 770 1726 768 1726 734 1737 736 1795"/></Shape>
	    <String CONTENT="te cõme seruiteur: car ꝑfaicte dilectiõ met hors"
                    HPOS="734"
                    VPOS="1722"
                    WIDTH="1384"
                    HEIGHT="103"
                    WC="0.9768686830997467"></String>
          </TextLine>
          <TextLine ID="eSc_line_541e758e"
                    TAGREFS="LT8"
                    BASELINE="738 1884 2128 1874" 
                    HPOS="736"
                    VPOS="1809"
                    WIDTH="1392"
                    HEIGHT="91">
            <Shape><Polygon POINTS="738 1884 738 1900 2126 1896 2128 1874 2122 1811 1841 1821 1833 1815 1827 1809 1825 1809 1823 1809 1744 1809 1742 1809 1706 1817 1684 1821 1667 1817 1635 1809 1633 1809 1631 1809 1568 1819 1540 1823 1534 1819 1526 1811 1524 1811 1522 1811 1449 1811 1447 1811 1445 1811 1421 1821 1413 1823 1407 1821 1374 1811 1372 1811 1370 1811 1368 1811 1366 1811 1352 1821 1348 1825 1286 1825 1241 1823 1017 1813 1015 1813 1013 1813 978 1827 869 1815 867 1815 799 1827 760 1815 758 1815 756 1815 754 1815 752 1815 736 1825 738 1884"/></Shape>
	    <String CONTENT="toute crainte: ⁊ receuõs lesprit de liberte/ auq̃l"
                    HPOS="736"
                    VPOS="1809"
                    WIDTH="1392"
                    HEIGHT="91"
                    WC="0.9789334360290977"></String>
          </TextLine>
          <TextLine ID="eSc_line_67c821de"
                    TAGREFS="LT8"
                    BASELINE="738 1967 2128 1955" 
                    HPOS="736"
                    VPOS="1888"
                    WIDTH="1392"
                    HEIGHT="107">
            <Shape><Polygon POINTS="738 1967 740 1993 762 1981 970 1981 1029 1991 1041 1993 1043 1993 1045 1993 1053 1991 1092 1981 1128 1991 1142 1995 1144 1995 1146 1995 1148 1995 1164 1991 1209 1979 1273 1991 1292 1993 1294 1993 1310 1991 1352 1981 1372 1989 1376 1991 1378 1991 1379 1991 1381 1991 1383 1991 1383 1989 1399 1981 1536 1989 1579 1991 1581 1991 1599 1989 1673 1977 1688 1989 1690 1989 1692 1989 1694 1991 1821 1991 1821 1989 1831 1987 1896 1973 1954 1987 1958 1987 1960 1987 2128 1985 2128 1955 2120 1888 2080 1902 1962 1890 1926 1888 1924 1888 1922 1888 1914 1892 1890 1904 1825 1894 1799 1890 1797 1890 1795 1890 1783 1894 1754 1906 1659 1906 1566 1898 1484 1892 1482 1892 1480 1892 1453 1900 1427 1910 1281 1910 1273 1904 1257 1894 1255 1894 1253 1894 1199 1894 1197 1894 1104 1908 1083 1910 1065 1908 968 1896 966 1896 964 1896 930 1910 922 1902 920 1902 918 1902 916 1902 736 1914 738 1967"/></Shape>
	    <String CONTENT="nous crions Abba pere. Et pour ce q̃ noꝰ estant"
                    HPOS="736"
                    VPOS="1888"
                    WIDTH="1392"
                    HEIGHT="107"
                    WC="0.9908893780505403"></String>
          </TextLine>
          <TextLine ID="eSc_line_63b81f81"
                    TAGREFS="LT8"
                    BASELINE="726 2048 2126 2040" 
                    HPOS="724"
                    VPOS="1977"
                    WIDTH="1402"
                    HEIGHT="99">
            <Shape><Polygon POINTS="726 2048 726 2066 883 2066 894 2076 896 2076 898 2076 900 2076 1013 2066 1067 2076 1069 2076 1160 2064 1397 2074 1399 2074 1401 2074 1451 2062 1471 2072 1473 2072 1475 2074 1684 2074 1684 2072 1686 2072 1714 2062 1772 2072 1774 2072 1878 2060 2078 2070 2080 2070 2082 2070 2126 2056 2126 2040 2120 1977 1839 1987 1827 1979 1823 1977 1821 1977 1819 1977 1817 1977 1797 1981 1752 1989 1714 1981 1692 1977 1690 1977 1623 1983 1546 1989 1508 1983 1471 1979 1469 1979 1467 1979 1445 1985 1421 1991 1401 1985 1381 1979 1379 1979 1378 1979 1336 1987 1306 1991 1182 1989 922 1981 920 1981 918 1981 916 1981 898 1991 896 1993 890 1991 847 1981 845 1981 843 1981 724 1993 726 2048"/></Shape>
	    <String CONTENT="reconseillez ⁊ rappellez en amitie par charite"
                    HPOS="724"
                    VPOS="1977"
                    WIDTH="1402"
                    HEIGHT="99"
                    WC="0.9995865601560344"></String>
          </TextLine>
          <TextLine ID="eSc_line_5c50559a"
                    TAGREFS="LT8"
                    BASELINE="714 2131 2118 2121" 
                    HPOS="712"
                    VPOS="2058"
                    WIDTH="1406"
                    HEIGHT="105">
            <Shape><Polygon POINTS="714 2131 714 2151 879 2151 906 2163 908 2163 910 2163 1025 2151 1051 2149 1197 2149 1203 2151 1217 2161 1219 2161 1221 2161 1223 2161 1225 2161 1227 2161 1241 2151 1251 2151 1308 2159 1310 2159 1312 2159 1326 2151 1334 2147 1342 2151 1354 2159 1356 2159 1358 2159 1360 2161 1449 2161 1449 2159 1451 2159 1467 2153 1480 2147 1518 2153 1540 2155 1542 2155 1544 2155 1546 2155 1548 2153 1558 2145 1675 2145 1692 2153 1700 2157 1702 2157 1704 2159 1772 2159 1772 2157 1774 2157 1775 2157 1779 2153 1787 2145 1807 2153 1817 2157 1819 2157 1821 2157 1823 2157 1825 2157 1825 2155 1829 2153 1839 2143 1871 2153 1878 2155 1880 2155 1882 2155 2118 2153 2118 2121 2112 2064 1918 2068 1894 2066 1845 2058 1843 2058 1841 2058 1839 2058 1831 2066 1825 2072 1752 2072 1738 2066 1714 2060 1712 2060 1710 2060 1708 2060 1706 2060 1698 2068 1692 2072 1595 2072 1589 2068 1564 2060 1562 2060 1560 2060 1558 2060 1526 2070 1512 2072 1480 2070 1397 2062 1395 2062 1352 2070 1342 2072 1332 2072 1275 2062 1273 2062 1271 2062 1239 2072 1231 2074 1174 2072 972 2066 970 2066 908 2076 900 2076 898 2076 881 2066 879 2066 877 2066 805 2076 803 2076 801 2076 742 2066 740 2066 738 2066 712 2074 714 2131"/></Shape>
	    <String CONTENT="nous pourrons cõgnoistre tous les secretz du"
                    HPOS="712"
                    VPOS="2058"
                    WIDTH="1406"
                    HEIGHT="105"
                    WC="0.9916522370444404"></String>
          </TextLine>
          <TextLine ID="eSc_line_00eb8276"
                    TAGREFS="LT8"
                    BASELINE="734 2214 2122 2209" 
                    HPOS="732"
                    VPOS="2147"
                    WIDTH="1390"
                    HEIGHT="95">
            <Shape><Polygon POINTS="734 2214 736 2242 768 2230 795 2240 797 2240 799 2240 892 2230 1003 2240 1011 2240 1013 2240 1021 2240 1108 2230 1148 2240 1156 2240 1158 2240 1160 2240 1164 2238 1197 2228 1235 2238 1237 2238 1239 2240 1358 2240 1358 2238 1360 2238 1362 2238 1374 2228 1463 2236 1486 2238 1488 2238 1502 2236 1542 2228 1576 2236 1589 2238 1591 2238 1633 2236 1712 2228 1722 2234 1724 2236 1726 2236 1728 2236 1730 2236 1732 2236 1736 2234 1752 2226 1779 2234 1789 2236 1791 2236 1793 2236 1817 2234 1872 2226 1902 2232 1916 2236 1918 2236 1920 2236 1922 2236 1934 2232 1958 2226 2118 2230 2122 2209 2118 2151 732 2147 734 2214"/></Shape>
	    <String CONTENT="seigneur pourtant est dit du sainct esprit .F Ce"
                    HPOS="732"
                    VPOS="2147"
                    WIDTH="1390"
                    HEIGHT="95"
                    WC="0.9734735159824291"></String>
          </TextLine>
          <TextLine ID="eSc_line_b08cc266"
                    TAGREFS="LT8"
                    BASELINE="732 2294 2120 2288" 
                    HPOS="730"
                    VPOS="2220"
                    WIDTH="1390"
                    HEIGHT="105">
            <Shape><Polygon POINTS="732 2294 734 2325 776 2311 843 2323 853 2325 855 2325 857 2325 861 2323 888 2313 904 2323 906 2325 908 2325 910 2325 912 2325 914 2325 916 2325 918 2323 940 2311 1172 2319 1286 2323 1288 2323 1290 2323 1308 2317 1336 2310 1350 2317 1362 2323 1364 2323 1366 2325 1439 2325 1439 2323 1441 2323 1473 2315 1498 2310 1581 2313 1649 2317 1651 2317 1675 2313 1696 2308 1704 2311 1718 2321 1720 2321 1722 2321 1724 2321 1726 2321 1746 2311 1754 2308 1764 2311 1789 2321 1791 2321 1793 2321 1855 2310 1871 2308 1884 2310 1942 2321 1944 2321 1946 2321 1985 2310 2013 2319 2015 2319 2017 2319 2120 2306 2120 2288 2116 2236 2039 2236 2009 2220 2007 2220 2005 2220 2003 2220 1973 2234 1934 2220 1932 2220 1930 2220 1861 2234 1785 2220 1783 2220 1781 2220 1779 2220 1762 2232 1726 2220 1724 2220 1722 2220 1641 2236 1641 2238 1595 2238 1577 2238 1548 2222 1546 2222 1544 2222 1469 2236 1441 2222 1439 2222 1437 2222 1435 2222 1413 2234 1401 2222 1399 2222 1397 2222 1395 2222 1393 2222 1391 2222 1391 2224 1376 2238 1312 2238 1235 2222 1233 2222 1231 2222 1189 2238 1152 2224 1150 2224 1148 2224 984 2238 885 2224 883 2224 819 2238 754 2224 752 2224 750 2224 748 2224 730 2234 732 2294"/></Shape>
	    <String CONTENT="stuy uous fera cõgnoistre toute uerite. Pour¬"
                    HPOS="730"
                    VPOS="2220"
                    WIDTH="1390"
                    HEIGHT="105"
                    WC="0.9979339241981506"></String>
          </TextLine>
          <TextLine ID="eSc_line_d41a744a"
                    TAGREFS="LT8"
                    BASELINE="736 2379 2128 2373" 
                    HPOS="734"
                    VPOS="2302"
                    WIDTH="1394"
                    HEIGHT="99">
            <Shape><Polygon POINTS="736 2379 736 2397 2124 2401 2128 2373 2124 2317 2009 2317 1989 2302 1987 2302 1985 2302 1983 2302 1981 2302 1934 2315 1886 2302 1884 2302 1882 2302 1809 2315 1772 2302 1770 2302 1663 2302 1661 2302 1659 2302 1605 2317 1536 2304 1534 2304 1381 2317 1300 2304 1298 2304 1296 2304 1294 2304 1275 2319 1191 2319 1124 2306 1122 2306 1013 2319 991 2306 989 2306 987 2306 985 2306 851 2315 784 2306 782 2306 780 2306 734 2321 736 2379"/></Shape>
	    <String CONTENT="tãt aussi est la confidence de annõcer la uerite"
                    HPOS="734"
                    VPOS="2302"
                    WIDTH="1394"
                    HEIGHT="99"
                    WC="0.9951610887050628"></String>
          </TextLine>
          <TextLine ID="eSc_line_a5f4208d"
                    TAGREFS="LT8"
                    BASELINE="736 2460 2124 2454" 
                    HPOS="734"
                    VPOS="2387"
                    WIDTH="1390"
                    HEIGHT="101">
            <Shape><Polygon POINTS="736 2460 736 2478 1061 2488 1063 2488 1065 2488 1088 2478 1094 2478 1265 2486 1267 2486 1480 2476 1494 2476 1496 2476 1528 2486 1530 2486 1532 2486 1534 2486 1554 2476 1611 2486 1613 2486 1615 2486 1655 2476 1663 2474 1675 2474 1748 2484 1750 2484 2122 2472 2124 2454 2120 2405 1960 2405 1960 2403 1922 2387 1920 2387 1918 2387 1692 2403 1661 2405 1657 2403 1637 2389 1635 2389 1633 2389 1631 2389 1629 2389 1583 2403 1576 2407 1467 2407 1457 2403 1411 2389 1409 2389 1407 2389 1326 2401 1282 2389 1281 2389 1279 2389 1277 2389 1245 2401 1211 2389 1209 2389 1207 2389 1205 2389 1203 2389 1185 2403 1180 2407 1176 2403 1158 2391 1156 2391 1154 2391 1100 2391 1098 2391 1096 2391 1094 2391 1094 2393 1083 2403 1079 2407 1067 2403 1035 2391 1033 2391 1031 2391 734 2401 736 2460"/></Shape>
	    <String CONTENT="de laq̃lle furẽt rẽplis les apostres en sa uenue/"
                    HPOS="734"
                    VPOS="2387"
                    WIDTH="1390"
                    HEIGHT="101"
                    WC="0.9978359294872657"></String>
          </TextLine>
          <TextLine ID="eSc_line_c508698a"
                    TAGREFS="LT8"
                    BASELINE="738 2543 2128 2543" 
                    HPOS="738"
                    VPOS="2474"
                    WIDTH="1390"
                    HEIGHT="97">
            <Shape><Polygon POINTS="738 2543 738 2557 813 2571 815 2571 817 2571 843 2559 1059 2571 1061 2571 1162 2559 1201 2571 1203 2571 1205 2571 1259 2559 1275 2571 1277 2571 1279 2571 1281 2571 1471 2559 1570 2559 1585 2571 1587 2571 1589 2571 1591 2571 1756 2559 1775 2569 1777 2569 1779 2569 1950 2559 2090 2571 2092 2571 2094 2571 2128 2557 2128 2543 2128 2474 2057 2474 2055 2474 2053 2474 2023 2490 1819 2490 1793 2476 1789 2474 1787 2474 1785 2474 1783 2474 1777 2476 1742 2488 1708 2476 1700 2474 1698 2474 1696 2474 1694 2474 1686 2476 1647 2488 1589 2476 1570 2474 1568 2474 1552 2478 1506 2488 1419 2478 1393 2476 1391 2476 1378 2478 1352 2484 1344 2478 1338 2474 1336 2474 1334 2474 1332 2474 1279 2480 1211 2486 1199 2480 1187 2474 1185 2474 1183 2474 1182 2474 1170 2480 1152 2490 1029 2490 1019 2482 1011 2474 1009 2474 1007 2474 1005 2474 944 2482 908 2486 902 2482 894 2474 892 2474 890 2474 888 2474 887 2474 859 2482 839 2488 817 2482 780 2474 778 2474 738 2482 738 2543"/></Shape>
	    <String CONTENT="ueritablement attribuee a la charite: car aussi"
                    HPOS="738"
                    VPOS="2474"
                    WIDTH="1390"
                    HEIGHT="97"
                    WC="0.9929688801156714"></String>
          </TextLine>
          <TextLine ID="eSc_line_82c40b25"
                    TAGREFS="LT8"
                    BASELINE="738 2626 2134 2620" 
                    HPOS="736"
                    VPOS="2553"
                    WIDTH="1398"
                    HEIGHT="95">
            <Shape><Polygon POINTS="738 2626 738 2646 2132 2648 2134 2620 2130 2571 1966 2571 1946 2557 1944 2557 1942 2557 1940 2557 1938 2557 1898 2569 1845 2555 1843 2555 1841 2555 1635 2571 1570 2553 1568 2553 1566 2553 1564 2553 1528 2573 1429 2573 1378 2553 1376 2553 1374 2553 1271 2563 1213 2553 1211 2553 1098 2555 1096 2555 1094 2555 1083 2565 902 2555 900 2555 898 2555 896 2555 879 2567 857 2555 855 2555 774 2555 772 2555 770 2555 768 2555 736 2573 738 2626"/></Shape>
	    <String CONTENT="la diffidẽce est attribuee a la crainte/ q̃ la con¬"
                    HPOS="736"
                    VPOS="2553"
                    WIDTH="1398"
                    HEIGHT="95"
                    WC="0.9890770877783115"></String>
          </TextLine>
          <TextLine ID="eSc_line_4a110373"
                    TAGREFS="LT8"
                    BASELINE="747 2711 2126 2703" 
                    HPOS="742"
                    VPOS="2627"
                    WIDTH="1382"
                    HEIGHT="116">
            <Shape><Polygon POINTS="745 2710 745 2743 2124 2722 2124 2701 2112 2627 2061 2642 1895 2630 1833 2627 1830 2627 1767 2633 1657 2645 1643 2636 1637 2630 1634 2630 1631 2630 1628 2630 1574 2636 1515 2645 1503 2639 1485 2630 1482 2630 1241 2630 1238 2630 1236 2630 1203 2645 1191 2648 1176 2645 1132 2633 1129 2633 1126 2633 903 2648 757 2633 754 2633 751 2633 748 2633 748 2636 745 2636 742 2636 745 2710"/></Shape>
	    <String CONTENT="summation de charite boute hors.7 Pourtant"
                    HPOS="742"
                    VPOS="2627"
                    WIDTH="1382"
                    HEIGHT="116"
                    WC="0.9929330278010595"></String>
          </TextLine>
          <TextLine ID="eSc_line_1f0b68e2"
                    TAGREFS="LT8"
                    BASELINE="747 2791 2120 2789" 
                    HPOS="745"
                    VPOS="2716"
                    WIDTH="1373"
                    HEIGHT="110">
            <Shape><Polygon POINTS="745 2788 745 2823 2115 2826 2118 2788 2115 2716 745 2728 745 2788"/></Shape>
	    <String CONTENT="aussi est il appelle le don de dieu: pour ce q̃ nul"
                    HPOS="745"
                    VPOS="2716"
                    WIDTH="1373"
                    HEIGHT="110"
                    WC="0.9920907312748479"></String>
          </TextLine>
          <TextLine ID="eSc_line_cb1c610f"
                    TAGREFS="LT8"
                    BASELINE="739 2875 2116 2872" 
                    HPOS="733"
                    VPOS="2799"
                    WIDTH="1382"
                    HEIGHT="98">
            <Shape><Polygon POINTS="736 2874 736 2897 2112 2894 2115 2871 2109 2814 858 2799 855 2799 733 2814 736 2874"/></Shape>
	    <String CONTENT="na la fruition de ce quil congnoit/ se pareille¬"
                    HPOS="733"
                    VPOS="2799"
                    WIDTH="1382"
                    HEIGHT="98"
                    WC="0.9936441505948702"></String>
          </TextLine>
          <TextLine ID="eSc_line_0aac1fbe"
                    TAGREFS="LT8"
                    BASELINE="728 2961 2110 2953" 
                    HPOS="728"
                    VPOS="2888"
                    WIDTH="1382"
                    HEIGHT="124">
            <Shape><Polygon POINTS="728 2943 728 2961 728 2998 825 2994 841 2998 871 3010 873 3010 875 3010 877 3010 916 2998 932 2994 940 2998 956 3010 958 3010 960 3010 962 3012 1033 3012 1033 3010 1035 3010 1065 2998 1084 2992 1140 2998 1219 3008 1221 3008 1288 2998 1332 2992 1366 2998 1415 3008 1417 3008 1631 3006 1633 3006 1655 2998 1661 2996 1671 2998 1714 3006 1716 3006 1718 3006 1740 2998 1766 2988 1795 2998 1817 3004 1819 3004 1821 3004 1823 3004 1839 2998 1863 2988 2108 2996 2110 2953 2106 2901 1962 2888 1960 2888 1958 2888 1918 2899 1871 2889 1869 2889 1867 2889 1847 2899 1708 2891 1706 2891 1655 2901 1621 2889 1619 2889 1617 2889 1538 2901 1421 2893 1419 2893 1417 2893 1415 2893 1403 2903 1401 2903 1399 2903 1314 2891 1312 2891 1310 2891 1267 2903 1251 2891 1249 2891 1247 2891 1180 2891 1178 2891 1176 2891 1130 2903 1073 2891 1071 2891 1069 2891 1067 2891 1047 2905 1045 2905 1029 2905 843 2893 841 2893 738 2905 728 2943"/></Shape>
	    <String CONTENT="ment il ne layme. Car auoir fruition de la sa¬"
                    HPOS="728"
                    VPOS="2888"
                    WIDTH="1382"
                    HEIGHT="124"
                    WC="0.9993212015732474"></String>
          </TextLine>
        </TextBlock>
        <TextBlock HPOS="408"
                   VPOS="733"
                   WIDTH="280"
                   HEIGHT="195"
                   ID="eSc_textblock_8372bd37"
                   TAGREFS="BT13">
          <Shape><Polygon POINTS="408 733 410 928 686 928 688 738"/></Shape>
          <TextLine ID="eSc_line_815654cc"
                    TAGREFS="LT8"
                    BASELINE="435 799 681 799" 
                    HPOS="433"
                    VPOS="665"
                    WIDTH="247"
                    HEIGHT="184">
            <Shape><Polygon POINTS="433 798 433 828 460 843 463 843 466 843 469 843 511 831 528 828 540 834 555 846 558 846 561 846 564 849 680 849 680 798 677 665 615 671 612 671 609 671 609 674 588 691 534 736 484 721 466 718 463 718 460 718 457 718 454 718 433 730 433 798"/></Shape>
	    <String CONTENT="di saict"
                    HPOS="433"
                    VPOS="665"
                    WIDTH="247"
                    HEIGHT="184"
                    WC="0.9997364729642868"></String>
          </TextLine>
          <TextLine ID="eSc_line_d42f9f02"
                    TAGREFS="LT8"
                    BASELINE="429 888 612 887" 
                    HPOS="424"
                    VPOS="807"
                    WIDTH="185"
                    HEIGHT="137">
            <Shape><Polygon POINTS="427 887 430 944 499 923 603 935 609 884 600 807 424 819 427 887"/></Shape>
	    <String CONTENT="esprit."
                    HPOS="424"
                    VPOS="807"
                    WIDTH="185"
                    HEIGHT="137"
                    WC="0.9862212368420192"></String>
          </TextLine>
        </TextBlock>
        <TextBlock HPOS="934"
                   VPOS="167"
                   WIDTH="930"
                   HEIGHT="134"
                   ID="eSc_textblock_d25347e0"
                   TAGREFS="BT18">
          <Shape><Polygon POINTS="934 167 934 301 1864 301 1864 167"/></Shape>
          <TextLine ID="eSc_line_66edee8f"
                    TAGREFS="LT10"
                    BASELINE="956 269 1849 259" 
                    HPOS="954"
                    VPOS="164"
                    WIDTH="895"
                    HEIGHT="132">
            <Shape><Polygon POINTS="1825 176 1805 166 1785 164 1774 164 1704 178 1665 186 1514 186 1498 176 1475 164 1473 164 1471 164 1469 164 1467 164 1449 176 1433 186 1381 176 1328 166 1326 166 1324 166 1322 166 1322 168 1312 176 1298 190 1263 190 1239 176 1219 166 1217 166 1144 166 1142 166 1140 166 1138 166 1124 176 1104 188 1077 176 1059 168 1057 168 1055 168 958 174 954 178 956 269 956 281 1049 296 1051 296 1053 296 1094 285 1164 294 1166 294 1168 294 1201 283 1209 281 1217 283 1239 292 1241 292 1243 292 1286 285 1314 279 1342 285 1378 290 1379 290 1411 285 1441 279 1453 285 1469 292 1471 292 1473 292 1633 287 1635 287 1637 287 1649 277 1694 287 1708 288 1710 288 1712 288 1714 288 1716 287 1734 275 1847 287 1849 259 1847 190 1845 188"/></Shape>
	    <String CONTENT="Lutilite de la parolle"
                    HPOS="954"
                    VPOS="164"
                    WIDTH="895"
                    HEIGHT="132"
                    WC="0.9790893386710774"></String>
          </TextLine>
        </TextBlock>
        <TextBlock HPOS="391"
                   VPOS="1254"
                   WIDTH="343"
                   HEIGHT="533"
                   ID="eSc_textblock_e23e5387"
                   TAGREFS="BT13">
          <Shape><Polygon POINTS="391 1260 431 1787 728 1775 734 1534 706 1469 698 1254"/></Shape>
          <TextLine ID="eSc_line_6da07d48"
                    TAGREFS="LT8"
                    BASELINE="417 1332 689 1320" 
                    HPOS="410"
                    VPOS="1241"
                    WIDTH="276"
                    HEIGHT="112">
            <Shape><Polygon POINTS="415 1330 415 1353 683 1350 686 1318 677 1244 487 1255 484 1255 454 1241 451 1241 448 1241 445 1241 410 1255 415 1330"/></Shape>
	    <String CONTENT="Le saĩct"
                    HPOS="410"
                    VPOS="1241"
                    WIDTH="276"
                    HEIGHT="112"
                    WC="0.947565131717258"></String>
          </TextLine>
          <TextLine ID="eSc_line_595eb970"
                    TAGREFS="LT8"
                    BASELINE="413 1411 685 1403" 
                    HPOS="411"
                    VPOS="1338"
                    WIDTH="274"
                    HEIGHT="106">
            <Shape><Polygon POINTS="413 1411 413 1433 479 1444 481 1444 483 1444 502 1435 512 1431 554 1437 572 1439 574 1439 584 1437 629 1427 683 1439 685 1403 677 1338 625 1357 595 1357 582 1348 578 1344 576 1344 574 1344 572 1344 570 1344 552 1349 528 1359 512 1353 481 1342 479 1342 477 1342 475 1342 411 1361 413 1411"/></Shape>
	    <String CONTENT="esprit est"
                    HPOS="411"
                    VPOS="1338"
                    WIDTH="274"
                    HEIGHT="106"
                    WC="0.9997639179229736"></String>
          </TextLine>
          <TextLine ID="eSc_line_4decd62b"
                    TAGREFS="LT8"
                    BASELINE="425 1490 692 1484" 
                    HPOS="423"
                    VPOS="1423"
                    WIDTH="269"
                    HEIGHT="103">
            <Shape><Polygon POINTS="425 1490 425 1514 496 1526 498 1526 690 1510 692 1484 689 1437 603 1423 601 1423 599 1423 597 1423 580 1437 453 1429 451 1429 449 1429 423 1439 425 1490"/></Shape>
	    <String CONTENT="appelle"
                    HPOS="423"
                    VPOS="1423"
                    WIDTH="269"
                    HEIGHT="103"
                    WC="0.9997215356145587"></String>
          </TextLine>
          <TextLine ID="eSc_line_20298591"
                    TAGREFS="LT8"
                    BASELINE="435 1573 669 1567 725 1557" 
                    HPOS="430"
                    VPOS="1490"
                    WIDTH="294"
                    HEIGHT="119">
            <Shape><Polygon POINTS="433 1570 433 1594 519 1609 522 1609 724 1591 724 1555 713 1490 540 1511 519 1508 457 1496 454 1496 451 1496 448 1496 430 1508 433 1570"/></Shape>
	    <String CONTENT="le don de"
                    HPOS="430"
                    VPOS="1490"
                    WIDTH="294"
                    HEIGHT="119"
                    WC="0.9999899731742011"></String>
          </TextLine>
          <TextLine ID="eSc_line_052c3aa0"
                    TAGREFS="LT8"
                    BASELINE="439 1654 623 1650" 
                    HPOS="437"
                    VPOS="1593"
                    WIDTH="186"
                    HEIGHT="81">
            <Shape><Polygon POINTS="439 1654 439 1674 623 1666 623 1650 619 1601 437 1593 439 1654"/></Shape>
	    <String CONTENT="dieu."
                    HPOS="437"
                    VPOS="1593"
                    WIDTH="186"
                    HEIGHT="81"
                    WC="0.9999266862869263"></String>
          </TextLine>
          <TextLine ID="eSc_line_d178767f"
                    TAGREFS="LT8"
                    BASELINE="443 1745 675 1737 720 1724" 
                    HPOS="437"
                    VPOS="1662"
                    WIDTH="283"
                    HEIGHT="115">
            <Shape><Polygon POINTS="443 1745 443 1775 590 1763 623 1775 629 1777 631 1777 633 1777 720 1773 720 1724 708 1666 643 1674 637 1670 619 1662 617 1662 615 1662 613 1662 590 1674 586 1676 582 1676 550 1666 548 1666 546 1666 544 1666 542 1666 526 1680 524 1680 522 1680 455 1670 453 1670 451 1670 449 1670 449 1672 437 1682 443 1745"/></Shape>
	    <String CONTENT="Ioã.4.b"
                    HPOS="437"
                    VPOS="1662"
                    WIDTH="283"
                    HEIGHT="115"
                    WC="0.9999672770500183"></String>
          </TextLine>
        </TextBlock>
        <TextBlock HPOS="414"
                   VPOS="1841"
                   WIDTH="298"
                   HEIGHT="194"
                   ID="eSc_textblock_18af002c"
                   TAGREFS="BT13">
          <Shape><Polygon POINTS="414 1841 435 2035 712 2022 690 1841"/></Shape>
          <TextLine ID="eSc_line_f0de24db"
                    TAGREFS="LT8"
                    BASELINE="439 1906 681 1898" 
                    HPOS="435"
                    VPOS="1829"
                    WIDTH="246"
                    HEIGHT="100">
            <Shape><Polygon POINTS="439 1906 439 1929 681 1924 681 1898 675 1848 615 1848 613 1848 574 1832 572 1832 570 1832 568 1832 540 1846 494 1829 492 1829 491 1829 457 1830 455 1830 453 1830 435 1842 439 1906"/></Shape>
	    <String CONTENT="Ro.8.c"
                    HPOS="435"
                    VPOS="1829"
                    WIDTH="246"
                    HEIGHT="100"
                    WC="0.9999923706054688"></String>
          </TextLine>
          <TextLine ID="eSc_line_595fe15a"
                    TAGREFS="LT8"
                    BASELINE="445 1991 700 1981" 
                    HPOS="441"
                    VPOS="1929"
                    WIDTH="259"
                    HEIGHT="95">
            <Shape><Polygon POINTS="445 1991 445 2024 546 2009 574 2017 591 2022 593 2022 595 2022 597 2022 629 2013 659 2005 698 2007 700 1981 694 1929 441 1929 445 1991"/></Shape>
	    <String CONTENT="gał.4.a"
                    HPOS="441"
                    VPOS="1929"
                    WIDTH="259"
                    HEIGHT="95"
                    WC="0.9998921070780072"></String>
          </TextLine>
        </TextBlock>
        <TextBlock HPOS="410"
                   VPOS="2170"
                   WIDTH="290"
                   HEIGHT="107"
                   ID="eSc_textblock_62b0a4de"
                   TAGREFS="BT13">
          <Shape><Polygon POINTS="410 2170 410 2277 700 2277 700 2170"/></Shape>
          <TextLine ID="eSc_line_676129a1"
                    TAGREFS="LT8"
                    BASELINE="433 2240 694 2230" 
                    HPOS="429"
                    VPOS="2165"
                    WIDTH="265"
                    HEIGHT="117">
            <Shape><Polygon POINTS="429 2169 433 2240 435 2282 467 2272 510 2280 516 2280 518 2280 520 2280 522 2280 546 2260 590 2260 692 2272 694 2230 690 2169 429 2165 429 2169"/></Shape>
	    <String CONTENT="Ioã.16.c"
                    HPOS="429"
                    VPOS="2165"
                    WIDTH="265"
                    HEIGHT="117"
                    WC="0.9999701778093973"></String>
          </TextLine>
        </TextBlock>
        <TextBlock HPOS="417"
                   VPOS="2642"
                   WIDTH="306"
                   HEIGHT="268"
                   ID="eSc_textblock_ffde5188"
                   TAGREFS="BT13">
          <Shape><Polygon POINTS="455 2644 417 2730 420 2910 722 2910 723 2642"/></Shape>
          <TextLine ID="eSc_line_700eaab7"
                    TAGREFS="LT8"
                    BASELINE="443 2713 712 2711" 
                    HPOS="442"
                    VPOS="2624"
                    WIDTH="268"
                    HEIGHT="113">
            <Shape><Polygon POINTS="442 2710 442 2737 710 2731 710 2710 710 2642 469 2624 466 2624 463 2624 460 2624 442 2636 442 2710"/></Shape>
	    <String CONTENT="Le saĩct"
                    HPOS="442"
                    VPOS="2624"
                    WIDTH="268"
                    HEIGHT="113"
                    WC="0.999468551741706"></String>
          </TextLine>
          <TextLine ID="eSc_line_e58e2ff8"
                    TAGREFS="LT8"
                    BASELINE="431 2792 712 2792" 
                    HPOS="430"
                    VPOS="2719"
                    WIDTH="280"
                    HEIGHT="104">
            <Shape><Polygon POINTS="430 2791 430 2814 707 2823 710 2791 707 2719 430 2731 430 2791"/></Shape>
	    <String CONTENT="esprit est"
                    HPOS="430"
                    VPOS="2719"
                    WIDTH="280"
                    HEIGHT="104"
                    WC="0.9998814761638641"></String>
          </TextLine>
          <TextLine ID="eSc_line_cca4fd74"
                    TAGREFS="LT8"
                    BASELINE="431 2876 704 2875" 
                    HPOS="430"
                    VPOS="2796"
                    WIDTH="271"
                    HEIGHT="137">
            <Shape><Polygon POINTS="430 2874 430 2924 620 2918 677 2933 680 2933 683 2933 686 2933 689 2933 689 2930 701 2918 701 2874 701 2811 430 2796 430 2874"/></Shape>
	    <String CONTENT="dilectiõ."
                    HPOS="430"
                    VPOS="2796"
                    WIDTH="271"
                    HEIGHT="137"
                    WC="0.972490131855011"></String>
          </TextLine>
        </TextBlock>
        <TextBlock HPOS="1869"
                   VPOS="2989"
                   WIDTH="262"
                   HEIGHT="89"
                   ID="eSc_textblock_ee99a0a8"
                   TAGREFS="BT17">
          <Shape><Polygon POINTS="1869 2989 1869 3078 2130 3078 2131 2989"/></Shape>
          <TextLine ID="eSc_line_87a85369"
                    TAGREFS="LT8"
                    BASELINE="1884 3046 2118 3042" 
                    HPOS="1882"
                    VPOS="2981"
                    WIDTH="236"
                    HEIGHT="110">
            <Shape><Polygon POINTS="1884 3046 1886 3091 1930 3074 2003 3081 2074 3087 2076 3087 2078 3087 2118 3070 2118 3042 2110 2981 2069 2990 2017 2986 1950 2981 1948 2981 1882 2994 1884 3046"/></Shape>
	    <String CONTENT="pience"
                    HPOS="1882"
                    VPOS="2981"
                    WIDTH="236"
                    HEIGHT="110"
                    WC="0.9987820287545522"></String>
          </TextLine>
        </TextBlock>
      </PrintSpace>
    </Page>
  </Layout>
</alto>
