2267 3563
186 306 1386 117 piẽce de dieu nest riẽs autre chose/ q̃ estre com¬

188 389 1372 117 roincta ky par dilection. Nul aussi nest per¬

196 475 1366 104 manẽl en ce quil cõgnoit/ sinon par dilection:

203 560 1357 111 ⁊ pourtãt est le sainct esprit dit dieu/ pour ce q̃

196 643 1366 103 tous ceulx qui sont sainctifiez sont cõfermez

186 724 1374 109 destre ꝑmanẽs. Et nest pas de doubte q̃ la sain

176 811 1392 105 ctete est dicte de permanẽce ⁊ de confirmation.

188 888 1378 103 Maisces choses icy se peuuẽt facilement dire

196 973 1364 111 ⁊ croire/ mais elles ne se peuuent ueoir sinon

192 1059 1372 95 de pur cueur commẽt totallement elles sont.

184 1138 1388 118 Parquoy soit que ceste sentence soit ueritable

184 1231 1386 103 ou q̃lque autre chose: la foy doibt estre tenue

184 1297 1375 125 sans doubte) q̃ nous disons le pere estre dieu/

181 1389 1390 107 le filz estre dieu/ ⁊ le sainct esprit estre dieu: et

184 1478 1387 98 non point troys dieux/ mais icelle trinite estre

184 1549 1417 113 ung seul dieu: non pas aussi diuers de natu¬

192 1642 1425 105 re/ mais dune mesme (uuRõce. Non pas aussi

211 1722 1398 108 q̃ le pere soit aucunesfoys le filz/ ou aucunes¬

211 1801 1386 115 foys le sainct esprit: mais le peree/t̃ tousroͬs le

197 1888 1384 105 pere/ ⁊ le filz est̃ tousiours le filz/ ⁊ le sainct

190 1971 1142 121 esprit est tousiours le sainct esprit/ ⁊c.

219 2137 1357 174 ¶ De Penitence/ et de

308 2294 1170 116 troys manieres de confession:

409 2405 1028 124 ascauoix/ Diuine/ Froter¬

463 2511 940 129 nelle/ et Publicque. Et

530 2622 790 141 premier de la cõfes¬

659 2737 554 135 sion Diuine.

526 2844 796 182 Chapitre. .xiii.

492 166 935 140 de dieu. Chap̃.xti.

1586 172 178 116 229

1598 1255 258 140 Lauraie

1592 1368 253 110 cõfessiõ

1598 1460 282 113 de la tri¬

1616 1535 151 148 nite.

1267 2969 330 140 Psal.31.A.
