2267 3563
359 118 1105 170 confession. Chap̃.xiii.

156 287 1402 132 luy pardonnez abondamment ⁊ que

158 401 1380 129 uous le consolez/ que par aduenture

164 510 1378 137 celuy qui est tel ne soit absorbe de

170 625 1372 141 trop grande tristesse. Pourquoy ie

150 736 1382 152 uous prie q̃ uous confermez la cha¬

156 868 740 125 rite enuers luy/ ⁊c.

300 991 1099 115 ¶ Augustin ad Seleucianam en la

457 1084 782 105 cent ⁊ cinquiesme epistre.

157 1178 1382 128 ¶ Penitence/ est la peine quotidiane des bõs

148 1267 1391 122 ⁊ des fideles/ en laquelle nous frappons noz

145 1350 1394 104 cueurs/ disant. * Pardõne noꝰ noz debtes/ ⁊c.

148 1428 1391 127 Et par ces parolles en humiliant noz ames/

148 1520 1404 117 nous ne cessons de faire aucunemẽt une peni¬

152 1609 554 103 tence quotidiane.

364 1680 1033 113 ¶ Le mesme/ au .iii. sermon de la

556 1769 657 99 natiuite du seigneur.

166 1831 1381 137 ¶ Riens ne faict certaine penitẽce/ sinon hay¬

154 1926 1393 116 ne de peche/ ⁊ amour de dieu. Quãt tu es ain¬

154 2007 1393 118 si penitẽt/ que ce q̃ par auant ta este plaisant ⁊

160 2100 1380 111 doulx en la uie/ maintenãt test amer au cueͬ:

154 2183 1392 115 et que maintenãt te tourmente en couraige/ ce

162 2274 1382 109 que par auant te delectoit au corps: alors est

163 2342 1387 128 bon ton gemissemẽt: et dis a dieu. Iay peche a

166 2438 1221 109 toy seul/ ⁊ ay faict le mal deuãt toy/ ⁊c.

358 2537 1027 115 ¶ Augustin au dixiesme liure de

641 2626 503 103 ses confessions.

172 2699 1394 125 ¶ O seigñr/ ie te suis donc manifeste/ quel q̃

157 2788 1382 124 ie soye/ ⁊ ay dit de q̃l fruict ie me cõfesse a toy.

164 2872 1366 130 Car ie ne fais point ceste chose par parolles

1631 133 157 137 231

1550 1143 268 124 La diffi

1553 1244 268 112 nition de

1553 1339 259 98 penitẽce

1553 1407 265 110 mat.6.b

1556 1829 256 118 que cest

1556 1926 268 98 de uraye

1556 2022 268 100 penitẽce.

1574 2304 262 157 Ps̈.50.a

1565 2761 238 151 Ps̈.37.b

1281 2965 247 134 de chair
