2267 3563
457 448 267 110 La con¬

457 552 250 107 fesse di¬

457 629 223 125 iuste er

451 718 220 107 du pe¬

442 801 190 104 cheur.

433 881 250 119 Ps̈.5.c

744 310 1372 113 de chair ⁊ par uoix: mais par parolles de la¬

740 401 1384 101 me/ ⁊ par clameur de pẽsee/ q̃ ton aureille con¬

739 472 1376 104 gnoit.? Car quãt ie suis mauuais/ ce nest au¬

727 555 1394 121 tre chose de se consesser a toy/ q̃ de desplaire a

719 647 1390 104 moy mesme. Et quãt ie suis fidele: se confesser

719 736 1396 107 g toy nest autre chose/ q̃ de nõ attribuer a moy

730 807 1379 104 ceste fidelite: car toy seigñr tu beneis le iuste/

745 890 1376 116 mais premier tu iuftilie linfidele. Et ainsi ma

742 977 1384 107 cõfessiõ/ mõ dieu/ edle se Ioict secretemẽt en ta

744 1062 1376 107 p̃sence: ⁊ nõ secretemẽt. Car ede Ie taist quãt a

728 1140 1382 112 la uoix/ mois quãt a laffectiõ elle crie. Aussi

704 1233 1410 99 certaine//rẽt ne dis ie riẽs de droit aux hõmes

702 1320 1416 91 q̃ tu ne laye p̃mier ouy de moy: et si ne ouyras

714 1391 1404 101 nude tede chole de moy/ q̃ tu ne me la ye dit ꝑ

736 1472 1378 107 auãt. Que nay ie afoire donc des hõmes qͥ lz

744 1551 1360 111 ouyẽt mes cõfessiõs: cõme filz deduoiet guerir

744 1640 1358 105 toutes mes lãgueurs? Cest ung gẽre curieux

744 1718 1380 114 de cõgnoistre la uie dautruy/ ⁊ ung genre pa¬

740 1809 1388 105 resseux de corriger la siẽne. Pourquoy me de¬

738 1892 1390 95 mandent ilz de ouyr quel ie suis: la ou ilz ne

732 1971 1390 99 ueullent pas ouyr de toy quelz ilz sont? Et de¬

714 2056 1404 111 quoy scatuẽt/ lz quãt ilz oupẽt de moymesme

716 2134 1393 107 par moy/ ascauoir si ie dis uray? quãt uraye¬

721 2220 1379 107 ment nub bõme ◊ee ◊eoat q̃de chose est Ionct en

733 2295 1376 118 ehomme/ sinõ lesprit de lhõme qui est en luy.

757 2378 1370 107 Quant aussi ilz te ouyrõt/ ilz ne pourrõt dire

760 2461 1364 107 de eulx mesmes/ il ment. Car q̃lle chose est ce/

748 2553 1370 104 q̃ toy ouyr de luy/ sinon le cõgnoistre? Mais

742 2636 1376 113 qui est celuy qͥ congnoit/ ⁊ qͥ dit il est faulx sil

740 2725 1368 105 ne mẽt? Mais pour ce que charite croit toutes

734 2806 1360 109 choses: entre ceulx urayemẽt quelle faict ung

726 2891 1376 123 auec elle par cõiunctiõ. Aussi seigñr/ ie me cõ¬

1023 174 749 130 De penitence ⁊ de

433 2131 256 116 Lesperit

436 2214 262 113 de lhom

445 2307 262 100 me scait

445 2384 279 101 q̃lles cho

451 2467 273 110 ses sont

439 2559 274 119 en lhõe.

1942 2979 154 134 fesse
