2267 3563
184 288 1409 117 pour le salut: ⁊ ne se hontissent pas en req̃tã/

186 382 1391 106 ⁊ si impettrẽt en priant. Les larmes dõc secret¬

188 475 1388 83 tes sont aucunemẽt prieres: elles ne demãdent

194 548 1387 95 point par don/ si le deseruent: elles ne diẽt pas

186 631 1391 99 la cause/ si obtiennent misericorde: sinon q̃ les

178 712 1394 105 prieres des larmes sont plus utiles que cel¬

172 795 1398 97 les des parolles: pour ce que par aduenture la

178 882 1390 101 parolle deceoit en priant/ ⁊ les larmes ne de¬

180 963 1386 96 ceoiuent iamais. Car la parolle ne dit pas au

172 1047 1384 105 cunesfoys tout laffaire/ mais les larmes tous

170 1128 1394 107 iours manifestent toute laffection. Et pour¬

166 1217 1400 99 tant maintenãt Pierre ne use pas de parolle/

172 1300 1396 101 par laquelle il auoit deceu ⁊ peche/ par laq̃lle

166 1377 1392 109 il auoit perdu la foy: affin q̃ par ce ne fust pas

172 1470 1392 99 creu en soy confessant/ parquoy il auoit use

164 1551 1413 103 en renonceant. Et pour ce ayme il myeulx de

168 1629 1419 104 plourer sa cause/ que de le dire: ⁊de gfesser par

174 1712 1400 103 larmes ce guid auoit nie par parolles. Ma/s

176 1801 1388 97 ie treuue aussi une autre chose/ poͬ uoy sainct

168 1878 1392 97 Pierre sest̃ teuest: affin que la requeste tant ha¬

164 1959 1402 109 stiue du pardon ne offensast plus par impudẽ

164 2050 1394 99 ce/ quelle ne impetrast. Car coustumieremẽt ce

162 2129 1396 107 luy qui par grand uergongne faict sa depreca

164 2213 1392 106 tion dessert plustost son pardon. Parquoy en

172 2298 1394 103 tout peche premier fault plourer/ puis apres

166 2378 1393 110 prier.? Maintenant congnoissons nous par

157 2452 1382 113 ceste exẽple/ cõmẽt nous guerirõs noz pechez.

166 2547 1384 113 Uoicy/ ce q̃ lapostre a nie ne ma nuyen riẽs: ⁊

166 2636 1387 95 ce qui) sest amende ma grandement proffite.

261 2707 1233 122 ¶ La mesme sentence est au liure de son

338 2796 1075 105 exposition sur sainct Luc/ au .x.

489 2878 750 126 liure/ au. xeui chapitre.

401 133 1114 160 confession. Chap̃.ꝑ1i.

1637 163 169 151 2zz

1574 2342 274 134 Lexem¬

1559 2440 292 119 ple de la

1571 2535 265 128 guerisoꝰ

1586 2612 205 107 des pe¬

1577 2698 134 223 ehez.

983 2942 582 172 Dd ¶ De la
