2267 3563
817 298 1240 109 ¶ De la recollection de Beda/ sur ce pas¬

807 385 1230 109 saige de sainct Paul ad Colossen.iii.B.

730 490 1170 131 ¶ En supportant lung lautre.

780 621 1340 109 ¶ Et est allegue du .luiii. traicte sainct Au

700 712 1410 109 gustin sur sainct Iehan: toutesfoys nest pas

692 793 747 93 trouue en noz uolumes.

719 866 1396 116 ¶ Quãt le seigñr laua les piedz de ses disci¬

720 960 1400 104 ples qui estoient bons ⁊ nelz/ il signifia que a

716 1039 1396 105 cause des affections humaines uar lesquelles

706 1128 1400 97 nous cõnersons en la terre/ cõbien q̃ noꝰ ayõs

689 1209 1423 101 proffite par apprehẽsion de tuestice/ q̃ nous ne

704 1294 1405 104 sõmes point sans peche.7 Ce que les laue en

727 1380 1394 98 moyennãt pour nous/ quãt nous prions le pe

742 1460 1367 95 re qui est au ciel/ quil nous pardõne noz deb¬

736 1532 1367 112 tes cõme nous pardõnons a noz dedteurs. Cõ

730 1624 1379 107 ment donc pourra paruenir a ceste intelligence

742 1710 1379 101 ce q̃ luy mesme apres enseigna/ la ou il expo¬

748 1781 1367 110 sa incõtinent la raison de son oeuure/ disant.

736 1878 1382 89 Se iay laue uoz piedz cõme maistre ⁊ seigñr/

728 1961 1398 95 uous debuez auessi lauer les piedz lung de lau

706 2038 1410 105 tre. Car ie uous ay dõne lexẽple/ affin q̃ cõme

724 2122 1379 101 ie uous ay (aict/ q̃ pare demẽt uoꝰ le faictes?

748 2200 1367 98 A Pourrons nous dire/ q̃ aussi le frere pourra

751 2280 1370 113 nettoyer lautre frere de la macule du peche?

754 2369 1367 110 Mesmemẽt aussi cõgnoissons q̃ en la haultes

742 2449 1391 113 se de ceste oeuure diuine nous sommes admõ¬

748 2541 1382 92 nestez/ que quant nous auons confesse lung a

754 2621 1370 98 lautre noz pechez/ q̃ noꝰ priõs lung poͬ lautre/

745 2704 1376 104 ainsi q̃ Christ prie poͬ noꝰ. Escoutõs lapostre

754 2779 1361 107 saĩct Iacq̃s qͥ cõmãde ⁊ dit ceste chose tres eui

752 2868 1366 122 dãment. 7Cõfessez lung a lautre uoz pechez/ ⁊

418 855 277 133 Ioã.13.a

1001 162 739 128 De penitence ⁊ de

439 1273 250 113 Quelle

427 1368 286 98 cuole li¬

445 1451 282 104 gnifie le

448 1540 271 96 lauemẽt

448 1618 271 107 des piedz

445 1704 279 98 des disci

448 1781 187 125 ples.

433 2096 241 130 Io.13.b

442 2194 288 107 Cõment

442 2298 256 80 le frere

451 2369 259 104 absoult

454 2455 235 98 laultre

445 2529 259 116 frere de

448 2612 279 119 sõ peche.

436 2698 268 101 1.Io.2.d

439 2782 297 109 Iaco.5.d

1783 2965 327 111 priez lung
