2267 3563
540 154 993 196 de dieu. Chap̃.xii.

255 338 1382 111 sont pas cõme ceste parolle. Car nulle parolle

243 429 1382 103 ne ua apres la parolle de Moyse/ apres la

246 504 1370 113 parolle des ꝓphetes * ⁊ encore beaucoup moĩs

237 596 1391 101 ap̃s la parolle de Iesuchrist ⁊ de ses apostres.

222 671 1400 112 Regarde si le sens de dieu ne crie pas ce qui est

216 751 1388 115 dit. Il a urayemẽt donne la loy en aide: affin

213 843 1388 104 q̃ ceulx qͥ ont receu la loy en aide dient: il ny a

225 922 1382 111 nulle parolle semblable a celle que Moyse a

221 1007 1384 109 parle en la loy dõnee par les ãges en la main

217 1090 1394 109 du mediateur. Mais encore beaucoup plus di

213 1177 1398 109 gnement peult leglise dire ceste chose: il ny a

211 1258 1404 107 nulle parolle semblable a celle qui est faicte

209 1344 1386 106 chair/ laquelle est demouree auec nous: de la¬

211 1429 1388 105 quelle nous auõs ueu la gloire/ non pas cou¬

215 1506 1394 113 uerte dung uoile cõme Moyse: mais cõme la

215 1593 1414 107 gloire dung filz unique du pere/ plain de gra

211 1676 1414 101 ce ⁊ de uerite. * Il nest nulle parolle semblable

219 1748 1391 110 a celle que leglise a receu/ en laquelle elle croit/

217 1848 1366 105 par laquelle aussi sera guerie. La parolle qui

207 1927 1376 99 estoit des le commencement auec dieu: et dieu

205 2005 1371 116 est la parolle: auquel soit gloire ⁊ empire au

215 2090 626 103 siecle ⁊ a tousiours.

295 2177 1223 105 ¶ Le mesme au second Tome/ des prin¬

429 2262 950 105 cipes/ au .ii. liure au .ui. Chap̃.

231 2339 1380 109 ¶ Si q̃lque masse de fer est tousiours mise au

213 2424 1380 105 feu: ⁊ quelle receoiue le feu en tous ses porres ⁊

211 2507 1386 103 en toutes ses uaines/ ⁊ q̃lle soit du tout cõuer¬

215 2593 1400 101 tie en feu: si le feu ne se retire iamais dicelle/ et

209 2678 1406 99 q̃lle ne soit nullemẽt separee du feu: iamais ne

205 2759 1400 103 dirons/ q̃ ceste masse (laquelle de sa nature est

211 2844 1378 101 fer) qͥ est ainsi tousiours mise au feu/ ⁊ est con¬

205 2925 1382 113 tinuellement ardante/ puist aucunesfoys re¬

1676 245 135 95 211

1628 510 303 122 Tres grã

1648 599 271 110 de louen

1628 688 279 92 ge de la

1619 766 276 95 parolle ð

1625 852 160 101 dieu.

1625 1373 242 113 Ioã.1.b

1645 1561 265 117 exo.34.d

1633 1716 265 107 Noꝰ sõ¬

1609 1817 283 91 mes sau

1607 1898 250 93 uez par

1605 1977 285 87 la parol

1607 2054 279 115 le ð dieu

1039 3012 542 115 Aa .iii. froider:
