2267 3563
174 334 1388 109 priez lung poͬ lautre: car a ce uous a donne le

181 421 1381 125 seigñreyẽple. Sil est ainsi q̃ celuy qͥ na point

184 516 1384 99 eu depeche/ ⁊ iamais naura/ prie pour noz pe¬

188 593 1374 97 chez: cõbien plus debuõs nous lung auec lau

180 676 1376 105 tre prier poͬ noz pechez? Et si cestuy nous par¬

168 762 1386 99 dõne/ auq̃l nauõs riẽs a pardõner: cõbiẽ plus

164 845 1384 99 de buõs nous pardõner lung a lautre/ nous qͥ

170 928 1382 99 ne pouuõs icy uiure sans peche? Car q̃lle cho

170 1007 1380 105 se peult on ueoir en ceste haultesse de ce sacre¬

166 1094 1384 105 ment q̃ le seigñr uueille signifier: quant il dit.

174 1173 1364 105 U Certainemẽt ie uous ay dõne exẽple/ affin q̃

160 1258 1384 105 cõme ie uous ay faict/ q̃ aussi uoꝰ faciez: sinon

154 1330 1399 110 ce q̃ lapostre dit tres appertemẽt.4En pardon

154 1416 1399 113 nãt lung a lautre/ si q̃lcun a quelque q̃relle cõ

160 1510 1400 93 tre autruy? Parquoy pardonnõs lung a lau

156 1593 1414 103 tre/ ⁊ si prions ensemble poͬ noz pechez: et par

166 1676 1406 99 ainsi nous lauerõs cruounemẽt les piedz lung

174 1757 1384 101 de uautre. Cest a noꝰ affaire/ par celry le dõ

166 1838 1396 105 ne/ de faire ladministratiõ de charite ⁊ dhumi

162 1922 1384 108 lite. Et cest a luy affaire de exaulcer/ ⁊ de noꝰ

156 2011 1396 97 nettoyer de toute macule de pechez/ par Christ

160 2086 1388 109 ⁊ en Christ: affin aussi que ce que nous pardõ

154 2177 1388 101 nons aux autres/ cestadire que nous deslions

162 2254 1051 105 en la terre/ aussi soit deslie au ciel.

265 2335 1233 109 ¶ Augustin des parolles du seigneur sur

338 2420 1065 105 sainct Matthieu/ au xui. sermon.

166 2491 1373 109 ¶ Adiouste luy deux ou troys tesmoĩgz. Que

164 2589 1396 105 sil ne les escoute point/ quil te soit cõme ung

156 2672 1416 103 payẽ: ⁊ ungpublicain. Ne le repute pas alors

152 2755 1410 103 au nõbre de tes ureres: mais non xourtant ne

152 2840 1392 101 doibt pas son salut estre mis en non chaloir.

156 2919 1390 115 Car aussi ne reputõs nous uoint les gẽtilz ne

395 178 1090 169 confes/ on. Chap̃.xie/.

1568 190 223 145 234

1574 403 303 187 1.Ps.2.d

1565 1318 277 119 Ioã.13.b

1565 1407 283 128 colos.3.b

1562 2479 280 184 mat.18.c

892 3004 650 115 Dd .ii. les payẽs
