2267 3563
999 174 771 138 De penitence ⁊ de

732 318 1404 99 les payens du nombre de noz freres: mais tou

738 403 1400 105 tesfoys enquerons ⁊ sollicitons de leur salut.

754 478 1379 112 * Ce dõc auõs nous ouy le seigñr ainsi admõ

727 567 1406 112 nester/ ⁊ cõmander par si grãde diligence: que

716 653 1420 98 aussi a adiouste incõtinent. * Ie uous dis en ue

710 730 1417 116 rite/ q̃ tout ce q̃ uous aurez lie sur ra terre/ il se

719 828 1408 104 ra aussi lie au ciel: ⁊ tout ce q̃ uoꝰ aurez deslie

742 896 1391 113 sur la terre/ il sera pareillement deslie au ciel.

738 983 1394 109 As tu cõmẽce auoir ton frere cõme publicain?

726 1068 1402 105 lors le lie tu en la terre: mais regarde q̃ tu le

712 1152 1418 106 lie iustemẽt. Car la iustice rõpt les liens iniu

698 1249 1438 95 stes. Quant aussi tu auras corrige/ ⁊ que tu te

714 1324 1422 99 seras accorde auec ton frere: tu las deslie en la

724 1399 1406 105 terre. Et quãt tu lauras deslie en la terre/ il se

730 1482 1388 103 ra aussi deslie au ciel. Tu dõne beaucoup/ nõ

732 1567 1382 95 pas a toy/ mais a luy: pource qͥl a faict grand

734 1648 1374 111 desplaisir/ non pas a toy mais a luy mesme.

770 1745 1362 111 ¶ Hierosme sur saĩct Mat. au .xui. chap̃.C.

746 1838 1390 133 ¶ Et te dõneray les clefz du royaul¬

718 1949 707 127 me des cieulx ⁊c.

719 2066 1402 110 ¶ Les euesques ⁊ les prestres mal entendãt ce

719 2149 1396 113 passaige/ prẽnent pour eulx q̃lque chose de lor

739 2226 1382 107 gueil des pharisiens: de ce quilz condẽnent les

745 2310 1388 106 innocẽs/ ou qͥlz estimẽt deslier les peruers: cõ¬

738 2395 1400 110 me il soit q̃ enuers dieu nest pas ꝯsideree la sen

732 2480 1404 107 tẽce des prestres/ mais la uie des coulpables.

754 2553 1379 110 * Nous lisons au Leuiticq̃ des lepreux/ la ou

751 2639 1367 122 leur est cõmande qͥlz se mõstrent aux prestres:

740 2729 1374 115 q̃ silz ont la lepre/ lors soyent iugez souillez

738 2818 1378 111 par les prestres: non pas affin que les prestres

726 2895 1390 129 les faicẽt lepreux ⁊ souillez: mais affin quilz

451 457 288 119 Noꝰ pou

448 564 273 86 uõs lier

448 629 262 119 et deslier

445 718 244 122 lũg lau¬

433 813 110 101 tre.

424 884 289 140 mat.18.c

451 2036 253 119 Ligno¬

430 2137 256 107 rãce des

442 2217 244 104 clefz de

445 2298 253 136 leglise.

439 2535 294 128 Leuit̃.13.

433 2636 294 131 a.⁊.14.a

1825 2992 307 109 ayent la
