2267 3563
344 133 1153 175 confession. Chap̃.xiii.

148 300 1437 107 ayent la cõgnoissance du lepreux/ ⁊ qͥlz puis¬

158 382 1303 106 sent discerner/ quel est net ⁊ quel est souille.

344 465 1032 97 ¶Beda sur sainct Luc au .u. liure/

508 550 620 105 au .lxuiii. chapitre.

160 614 1370 119 ¶ Allez se uous monstrez aux prestres. Et ad¬

148 714 1392 105 uint quilz furent nettoyez en allant. On ne

140 803 1404 103 treuue pas q̃ le seigͬ ayt enuoye nulz de ceulx/

146 884 1398 101 ausq̃lz il a donne les benefices corporelz/ aux

151 962 1391 103 prestres/ sinõ les lepreux * pource urayemẽt q̃

148 1039 1391 118 la p̃strise des Iuifz/ estoit la figure de la p̃stri

148 1125 1391 116 se royalle a uenir/ qͥ est leglise: de laq̃lle p̃stri¬

148 1202 1388 113 se sont cõsacrez tous ceulx qͥ appartiẽnent au

139 1303 1385 92 corps de Christ le uray ⁊ souuerain prince des

142 1386 1388 107 prestres. Que si aucun par heresie deprauee/

142 1457 1405 110 ou par superstition des gẽtilz/ ou par peruersi

140 1547 1436 105 te Iudaicque/ ou aussi par diuision des freres/

144 1633 1445 99 cõme par diuerse couleur soit priue de la gra¬

156 1710 1429 105 ce de Christ: il est necessaire qͥl uiẽne a leglise:

170 1797 1398 101 ⁊ qͥl mõstre la uraye couleur de foy qͥl a receu.

156 1878 1400 107 Mais le seigneur guerit ⁊ corrige tous les au

146 1963 1396 101 tres uices/ de soymesme par dedens en la con¬

150 2044 1390 107 sciẽce ⁊ en lentẽdemẽt/ cõme les malades des

146 2131 1396 99 mẽbres de lame. Finablemẽt aussi quãt Paul

142 2209 1391 115 eut ouy la uoix du seigñr/ disãt. * Pourquoy

154 2308 1404 93 me ꝑsecute tu? Ie suis Iesus leq̃l tu persecute:

151 2369 1414 107 non pourtant fut enuoye a Ananias: * affin q̃

145 2449 1444 110 par ceste prestrise qͥ estoit cõstituee en leglise/ il

142 2532 1444 119 receut le sacremẽt de doctrine: ⁊ que sa couleur

148 2621 1435 116 fust approuuee estre uraye: non pas q̃ le seigñr

142 2704 1432 107 ne le puisse faire de soymesme (car aussi qͥ est

142 2785 1408 109 celuy autre qͥ le faice en leglise?) mais affin q̃

139 2868 1403 142 celle societe des fideles assẽblez/ en approuuãt

1586 181 217 139 235

1550 608 301 131 Luc.17.d

1595 935 235 130 Pour¬

1565 1030 259 125 quoy sõt

1556 1131 256 104 enuoyez

1556 1202 220 107 les le¬

1550 1294 185 110 preux

1556 1383 286 110 aux pre¬

1571 1457 176 116 stres.

1562 2185 256 122 Act̃.9.a

1589 2351 273 116 Paul est

1607 2452 252 107 enuoye a

1604 2535 244 95 ananias

1604 2621 208 107 affin qͥl

1592 2704 208 95 ouye de

1571 2785 196 106 luy la

1565 2865 241 127 parolle.

778 2951 784 157 Dd .iii. lung lautre
