2267 3563
706 288 1394 109 lung lautre/ ⁊ en cõmuniquant la doctrine de

714 374 1378 110 uraye foy en toutes leschoses qͥ sõt dictes par

708 463 1396 99 parolles/ ou si gnees par sacremens/ elle mette

698 542 1404 107 par dessus cõ me une espece de uraye couleur.

698 614 1402 122 7Pareillemẽt quãt a Cornelius (duq̃l ses au¬

689 700 1405 113 mosnes furẽt acceptees) fut annõce par lãge q̃

698 795 1399 110 ses prieres estoiẽt exaucees/ neãtmoins poͬ lu¬

707 869 1390 110 nite de la doctrine ⁊ des sacremens/ luy est cõ

704 964 1399 104 mãde de enuoyer a sainct Uierre: cõme son eu

710 1043 1386 101 dit a luy ⁊ aux siens: allez si uoꝰ mõstrez aux

696 1124 1384 105 prestres: car aussi furẽt ilz nettoyez en allant.

677 1207 1421 107 Car desta estoit uenu Pierre a eulx: mais tou

675 1288 1429 113 tesfoys iceulx non ayãs encore receu le sacre¬

687 1375 1425 93 mẽt de uoptesme/ nestoiẽt pas encore spirituel

706 1458 1396 99 lemẽt paruenus aux p̃stres: ⁊ toutesfoys leur

716 1540 1376 102 mundation fut declaree/ par linfusiõ du saĩct

716 1621 1206 97 esprit/ ⁊ par ladmiration des langues.

801 1704 1178 111 ¶ Chrysosto. au .ui. Tome/ au sermon

978 1785 805 105 de Penitence ⁊ confession.

718 1866 1394 107 ¶ Il nest pas maintenãt necessaire de soy con

704 1951 1402 107 fesser presens tesmoingz q̃ la discussion despe

692 2038 1412 105 chez se faice par cogitatiõ: ce iugemẽt soit faict

690 2119 1406 101 sans tesmoing. Que dieu seul te uoye confes-

698 2205 1404 97 sant. A scauoie dieu qui ne exprobre ou redar¬

713 2295 1393 104 gue uoint tes pechez/ mais pardonne les pe¬

712 2365 1218 105 chez a cause de la confusion quon en a.

898 2448 1026 103 ¶ Le mesme au .uii.Tome/ en la

1013 2535 798 99 ix. Homelie/ de penitence.

736 2606 1376 110 ¶ Cest icy le lieu de medecine/ non pas de iuge

733 2693 1370 109 mẽt. Dis a dieu seul ton peche leq̃l ne baille

732 2783 1362 108 poĩt les peines/ mais la remissiõ ðs pechez/ ⁊c.

934 2864 950 117 ¶ Cyprian au liure de Lapsis.

430 590 253 161 Act̃.10.a

448 706 205 110 Pierre

404 807 270 107 est ẽuoye

392 887 261 86 a Cor¬

392 950 196 127 mille.

970 152 722 136 De penitence ⁊ de

439 2256 247 146 Luce.5.d

410 2556 300 190 Prouer.

415 2707 167 116 16.a

1635 2949 449 121 ¶ Le seruiteur
