2267 3563
386 148 1117 166 confession. Chap̃.xiii.

166 288 1396 124 ¶ Le seruiteur ne peult pardõner ce qui est cõ¬

164 391 705 101 mis contre le seigneur.

312 467 1180 103 ¶Ambroise au liure de Cain ⁊ de Abel.

184 546 1355 110 ¶ Les pechez sont pardonnez par la parolle

169 632 1370 113 de dieu: de laquelle est le leuite interpreteur/ ⁊

168 724 726 103 comme ung executeur.

358 801 974 103 ¶ Le mesme de Noe ⁊ de larche.

172 875 1358 110 ¶ Quant le medecin ascauoir la parolle de

174 969 1366 95 dieu est entre/ pour uisiter lame qͥ estoit mala¬

170 1055 1370 99 de dune lõgue maladie/ par improbite de disce

164 1140 1380 99 ptatiõs/ ⁊ par cruelles passions: premier a este

164 1217 1372 105 expedient de oster les causes de la maladie.

178 1294 1358 107 * Car le cõmencemẽt de medecine est de extir¬

160 1389 1376 104 per les causes de la lãgueur: affin q̃ les choses

160 1463 1382 113 qui nuysent ne luy soiẽt plus baillees poͬ fai¬

160 1549 1399 110 re augmẽter la maladie. Ce q̃ aussi la loy noꝰ

163 1627 1423 109 enseigne au Leuiticq̃ .xiii. chap̃. Quãt la le¬

182 1720 1403 101 pre est arrestee/ tellemẽt q̃ plus elle ne sespãde:

178 1797 1388 107 adõc dit il q̃ la station de la lapre est aussi q̃lq̃

170 1886 1384 99 nette mãsion. Car tout ce qui se meult oultre

164 1967 1394 105 sa nature/ telle chose est immunde. Cest dõc la

170 2052 1376 105 sante de lame/ cest la salubrite de la pensee/ q̃

160 2133 1396 103 laffluence de lerreur cesse/ ⁊ que la coulpe sar¬

157 2209 1388 115 reste ⁊ quelle ne sespande plus. Quãt la puã¬

168 2304 1394 95 teur de la coulpe cesse/ lors dautant est la san¬

176 2387 1401 101 te du peche en seurete/ que la uigueur de lame

176 2462 768 105 sans offense se respand.

245 2543 1267 111 ¶ Ambroise au .iii. sermon sur le pseaul¬

437 2626 867 99 me Beati immaculati.118.

178 2711 1178 139 ¶ Ua si te monstre au prestre.

174 2826 1392 115 ¶ Qui est le uray prestre/ sinon celuy qui est

168 2911 786 121 le prestre eternellement?

1586 184 202 115 236

1583 305 273 119 mar.2.b

1565 540 280 119 Les pe¬

1562 641 274 92 chez sõt

1534 726 303 99 pardon¬

1532 813 297 87 nez ꝑ la

1553 878 241 128 parolle.

1565 1285 268 122 Le cõmẽ

1559 1380 286 104 cemẽt de

1565 1460 277 107 medeci¬

1589 1555 104 101 ne.

1613 1633 238 124 Leui.13d

1562 2209 286 136 ezec.18.g

793 2996 751 127 Dd .iiii. ¶ Augustin
