2267 3563
447 558 257 105 mat.16.b

890 294 1030 119 ¶ Augustin sur sainct Iehan/ au

942 387 909 107 cxxiiii. traicte au .xxi. chap̃.

738 482 1380 145 ¶Et te dõneray les clefz du royaul¬

687 609 716 127 me des cieulx/ ⁊c.

689 716 1421 105 ¶ La pierre nest pas dicte de ce nom Pierre:

692 803 1412 103 mais ce nom Pierre est dit de la pierre ainsi q̃

700 880 1408 109 Christ nest pas appelle Chust du chrestien/

706 965 1414 105 mais le chrestiẽ est appelle chrestien de Christ.

721 1054 1385 95 Et pourtãt aussi dit le seigñr? Sur ceste pier

698 1136 1402 105 re ie edifteray mõ eghise: poͬ ce q̃ Pierre auoit

677 1215 1419 105 dit. Tu es Christ̃ le filz du dieu uiuãt. Sur ce

679 1304 1413 103 ste pierre dõc q̃ tu as cõfesse (dit il) ie edifieray

690 1383 1402 105 mon eglise. Et da pierre estoit Christ: sur leq̃l

721 1457 1373 113 fondemẽt aussi Pierre mesme a este edifie.4. Et

720 1559 1380 87 certainemẽt nul ne peult mettre autre sonde¬

718 1623 1394 112 mẽt sinõ cestuy qͥ est mis/ lequel est Iesuchrist.

730 1713 1385 95 Leglise donc qͥ est fondee sur Christ/ a prins

730 1805 1382 95 les clefz du royaulme des cieulx de Christ/ en

721 1873 1385 119 Pierre: cestadire/ la puissance de lier ⁊ deslier.

784 1965 1239 101 ¶ eegu. des parolles du seigñr sur saĩct

947 2045 865 98 Matthieu/ au .xiii. sermon.

683 2119 1411 110 ¶ Tu es donc (dist il) Pierre: ⁊ sur ceste pierre

685 2213 1413 106 q̃ tus as ꝯfesse: Iur ceste pierre q̃ tu as cõgneu/

685 2292 1425 101 disant. Tu es Christ le filz de dieu uiuant/ ie

704 2384 1399 104 edifieray mon eglise.Sur moy te edifieray

716 2458 1399 113 ie/ ⁊ non pas moy sur toy. Car les hões uueil¬

721 2541 1388 104 lãs estre edifiez sur les hõmes disoiẽt.?Ie suis

721 2630 1382 101 de Paul: ⁊ moy ie suis d Apollo: ⁊ moy ie suis

727 2704 1370 116 de Cephas/ cestadire Pierre. Et les autres qui

710 2796 1380 99 ne uouloiẽt poĩt estre edifiez sur Pierre/ mais

706 2880 1382 116 sur la pierre/ disoiẽt. Et moy ie suis de Christ.

984 160 748 136 De penitence ⁊ de

407 1057 300 112 mat.16.c

415 1460 289 107 1.coũ.3.c

424 1713 286 110 La seul¬

421 1805 283 95 le eglise

412 1897 271 89 a prins

404 1968 294 89 les clefz

401 2057 279 98 de christ.

410 2140 252 95 mat.16.c

487 2354 199 128 Christ

415 2455 277 101 est le fon

407 2544 294 101 demẽt de

404 2621 270 122 leglise.

398 2713 279 128 1.cor.1.b

1781 2971 307 103 Et la ou
