2267 3563
338 121 1159 175 confession. Chap̃.xiii.

164 271 1412 134 Et la ou Paul cõgneut quil estoit esleu/ et q̃

166 358 1390 130 Christ estoit contẽne/ il dist. Christ est il diui¬

182 443 1368 123 se? Paul a il este crucifie pour uous? ou estes

192 526 1358 121 uous baptisez au nom de Paul? Et ainsi qͥlz

178 613 1372 125 nestoient pas baptisez au nom de Paul/ si ne¬

172 692 1382 127 stoient ilz au nom de Pierre/ mais au nom de

166 777 1386 125 Christ: affin que Pierre fut edifie sur la pier¬

166 852 1384 127 re/ ⁊ non pas la pierre sur Pierre/ ⁊c. * Seigñr

172 950 1378 115 si tu es celuy/ cõmande q̃ ie uiẽne a toy sur les

172 1033 1378 117 eaues. Car ie ne puis cela en moy mais en

166 1110 1386 127 toy. Il recõgneut q̃lle chose il auoit de soymes

166 1195 1402 127 me: ⁊ q̃lle chose il peult par Christ par la uolũ

170 1280 1398 117 te duquel creut de pouuoir ce q̃ nulle infirmi¬

170 1363 1406 125 te humaine ne peult faire. Parquoy/ si tu es ce

174 1446 1403 123 luy/ cõmãde: car si tu le cõmande/ il sera faict.

176 1532 1407 116 Ce dequoy ie ne me puis presumer de pouuoir

186 1613 1409 120 faire tu le peulx cõmander de faire. Et le seigͬ

194 1696 1411 117 dist. Uiens. Et sans q̃lq̃ doubtãce a la parolle

201 1785 1388 111 de celuy qͥ cõmandoit/ a la p̃sence de celuy qͥ le

199 1858 1373 125 soustenoit poͬ ung tẽps/ a la p̃sence de celuy qͥ

182 1943 1395 125 le gouuernoit. Pierre sans q̃lque inqͥsition se

178 2024 1396 119 iecta sur les eaues/ ⁊ cõmẽcea a cheminer. * Il

178 2108 1390 118 eut la puissance de faire ce q̃ le seigñr faisoit:

184 2206 1384 109 non pas en soy/ mais au seigñr. * Uous auez

193 2283 1384 110 este autresfoys tenebres/ mais uoꝰ estes main¬

199 2357 1405 122 tenãt lumiere au seigñr. Ce que nul ne peult

196 2434 1423 131 faire en Paul/ ne en Pierre/ ne en q̃lque autre

190 2529 1426 107 des apostres: ce peult il faire au seigñr. Pour

201 2602 1416 137 tãt sainct Paul bien ⁊ utilemẽt soy contẽnãt/

201 2690 1402 128 ⁊ louãt le seigneur/ dit: Paul est il crucifie poͬ

199 2779 1384 124 uoꝰ ⁊c? Ce nest pas dõc en moy/ mais auec moy

190 2862 1300 148 ce nest pas soubz moy/ mais soubz luy/ ⁊c.

1610 130 166 128 237

1568 843 268 107 mat.14d

1568 935 274 133 Phił.4.c

1589 1992 267 130 Noꝰ pou

1589 2096 273 107 uõs tou

1592 2185 276 110 tes cho¬

1601 2256 276 122 ses mais

1622 2348 234 104 cest au

1646 2428 199 116 seigñr.

1637 2514 234 122 Eph.5.d

1235 2947 348 127 ¶ Origene
