2267 3563
980 138 734 137 De penitence ⁊ de

885 281 1043 114 ¶ Origene sur sainct Matthieu

985 372 771 97 en la premiere Homelie.

730 430 1367 128 ¶ Il a este donc urayemẽt dit a Pierre. * Tu

710 532 1390 109 es Pierre/ ⁊c. toutesfoys semble bien qͥl soit dit

692 619 1400 109 a tous les apostres/ ⁊ a tous parfaictz fideles:

689 708 1395 97 car tous sont pierre/ ⁊ pierres: ⁊ en eulx tous

713 783 1366 116 est edifiee leglise de Christ: ⁊ les portes denfer

714 866 1372 119 nont pas puissance ꝯtre tous ceulx qͥ sõt telz.

716 948 1374 116 Toutesfoys regardõs de qͥl sensuit. Cuide tu

706 1027 1372 121 q̃ les clefz du royaulme des cieulx soient seu¬

704 1110 1359 111 lemẽt dõnees a Pierre/ ⁊ q̃ nul autre des bien

692 1193 1364 128 heureux ne les receura point? * Si ce qͥ est dit.

686 1270 1387 125 Ie te dõneray les clefz du royaulme des cieulx

698 1368 1375 110 est cõmun a tous cõment aussi ne sont pas cõ

719 1437 1342 130 munes a tous les autres/ toutes les choses qͥ

710 1523 1354 115 sont referees a Pierre? Car en sainct Iehã Ie¬

710 1606 1357 122 sus dit a ses disciples en baillãt le saĩct esprit

707 1686 1369 125 par insufflatiõ. * Receuez le sainct esprit/ ⁊c.

692 1777 1386 119 cõme parlant a tous ceulx qui estoient ordon

690 1864 1390 113 nez/ comme estoit sainct Pierre. Certainemẽt

685 1947 1395 121 tous ceulx qui sont imitateurs de Christ/ sõt

673 2028 1087 111 pareillement nommez tous Pierres.

750 2119 1212 111 ¶ Augustin au premier liure des Retra¬

938 2199 891 109 ctations/ au .xxii. Chapitre.

698 2262 1372 137 ¶ Au liure ou iay autresfoys dit en q̃lque lieu

692 2360 1367 122 de saĩct Pierre lapostre/ q̃ en luy cõe en la pier

689 2437 1372 131 re est fondee leglise: leq̃l sens aussi est chãte de

683 2529 1376 122 plusieurs es uers de sainct Ambroise/ la ou il

689 2606 1364 134 parle du cocq chappõne. Mais ie scay bien q̃

692 2693 1364 115 souuẽt apres lay ainsi expose. Tu es Pierre/

677 2779 1364 121 ⁊ sur ceste pierre/ cestadire laq̃lle Pierre ꝯfessa

680 2856 1269 142 disant. Tu es Christ le filz de dieu uiuant.

433 445 265 107 mat.16.

421 760 277 127 mat.16.c

410 1172 270 116 les clefz

398 1267 267 110 de legli¬

410 1350 276 110 se sõt cõ

410 1445 288 95 munes a

418 1529 256 104 tous fi¬

415 1594 203 98 deles.

415 1680 277 143 Ioã.20.e.

383 2262 294 119 La retra

386 2363 252 92 ctation

389 2437 282 98 saĩct Au

389 2514 282 113 gustĩ du

383 2606 273 104 fõdemẽt

374 2681 294 118 de legli¬

377 2761 86 122 se.

380 2850 276 116 mat.16.c

1688 2969 355 120 ¶ Origene
