<?xml version="1.0" encoding="UTF-8"?>
<alto xmlns:xsi="http://www.w3.org/2001/XMLSchema-instance"
      xmlns="http://www.loc.gov/standards/alto/ns-v4#"
      xsi:schemaLocation="http://www.loc.gov/standards/alto/ns-v4# http://www.loc.gov/standards/alto/v4/alto-4-2.xsd">
  <Description>
    <MeasurementUnit>pixel</MeasurementUnit>
    <sourceImageInformation>
      <fileName>58_92e01_default.jpg</fileName>
      <fileIdentifier>https://www.e-rara.ch/i3f/v20/4106216/full/full/0/default.jpg</fileIdentifier>
    </sourceImageInformation>
  </Description>
  <Tags>
    <OtherTag ID="BT8" LABEL="DamageZone" DESCRIPTION="block type DamageZone"/><OtherTag ID="BT10" LABEL="DropCapitalZone" DESCRIPTION="block type DropCapitalZone"/><OtherTag ID="BT11" LABEL="GraphicZone" DESCRIPTION="block type GraphicZone"/><OtherTag ID="BT12" LABEL="MainZone" DESCRIPTION="block type MainZone"/><OtherTag ID="BT13" LABEL="MarginTextZone" DESCRIPTION="block type MarginTextZone"/><OtherTag ID="BT15" LABEL="NumberingZone" DESCRIPTION="block type NumberingZone"/><OtherTag ID="BT17" LABEL="QuireMarksZone" DESCRIPTION="block type QuireMarksZone"/><OtherTag ID="BT18" LABEL="RunningTitleZone" DESCRIPTION="block type RunningTitleZone"/><OtherTag ID="BT20" LABEL="StampZone" DESCRIPTION="block type StampZone"/><OtherTag ID="BT21" LABEL="TableZone" DESCRIPTION="block type TableZone"/><OtherTag ID="BT22" LABEL="TitlePageZone" DESCRIPTION="block type TitlePageZone"/>
    <OtherTag ID="LT8" LABEL="DefaultLine" DESCRIPTION="line type DefaultLine"/><OtherTag ID="LT9" LABEL="DropCapitalLine" DESCRIPTION="line type DropCapitalLine"/><OtherTag ID="LT10" LABEL="HeadingLine" DESCRIPTION="line type HeadingLine"/><OtherTag ID="LT11" LABEL="InterlinearLine" DESCRIPTION="line type InterlinearLine"/><OtherTag ID="LT311" LABEL="default" DESCRIPTION="line type default"/>
  </Tags>
  <Layout>
    <Page WIDTH="2267"
          HEIGHT="3563"
          PHYSICAL_IMG_NR="58"
          ID="eSc_dummypage_">
      <PrintSpace HPOS="0"
                  VPOS="0"
                  WIDTH="2267"
                  HEIGHT="3563">
        <TextBlock HPOS="306"
                   VPOS="141"
                   WIDTH="1134"
                   HEIGHT="157"
                   ID="eSc_textblock_229f2a99"
                   TAGREFS="BT18">
          <Shape><Polygon POINTS="306 149 306 298 996 272 1435 287 1440 141"/></Shape>
          <TextLine ID="eSc_line_2ca88bee"
                    TAGREFS="LT10"
                    BASELINE="330 249 1424 235" 
                    HPOS="326"
                    VPOS="121"
                    WIDTH="1097"
                    HEIGHT="152">
            <Shape><Polygon POINTS="329 246 329 273 1420 264 1423 234 1420 160 1366 130 1363 130 1146 121 1143 121 1001 124 998 124 995 124 938 163 935 166 763 166 736 166 635 127 632 127 629 127 626 127 481 166 466 169 326 169 329 246"/></Shape>
	    <String CONTENT="confessio/ Chap̃.xii."
                    HPOS="326"
                    VPOS="121"
                    WIDTH="1097"
                    HEIGHT="152"
                    WC="0.9891536462874639"></String>
          </TextLine>
        </TextBlock>
        <TextBlock HPOS="112"
                   VPOS="280"
                   WIDTH="1478"
                   HEIGHT="2698"
                   ID="eSc_textblock_274ebab3"
                   TAGREFS="BT12">
          <Shape><Polygon POINTS="315 461 112 486 150 2978 697 2976 1576 2946 1572 2812 1584 2759 1590 2499 1560 2484 1560 2342 1551 2006 1531 1929 1530 1857 1560 1832 1559 1770 1557 1650 1532 1584 1520 1518 1512 1185 1502 925 1485 459 1321 453 1337 280 323 289"/></Shape>
          <TextLine ID="eSc_line_13a24e30"
                    TAGREFS="LT10"
                    BASELINE="342 376 801 356 1302 348" 
                    HPOS="338"
                    VPOS="271"
                    WIDTH="964"
                    HEIGHT="132">
            <Shape><Polygon POINTS="342 376 342 397 409 403 411 403 413 403 433 395 445 391 455 395 471 401 473 401 475 401 477 401 479 401 489 393 498 389 518 393 548 399 550 399 552 399 554 399 562 391 574 382 623 382 659 389 681 395 683 395 685 395 687 395 689 395 689 393 694 389 702 380 728 387 730 387 732 387 734 387 764 378 791 385 809 391 811 391 813 391 815 391 827 385 849 374 972 372 1007 380 1027 385 1029 385 1031 385 1069 380 1106 372 1118 378 1128 382 1130 382 1132 382 1302 372 1302 348 1296 285 1217 287 1215 285 1199 273 1199 271 1197 271 1195 271 1193 271 1191 271 1189 271 1176 283 1138 273 1136 273 1134 273 1132 273 1130 273 1130 275 1116 287 1114 288 1110 287 1067 275 1065 275 1063 275 1011 277 1009 277 1007 277 1007 279 993 288 989 292 980 288 940 279 938 279 936 279 934 279 908 290 896 296 869 292 817 283 815 283 813 283 782 292 758 300 734 294 698 285 696 285 694 285 692 285 690 285 690 287 681 294 671 304 548 304 538 298 528 290 526 290 524 290 522 290 449 292 447 292 445 292 445 294 439 300 431 306 407 300 380 294 378 294 338 300 342 376"/></Shape>
	    <String CONTENT="¶ Origene sur sainct Matthieu"
                    HPOS="338"
                    VPOS="271"
                    WIDTH="964"
                    HEIGHT="132"
                    WC="0.9956063895389952"></String>
          </TextLine>
          <TextLine ID="eSc_line_0cc36530"
                    TAGREFS="LT10"
                    BASELINE="449 451 1174 433" 
                    HPOS="445"
                    VPOS="366"
                    WIDTH="729"
                    HEIGHT="103">
            <Shape><Polygon POINTS="449 469 1114 451 1160 459 1162 459 1164 459 1166 459 1166 457 1174 447 1174 433 1170 380 1090 366 1088 366 1031 378 912 372 910 372 908 372 906 372 890 385 888 387 847 387 841 387 793 374 791 374 789 374 685 391 675 391 669 391 625 380 623 380 621 380 619 380 586 391 556 380 554 380 552 380 550 380 522 395 518 397 445 397 449 451"/></Shape>
	    <String CONTENT="en la premiere Homelie."
                    HPOS="445"
                    VPOS="366"
                    WIDTH="729"
                    HEIGHT="103"
                    WC="0.9997778379398844"></String>
          </TextLine>
          <TextLine ID="eSc_line_7a690826"
                    TAGREFS="LT8"
                    BASELINE="166 587 1469 548" 
                    HPOS="160"
                    VPOS="445"
                    WIDTH="1307"
                    HEIGHT="184">
            <Shape><Polygon POINTS="163 584 163 617 267 629 294 605 445 605 558 620 558 617 582 596 665 596 763 614 962 587 1019 605 1158 602 1170 584 1464 593 1467 546 1458 469 1253 472 1155 445 992 451 932 478 876 454 867 454 820 481 721 486 668 472 656 472 629 492 558 466 546 466 508 498 451 498 401 478 392 478 344 492 175 475 175 478 160 489 163 584"/></Shape>
	    <String CONTENT="¶ Tn es pierre/ ⁊ sur ceste pierre/ ⁊c."
                    HPOS="160"
                    VPOS="445"
                    WIDTH="1307"
                    HEIGHT="184"
                    WC="0.9976464402981293"></String>
          </TextLine>
          <TextLine ID="eSc_line_f3b357d5"
                    TAGREFS="LT8"
                    BASELINE="162 696 1484 665" 
                    HPOS="160"
                    VPOS="597"
                    WIDTH="1324"
                    HEIGHT="117">
            <Shape><Polygon POINTS="162 696 162 714 1140 700 1142 700 1144 700 1156 690 1160 690 1316 696 1318 696 1320 696 1322 696 1338 686 1379 694 1381 694 1484 680 1484 665 1478 605 1332 607 1318 597 1316 597 1314 597 1312 597 1199 611 1191 611 1189 611 1152 597 1150 597 1148 597 1088 609 1069 599 1067 599 1065 599 991 615 984 617 978 617 936 603 934 603 932 603 930 603 928 603 908 617 685 609 683 609 681 609 679 609 679 611 663 623 663 625 619 625 611 625 494 613 492 613 491 613 459 629 457 629 451 629 395 621 394 621 330 631 320 633 314 633 265 619 263 619 261 619 160 635 162 696"/></Shape>
	    <String CONTENT="¶ Et pourtãt q̃ ceulx qui se attribuent le lieu"
                    HPOS="160"
                    VPOS="597"
                    WIDTH="1324"
                    HEIGHT="117"
                    WC="0.9910792745649815"></String>
          </TextLine>
          <TextLine ID="eSc_line_ed9445d2"
                    TAGREFS="LT8"
                    BASELINE="148 771 1482 750" 
                    HPOS="146"
                    VPOS="684"
                    WIDTH="1336"
                    HEIGHT="107">
            <Shape><Polygon POINTS="148 771 148 791 1480 777 1482 750 1477 688 1322 698 1310 690 1304 684 1302 684 1300 684 1298 684 1296 684 1284 690 1273 694 1201 690 1116 686 1114 686 1112 686 1090 692 1063 698 918 694 898 694 896 694 894 694 892 694 871 706 843 694 841 694 839 694 837 694 835 694 833 694 817 708 710 708 675 696 663 694 661 694 659 694 657 694 651 698 625 710 546 698 526 696 524 696 522 696 520 696 520 698 518 698 502 712 447 700 435 698 433 698 431 698 429 698 427 700 411 712 395 700 394 698 392 698 390 698 388 698 386 698 384 698 382 700 360 714 281 704 279 704 277 704 275 704 263 714 249 702 247 702 245 702 243 702 241 702 239 702 239 704 223 716 146 704 148 771"/></Shape>
	    <String CONTENT="de leuesche/ usent de ce texte/ ainsi q̃ Pierre: et"
                    HPOS="146"
                    VPOS="684"
                    WIDTH="1336"
                    HEIGHT="107"
                    WC="0.9969395738022"></String>
          </TextLine>
          <TextLine ID="eSc_line_99ab492e"
                    TAGREFS="LT8"
                    BASELINE="138 855 1480 833" 
                    HPOS="136"
                    VPOS="766"
                    WIDTH="1344"
                    HEIGHT="116">
            <Shape><Polygon POINTS="138 855 138 876 496 882 498 882 500 882 502 882 516 870 518 870 542 870 716 878 718 878 720 878 748 866 752 866 791 866 1013 872 1015 872 1084 863 1086 863 1100 872 1102 872 1104 872 1106 872 1108 872 1146 861 1150 861 1156 861 1223 870 1225 870 1480 855 1480 833 1475 777 1427 777 1425 777 1413 766 1411 766 1409 766 1407 766 1316 777 1237 768 1235 768 1233 768 1189 781 1187 781 1172 770 1170 770 1168 770 1166 770 1110 781 1102 783 1088 783 1009 775 1007 775 1005 775 984 785 980 785 976 785 936 773 934 773 932 773 930 773 896 785 892 785 770 775 768 775 766 775 764 775 750 787 633 781 631 781 629 781 627 781 615 791 611 791 590 791 407 781 405 781 403 781 374 795 370 795 358 795 257 783 255 783 253 783 229 797 225 799 136 799 138 855"/></Shape>
	    <String CONTENT="quilz enseignent quilz ont receu de Christ les"
                    HPOS="136"
                    VPOS="766"
                    WIDTH="1344"
                    HEIGHT="116"
                    WC="0.9861087863859923"></String>
          </TextLine>
          <TextLine ID="eSc_line_39ee3f38"
                    TAGREFS="LT8"
                    BASELINE="138 938 1490 916" 
                    HPOS="136"
                    VPOS="853"
                    WIDTH="1354"
                    HEIGHT="114">
            <Shape><Polygon POINTS="138 938 138 958 257 967 259 967 415 954 429 954 437 954 504 963 506 963 611 952 629 950 655 950 805 958 807 958 809 958 847 948 867 958 869 958 871 958 924 946 928 946 932 946 984 956 985 956 987 956 989 956 1003 944 1009 944 1047 952 1049 952 1154 942 1166 942 1170 942 1201 952 1203 952 1205 952 1488 936 1490 916 1488 863 1475 853 1473 853 1471 853 1469 853 1467 853 1439 866 1338 866 1314 855 1312 855 1310 855 1221 868 1166 857 1164 857 1067 870 997 859 995 859 932 861 930 861 928 861 912 872 845 863 843 863 712 876 692 865 690 865 689 865 687 865 504 880 425 868 423 868 421 868 380 882 261 870 259 870 257 870 255 870 239 882 188 872 186 872 184 872 136 886 138 938"/></Shape>
	    <String CONTENT="clefz du royaume des cieulx: de ce q̃ ceulx qui"
                    HPOS="136"
                    VPOS="853"
                    WIDTH="1354"
                    HEIGHT="114"
                    WC="0.9801114404455145"></String>
          </TextLine>
          <TextLine ID="eSc_line_aeb4d8b9"
                    TAGREFS="LT8"
                    BASELINE="156 1021 1490 1001" 
                    HPOS="154"
                    VPOS="934"
                    WIDTH="1336"
                    HEIGHT="115">
            <Shape><Polygon POINTS="156 1021 156 1047 197 1049 199 1049 201 1049 203 1049 205 1047 219 1037 231 1047 233 1049 235 1049 237 1049 239 1049 255 1047 289 1039 350 1045 380 1047 382 1047 384 1047 392 1045 423 1033 518 1043 536 1043 538 1043 554 1041 619 1031 663 1039 683 1043 685 1043 720 1039 789 1029 841 1037 861 1039 863 1039 892 1035 974 1025 999 1035 1009 1037 1011 1037 1013 1037 1053 1033 1112 1027 1168 1031 1217 1035 1219 1035 1221 1035 1235 1031 1263 1021 1486 1025 1490 1001 1482 934 1433 946 1374 936 1360 934 1358 934 1356 934 1346 936 1298 950 1166 950 1136 942 1124 938 1122 938 1120 938 1118 938 1116 938 1112 942 1102 950 1041 944 1005 940 1003 940 1001 940 985 944 952 954 896 946 875 944 873 944 849 948 801 956 762 950 730 944 728 944 726 944 706 950 685 958 659 952 635 946 633 946 631 946 629 946 627 946 621 952 613 958 576 954 540 950 538 950 536 950 522 954 506 960 498 956 489 948 487 948 485 948 483 948 481 948 479 948 467 956 459 960 417 958 330 950 328 950 326 950 298 960 285 965 239 965 235 962 225 952 223 952 221 952 219 952 154 962 156 1021"/></Shape>
	    <String CONTENT="seront liez de eulx/ seront aussi liez au ciel/ et"
                    HPOS="154"
                    VPOS="934"
                    WIDTH="1336"
                    HEIGHT="115"
                    WC="0.983439884185791"></String>
          </TextLine>
          <TextLine ID="eSc_line_5ec7a31e"
                    TAGREFS="LT8"
                    BASELINE="156 1106 1486 1080" 
                    HPOS="154"
                    VPOS="1015"
                    WIDTH="1332"
                    HEIGHT="119">
            <Shape><Polygon POINTS="156 1106 156 1124 300 1134 302 1134 304 1134 336 1122 354 1134 356 1134 358 1134 360 1134 451 1120 459 1120 465 1120 516 1130 518 1130 520 1130 554 1118 566 1116 580 1118 621 1128 623 1128 625 1128 659 1118 673 1114 758 1116 968 1122 970 1122 972 1122 993 1112 999 1110 1025 1112 1094 1118 1096 1118 1098 1118 1100 1118 1108 1110 1114 1106 1146 1110 1191 1116 1193 1116 1486 1104 1486 1080 1480 1029 1352 1029 1296 1017 1294 1017 1233 1031 1180 1015 1178 1015 1176 1015 1092 1017 1090 1017 1088 1017 1088 1019 1069 1037 956 1037 916 1021 914 1021 912 1021 831 1037 756 1027 754 1027 752 1027 704 1041 613 1027 611 1027 609 1027 560 1043 479 1029 477 1029 475 1029 439 1047 417 1031 415 1031 413 1031 358 1031 356 1031 354 1031 352 1031 330 1049 261 1033 259 1033 257 1033 255 1033 255 1035 237 1053 154 1053 156 1106"/></Shape>
	    <String CONTENT="ceulx qͥ serõt desliez de eulx/ cest adire qͥlz au¬"
                    HPOS="154"
                    VPOS="1015"
                    WIDTH="1332"
                    HEIGHT="119"
                    WC="0.9887089500060449"></String>
          </TextLine>
          <TextLine ID="eSc_line_55bea9a5"
                    TAGREFS="LT8"
                    BASELINE="144 1187 1492 1163" 
                    HPOS="142"
                    VPOS="1098"
                    WIDTH="1350"
                    HEIGHT="121">
            <Shape><Polygon POINTS="144 1187 144 1217 253 1219 255 1219 257 1219 259 1219 263 1215 277 1205 376 1211 403 1213 405 1213 407 1213 409 1213 411 1211 423 1203 451 1209 477 1215 479 1215 532 1207 591 1199 627 1205 661 1211 663 1211 665 1211 694 1203 720 1197 742 1201 776 1209 778 1209 780 1209 811 1201 831 1195 863 1199 926 1207 928 1207 1013 1195 1043 1191 1065 1193 1140 1203 1142 1203 1221 1191 1259 1201 1261 1201 1263 1201 1265 1201 1288 1189 1370 1199 1372 1199 1374 1199 1376 1199 1376 1197 1389 1185 1433 1197 1435 1197 1437 1197 1439 1197 1492 1181 1492 1163 1486 1098 1421 1110 1370 1100 1364 1100 1362 1100 1360 1100 1358 1100 1358 1102 1346 1112 1286 1102 1265 1100 1263 1100 1239 1104 1191 1112 1180 1106 1180 1104 1178 1104 1176 1104 1174 1104 1172 1104 1170 1104 1168 1106 1150 1116 1017 1110 932 1106 930 1106 873 1114 807 1122 764 1116 712 1110 710 1110 708 1110 706 1110 706 1112 698 1118 692 1126 502 1126 496 1124 483 1114 481 1114 479 1114 477 1114 475 1114 451 1124 449 1124 306 1118 304 1118 302 1118 261 1130 249 1134 142 1134 144 1187"/></Shape>
	    <String CONTENT="ront de eulx receu la remissiõ des pechez serõt"
                    HPOS="142"
                    VPOS="1098"
                    WIDTH="1350"
                    HEIGHT="121"
                    WC="0.9838605596094715"></String>
          </TextLine>
          <TextLine ID="eSc_line_911e3351"
                    TAGREFS="LT8"
                    BASELINE="144 1274 1496 1251" 
                    HPOS="139"
                    VPOS="1178"
                    WIDTH="1355"
                    HEIGHT="119">
            <Shape><Polygon POINTS="142 1273 142 1297 1494 1270 1494 1250 1485 1178 1132 1193 1123 1187 1117 1181 1117 1178 1114 1178 1111 1178 1108 1178 1105 1178 1102 1178 1102 1181 1093 1187 1087 1193 1072 1187 1039 1178 1036 1178 1033 1178 980 1190 950 1196 876 1193 710 1184 707 1184 704 1184 701 1184 701 1187 689 1199 686 1199 668 1199 558 1190 555 1190 487 1202 475 1205 466 1205 412 1190 410 1190 407 1190 404 1190 344 1205 329 1190 326 1190 323 1190 320 1190 139 1211 142 1273"/></Shape>
	    <String CONTENT="aussi desliez au ciel.? Il fault dire quilz dient"
                    HPOS="139"
                    VPOS="1178"
                    WIDTH="1355"
                    HEIGHT="119"
                    WC="0.994493653579634"></String>
          </TextLine>
          <TextLine ID="eSc_line_8fbd4ea7"
                    TAGREFS="LT8"
                    BASELINE="144 1353 1494 1331" 
                    HPOS="139"
                    VPOS="1258"
                    WIDTH="1352"
                    HEIGHT="122">
            <Shape><Polygon POINTS="142 1350 142 1380 935 1362 965 1365 1075 1374 1078 1374 1081 1374 1123 1359 1129 1359 1161 1359 1452 1368 1455 1368 1458 1368 1491 1350 1491 1330 1482 1258 309 1288 154 1276 151 1276 148 1276 145 1276 145 1279 142 1279 139 1282 142 1350"/></Shape>
	    <String CONTENT="bien/ moyẽnant qͥlz ayẽt les oeuures pour les¬"
                    HPOS="139"
                    VPOS="1258"
                    WIDTH="1352"
                    HEIGHT="122"
                    WC="0.9864975561698278"></String>
          </TextLine>
          <TextLine ID="eSc_line_847cd239"
                    TAGREFS="LT8"
                    BASELINE="150 1435 1502 1413" 
                    HPOS="145"
                    VPOS="1342"
                    WIDTH="1355"
                    HEIGHT="130">
            <Shape><Polygon POINTS="148 1434 148 1457 270 1472 273 1472 276 1472 323 1457 329 1457 338 1457 430 1469 433 1469 525 1457 546 1454 609 1454 814 1463 817 1463 820 1463 823 1463 831 1454 840 1448 1497 1448 1500 1410 1494 1353 1123 1342 1120 1342 1028 1356 1010 1342 1007 1342 1004 1342 1001 1342 817 1362 463 1353 460 1353 457 1353 427 1368 317 1353 314 1353 145 1374 148 1434"/></Shape>
	    <String CONTENT="quelles fut dit a Pierre. Tu es Pierre: ⁊ quilz"
                    HPOS="145"
                    VPOS="1342"
                    WIDTH="1355"
                    HEIGHT="130"
                    WC="0.9799420656041896"></String>
          </TextLine>
          <TextLine ID="eSc_line_3d416f79"
                    TAGREFS="LT8"
                    BASELINE="172 1520 1504 1495" 
                    HPOS="166"
                    VPOS="1422"
                    WIDTH="1337"
                    HEIGHT="133">
            <Shape><Polygon POINTS="169 1517 169 1555 505 1538 733 1540 962 1543 965 1543 968 1543 992 1532 1004 1529 1048 1532 1164 1540 1167 1540 1170 1540 1173 1540 1194 1526 1197 1526 1215 1526 1331 1538 1334 1538 1503 1517 1503 1493 1497 1437 1334 1422 1331 1422 1328 1422 1325 1422 1310 1437 1307 1437 1238 1425 1236 1425 1137 1440 1123 1440 1117 1440 1081 1428 1078 1428 1075 1428 992 1440 965 1443 932 1440 831 1431 828 1431 825 1431 796 1443 781 1448 166 1448 169 1517"/></Shape>
	    <String CONTENT="soyent telz que sur eulx soit edifiee leglise de"
                    HPOS="166"
                    VPOS="1422"
                    WIDTH="1337"
                    HEIGHT="133"
                    WC="0.9720227407912413"></String>
          </TextLine>
          <TextLine ID="eSc_line_c9b15620"
                    TAGREFS="LT8"
                    BASELINE="160 1605 1520 1577" 
                    HPOS="154"
                    VPOS="1508"
                    WIDTH="1364"
                    HEIGHT="128">
            <Shape><Polygon POINTS="157 1603 157 1636 1518 1609 1518 1576 1512 1523 1390 1508 1387 1508 1277 1523 1227 1508 1224 1508 1221 1508 1057 1529 932 1514 929 1514 927 1514 924 1514 924 1517 921 1517 912 1529 897 1517 894 1517 891 1517 888 1517 885 1517 882 1517 861 1532 787 1517 784 1517 781 1517 778 1517 751 1535 591 1523 588 1523 585 1523 582 1523 564 1540 436 1540 199 1529 196 1529 193 1529 154 1543 157 1603"/></Shape>
	    <String CONTENT="Christ/ ⁊ que les portes denser nayẽt quelque"
                    HPOS="154"
                    VPOS="1508"
                    WIDTH="1364"
                    HEIGHT="128"
                    WC="0.993901542995287"></String>
          </TextLine>
          <TextLine ID="eSc_line_9350be8a"
                    TAGREFS="LT8"
                    BASELINE="162 1690 1536 1658" 
                    HPOS="157"
                    VPOS="1600"
                    WIDTH="1376"
                    HEIGHT="125">
            <Shape><Polygon POINTS="160 1689 160 1725 1533 1683 1533 1656 1524 1600 157 1615 160 1689"/></Shape>
	    <String CONTENT="puissance sur eulx. Autremẽt esture mocque¬"
                    HPOS="157"
                    VPOS="1600"
                    WIDTH="1376"
                    HEIGHT="125"
                    WC="0.9970175339417024"></String>
          </TextLine>
          <TextLine ID="eSc_line_a7f70dda"
                    TAGREFS="LT8"
                    BASELINE="170 1769 1543 1744" 
                    HPOS="166"
                    VPOS="1677"
                    WIDTH="1376"
                    HEIGHT="131">
            <Shape><Polygon POINTS="169 1766 175 1808 202 1790 279 1805 303 1805 350 1787 475 1787 496 1802 511 1802 511 1799 528 1784 659 1796 668 1796 689 1781 748 1796 757 1796 790 1781 959 1793 968 1793 995 1778 1372 1787 1390 1772 1467 1784 1542 1763 1542 1742 1536 1689 1200 1677 1182 1692 347 1692 347 1695 332 1707 207 1695 166 1710 169 1766"/></Shape>
	    <String CONTENT="rie que nous disiõs/ que celuy/ q̃ͥ est lie par les"
                    HPOS="166"
                    VPOS="1677"
                    WIDTH="1376"
                    HEIGHT="131"
                    WC="0.9723266993577664"></String>
          </TextLine>
          <TextLine ID="eSc_line_d8516d82"
                    TAGREFS="LT8"
                    BASELINE="184 1850 1538 1829" 
                    HPOS="182"
                    VPOS="1763"
                    WIDTH="1356"
                    HEIGHT="115">
            <Shape><Polygon POINTS="184 1850 184 1868 380 1868 423 1878 425 1878 427 1878 429 1878 461 1866 463 1866 469 1866 548 1876 550 1876 552 1876 578 1864 582 1864 591 1864 651 1874 653 1874 700 1864 712 1862 724 1864 776 1872 778 1872 879 1862 920 1858 944 1862 989 1868 991 1868 993 1868 995 1868 1003 1860 1007 1858 1053 1860 1164 1866 1166 1866 1277 1864 1279 1864 1290 1858 1302 1852 1320 1858 1338 1862 1340 1862 1342 1862 1381 1856 1431 1850 1536 1854 1538 1829 1534 1775 1437 1763 1435 1763 1334 1775 1292 1765 1290 1765 1288 1765 1286 1765 1284 1765 1271 1777 1180 1767 1178 1767 1176 1767 1174 1767 1160 1779 1156 1779 797 1773 795 1773 793 1773 760 1785 758 1785 429 1779 427 1779 425 1779 423 1779 409 1791 407 1791 326 1781 324 1781 322 1781 320 1781 300 1793 295 1793 207 1783 205 1783 203 1783 182 1791 184 1850"/></Shape>
	    <String CONTENT="liẽs de ses pechez/ ⁊ qͥ tire ses pechez cõme une"
                    HPOS="182"
                    VPOS="1763"
                    WIDTH="1356"
                    HEIGHT="115"
                    WC="0.9932564087942535"></String>
          </TextLine>
          <TextLine ID="eSc_line_e7544690"
                    TAGREFS="LT8"
                    BASELINE="178 1933 1520 1912" 
                    HPOS="172"
                    VPOS="1837"
                    WIDTH="1346"
                    HEIGHT="122">
            <Shape><Polygon POINTS="175 1932 175 1959 1518 1935 1518 1909 1509 1837 172 1870 175 1932"/></Shape>
	    <String CONTENT="longue corde/ et ses ⁊mez cõme ung long liẽ"
                    HPOS="172"
                    VPOS="1837"
                    WIDTH="1346"
                    HEIGHT="122"
                    WC="0.9651587506135305"></String>
          </TextLine>
          <TextLine ID="eSc_line_89467f36"
                    TAGREFS="LT8"
                    BASELINE="168 2017 1528 1997" 
                    HPOS="166"
                    VPOS="1929"
                    WIDTH="1362"
                    HEIGHT="117">
            <Shape><Polygon POINTS="168 2017 168 2032 287 2042 289 2042 409 2032 435 2046 437 2046 439 2046 441 2046 481 2030 641 2042 643 2044 687 2044 687 2042 689 2042 690 2042 714 2026 974 2038 976 2038 1134 2034 1136 2034 1162 2021 1178 2034 1180 2034 1182 2034 1183 2036 1255 2036 1255 2034 1257 2034 1259 2034 1277 2021 1336 2030 1338 2030 1340 2030 1342 2030 1354 2021 1407 2028 1409 2028 1411 2028 1413 2028 1431 2017 1480 2030 1482 2030 1484 2030 1486 2030 1528 2013 1528 1997 1524 1939 1473 1929 1471 1929 1469 1929 1467 1929 1455 1939 1451 1943 1364 1943 1344 1941 1281 1931 1279 1931 1277 1931 1253 1943 1247 1947 1154 1947 1148 1943 1116 1933 1114 1933 1112 1933 1110 1933 1088 1943 982 1935 980 1935 924 1947 920 1947 916 1947 861 1937 859 1937 789 1947 760 1939 758 1939 756 1939 754 1939 730 1949 726 1951 716 1949 665 1941 663 1941 661 1941 659 1941 645 1951 639 1955 166 1957 168 2017"/></Shape>
	    <String CONTENT="de ueau: pour ce seulemẽt quil est appelle eues¬"
                    HPOS="166"
                    VPOS="1929"
                    WIDTH="1362"
                    HEIGHT="117"
                    WC="0.9982982375183884"></String>
          </TextLine>
          <TextLine ID="eSc_line_17873432"
                    TAGREFS="LT8"
                    BASELINE="166 2098 1532 2080" 
                    HPOS="164"
                    VPOS="2019"
                    WIDTH="1368"
                    HEIGHT="110">
            <Shape><Polygon POINTS="166 2098 166 2129 354 2129 354 2127 356 2127 358 2127 362 2123 374 2116 427 2123 465 2127 467 2127 469 2127 485 2121 506 2114 530 2119 534 2121 536 2121 538 2121 558 2119 629 2112 645 2118 659 2123 661 2123 663 2125 772 2125 772 2123 869 2114 924 2108 962 2112 1041 2119 1043 2119 1045 2119 1079 2108 1090 2106 1118 2108 1225 2118 1227 2118 1229 2118 1257 2104 1261 2104 1269 2104 1332 2116 1334 2116 1336 2116 1387 2102 1389 2102 1391 2102 1415 2110 1417 2110 1419 2110 1532 2098 1532 2080 1528 2024 1326 2019 1324 2019 1322 2019 1320 2019 1310 2026 1308 2028 1306 2026 1292 2021 1290 2021 1288 2021 1286 2021 1284 2021 1277 2028 1271 2032 1174 2032 1170 2028 1160 2021 1158 2021 1156 2021 1106 2021 1104 2021 1047 2030 1029 2034 1017 2032 987 2022 985 2022 984 2022 875 2034 845 2036 835 2034 793 2024 791 2024 789 2024 788 2024 786 2024 770 2036 764 2038 732 2036 617 2026 615 2026 502 2040 492 2040 489 2040 461 2032 459 2032 457 2032 455 2032 453 2032 443 2040 439 2042 425 2040 332 2030 330 2030 328 2030 300 2042 296 2046 164 2046 166 2098"/></Shape>
	    <String CONTENT="que/ qͥl ayt telle puissance: q̃ ceulx qui sont de"
                    HPOS="164"
                    VPOS="2019"
                    WIDTH="1368"
                    HEIGHT="110"
                    WC="0.9822159385681153"></String>
          </TextLine>
          <TextLine ID="eSc_line_fdf5eaf5"
                    TAGREFS="LT8"
                    BASELINE="168 2183 1532 2167" 
                    HPOS="166"
                    VPOS="2100"
                    WIDTH="1366"
                    HEIGHT="114">
            <Shape><Polygon POINTS="168 2183 168 2207 318 2214 320 2214 322 2214 324 2214 338 2205 342 2203 350 2205 380 2213 382 2213 384 2213 386 2213 409 2203 419 2201 437 2203 498 2213 500 2213 566 2201 590 2197 597 2201 619 2211 621 2211 623 2211 625 2211 627 2211 639 2199 645 2197 659 2199 696 2207 698 2207 700 2207 718 2199 720 2197 720 2199 732 2209 734 2209 736 2209 738 2211 799 2211 799 2209 801 2209 845 2197 861 2193 890 2195 995 2207 997 2207 999 2207 1047 2193 1051 2191 1189 2189 1201 2191 1257 2201 1259 2201 1316 2189 1356 2203 1358 2203 1360 2203 1447 2189 1502 2201 1504 2201 1506 2201 1508 2201 1532 2185 1532 2167 1530 2114 1484 2100 1482 2100 1480 2100 1354 2114 1235 2102 1233 2102 1164 2116 851 2106 849 2106 754 2119 544 2110 542 2110 540 2110 498 2125 435 2125 421 2112 419 2112 417 2112 415 2112 358 2123 293 2114 291 2114 289 2114 287 2114 273 2125 196 2116 194 2116 192 2116 166 2125 168 2183"/></Shape>
	    <String CONTENT="luy desliez/ soiẽt aussi desliez au ciel: ou ceulx"
                    HPOS="166"
                    VPOS="2100"
                    WIDTH="1366"
                    HEIGHT="114"
                    WC="0.9946700463107988"></String>
          </TextLine>
          <TextLine ID="eSc_line_1d6f6a58"
                    TAGREFS="LT8"
                    BASELINE="178 2266 1548 2248" 
                    HPOS="176"
                    VPOS="2183"
                    WIDTH="1372"
                    HEIGHT="115">
            <Shape><Polygon POINTS="178 2266 178 2282 205 2296 207 2296 209 2298 328 2298 328 2296 552 2292 554 2292 590 2280 593 2280 605 2280 748 2290 750 2290 809 2278 827 2276 841 2278 875 2288 877 2288 879 2288 881 2288 906 2278 914 2276 936 2278 995 2286 997 2286 1130 2278 1241 2270 1265 2276 1284 2282 1286 2282 1288 2282 1290 2282 1292 2282 1298 2276 1306 2270 1546 2274 1548 2248 1546 2197 1512 2183 1510 2183 1508 2183 1385 2197 1378 2197 1364 2197 1182 2187 1180 2187 1108 2197 1084 2201 1069 2197 1033 2189 1031 2189 1029 2189 968 2199 934 2203 904 2199 873 2193 871 2193 774 2199 631 2207 605 2199 591 2195 590 2195 588 2195 586 2195 568 2199 542 2205 487 2199 459 2197 457 2197 455 2197 453 2197 451 2199 433 2209 378 2199 370 2199 368 2199 360 2199 304 2211 176 2201 178 2266"/></Shape>
	    <String CONTENT="qͥ sont de luy liez en la terre soyent liez au ciel."
                    HPOS="176"
                    VPOS="2183"
                    WIDTH="1372"
                    HEIGHT="115"
                    WC="0.9967558452716241"></String>
          </TextLine>
          <TextLine ID="eSc_line_07662987"
                    TAGREFS="LT8"
                    BASELINE="199 2341 936 2339 1551 2326" 
                    HPOS="193"
                    VPOS="2256"
                    WIDTH="1357"
                    HEIGHT="122">
            <Shape><Polygon POINTS="196 2339 196 2363 460 2378 463 2378 1550 2351 1550 2324 1547 2274 1485 2256 1482 2256 1479 2256 1354 2274 1339 2274 1313 2274 1105 2259 1102 2259 1099 2259 1060 2274 1051 2277 1051 2274 1039 2265 1039 2262 1036 2262 1033 2262 1030 2262 1028 2262 1004 2274 995 2277 974 2274 903 2262 900 2262 808 2274 760 2283 594 2283 585 2274 573 2265 570 2265 567 2265 564 2265 516 2274 478 2283 451 2274 427 2268 424 2268 421 2268 418 2268 395 2274 368 2283 193 2277 196 2339"/></Shape>
	    <String CONTENT="7 Que leuesque donc qͥ lye ou deslie ung aul¬"
                    HPOS="193"
                    VPOS="2256"
                    WIDTH="1357"
                    HEIGHT="122"
                    WC="0.9961308744218614"></String>
          </TextLine>
          <TextLine ID="eSc_line_34e81d23"
                    TAGREFS="LT8"
                    BASELINE="180 2436 1545 2412" 
                    HPOS="175"
                    VPOS="2336"
                    WIDTH="1367"
                    HEIGHT="131">
            <Shape><Polygon POINTS="178 2434 178 2461 487 2452 505 2467 514 2467 638 2449 680 2464 689 2464 727 2446 989 2458 998 2458 1001 2452 1016 2440 1206 2437 1539 2446 1542 2410 1533 2336 1345 2354 1129 2345 1060 2345 1019 2360 879 2348 870 2348 846 2363 674 2351 662 2366 519 2354 519 2357 505 2369 338 2357 175 2372 178 2434"/></Shape>
	    <String CONTENT="tre soit irrep̃hensible/ ⁊ digne de lier ou desher"
                    HPOS="175"
                    VPOS="2336"
                    WIDTH="1367"
                    HEIGHT="131"
                    WC="0.9897952377796173"></String>
          </TextLine>
          <TextLine ID="eSc_line_ba12bfbc"
                    TAGREFS="LT8"
                    BASELINE="174 2517 1530 2494" 
                    HPOS="172"
                    VPOS="2432"
                    WIDTH="1358"
                    HEIGHT="103">
            <Shape><Polygon POINTS="174 2517 174 2535 1528 2515 1530 2494 1526 2442 1447 2432 1445 2432 1443 2432 1411 2442 1387 2432 1385 2432 1383 2432 1381 2432 1379 2432 1368 2444 1366 2446 1259 2446 1253 2446 1185 2432 1183 2432 1182 2432 1136 2448 1134 2448 1130 2448 1083 2440 1081 2440 1033 2450 1029 2450 1027 2450 995 2436 993 2436 991 2436 989 2436 952 2452 948 2452 942 2452 892 2442 890 2442 839 2454 831 2454 825 2454 756 2440 754 2440 752 2440 712 2452 582 2444 580 2444 578 2444 546 2456 394 2446 392 2446 172 2464 174 2517"/></Shape>
	    <String CONTENT="au ciel? ?quil soit le mary dune femme/ sobre/"
                    HPOS="172"
                    VPOS="2432"
                    WIDTH="1358"
                    HEIGHT="103"
                    WC="0.9887973925341731"></String>
          </TextLine>
          <TextLine ID="eSc_line_8e0fff49"
                    TAGREFS="LT8"
                    BASELINE="178 2600 1467 2581 1561 2577" 
                    HPOS="172"
                    VPOS="2520"
                    WIDTH="1387"
                    HEIGHT="104">
            <Shape><Polygon POINTS="175 2598 175 2621 1010 2624 1013 2624 1016 2624 1019 2624 1019 2621 1022 2621 1030 2609 1042 2609 1176 2621 1179 2621 1182 2621 1224 2606 1230 2606 1244 2606 1375 2618 1378 2618 1559 2600 1559 2574 1553 2520 448 2520 445 2520 442 2520 395 2535 222 2523 219 2523 216 2523 172 2538 175 2598"/></Shape>
	    <String CONTENT="chaste/ eloquẽt/ tenant hospitalite/ cõuenable"
                    HPOS="172"
                    VPOS="2520"
                    WIDTH="1387"
                    HEIGHT="104"
                    WC="0.9974819247921308"></String>
          </TextLine>
          <TextLine ID="eSc_line_e6770837"
                    TAGREFS="LT8"
                    BASELINE="194 2684 1336 2666 1569 2657" 
                    HPOS="190"
                    VPOS="2600"
                    WIDTH="1378"
                    HEIGHT="113">
            <Shape><Polygon POINTS="193 2681 193 2707 719 2713 721 2713 724 2713 757 2698 760 2698 763 2698 805 2710 808 2710 811 2710 1048 2696 1087 2693 1111 2693 1265 2704 1268 2704 1568 2684 1568 2654 1562 2603 751 2600 748 2600 190 2624 193 2681"/></Shape>
	    <String CONTENT="a enseigner/ non point adõner au uin: ne bat¬"
                    HPOS="190"
                    VPOS="2600"
                    WIDTH="1378"
                    HEIGHT="113"
                    WC="0.9990066367646923"></String>
          </TextLine>
          <TextLine ID="eSc_line_b7b08c74"
                    TAGREFS="LT8"
                    BASELINE="192 2767 1569 2745" 
                    HPOS="187"
                    VPOS="2672"
                    WIDTH="1381"
                    HEIGHT="124">
            <Shape><Polygon POINTS="190 2764 190 2796 1565 2770 1568 2743 1565 2690 1497 2672 1494 2672 1491 2672 1375 2690 1360 2690 1345 2690 1215 2675 1212 2675 1209 2675 1173 2690 1164 2693 1143 2690 1084 2678 1081 2678 1078 2678 1033 2690 1019 2693 1010 2690 983 2678 980 2678 977 2678 974 2678 971 2678 956 2690 950 2696 921 2690 876 2681 873 2681 799 2690 727 2698 187 2693 190 2764"/></Shape>
	    <String CONTENT="teur de gens/ mais soit modeste/ nõ point noi¬"
                    HPOS="187"
                    VPOS="2672"
                    WIDTH="1381"
                    HEIGHT="124"
                    WC="0.9999520867428882"></String>
          </TextLine>
          <TextLine ID="eSc_line_3167897a"
                    TAGREFS="LT8"
                    BASELINE="190 2854 485 2842 1561 2824" 
                    HPOS="184"
                    VPOS="2764"
                    WIDTH="1375"
                    HEIGHT="116">
            <Shape><Polygon POINTS="187 2853 187 2880 912 2874 977 2862 1001 2859 1066 2859 1295 2868 1298 2868 1301 2868 1328 2853 1331 2853 1345 2853 1452 2865 1455 2865 1556 2847 1559 2823 1550 2764 184 2791 187 2853"/></Shape>
	    <String CONTENT="seux/ ne auarioieux/ mais bien presidãt en sa"
                    HPOS="184"
                    VPOS="2764"
                    WIDTH="1375"
                    HEIGHT="116"
                    WC="0.9838194367678269"></String>
          </TextLine>
          <TextLine ID="eSc_line_6c128651"
                    TAGREFS="LT8"
                    BASELINE="184 2937 1047 2917 1556 2913" 
                    HPOS="182"
                    VPOS="2844"
                    WIDTH="1374"
                    HEIGHT="144">
            <Shape><Polygon POINTS="184 2937 184 2969 241 2988 243 2988 245 2988 247 2988 291 2979 423 2985 425 2985 427 2985 429 2985 429 2983 447 2967 485 2965 514 2983 516 2983 518 2983 520 2983 609 2967 621 2977 623 2977 625 2977 627 2977 629 2977 671 2967 692 2981 694 2981 696 2981 698 2981 782 2969 803 2979 805 2979 807 2979 809 2979 845 2969 993 2975 995 2975 997 2975 1037 2953 1130 2965 1132 2965 1245 2955 1263 2967 1265 2967 1267 2967 1269 2967 1271 2967 1304 2949 1437 2955 1439 2955 1441 2955 1480 2945 1496 2955 1498 2955 1500 2955 1502 2955 1504 2955 1556 2941 1556 2913 1552 2856 1451 2844 1449 2844 1447 2844 1445 2844 1425 2858 1423 2858 1419 2858 1385 2850 1383 2850 1191 2862 1176 2862 1174 2862 1140 2850 1138 2850 1136 2850 1134 2850 1092 2864 1088 2864 1084 2864 1017 2852 1015 2852 1013 2852 1011 2852 1011 2854 999 2866 997 2866 995 2866 938 2854 936 2854 934 2854 890 2868 888 2868 877 2856 875 2856 873 2856 815 2856 813 2856 811 2856 809 2856 809 2858 797 2870 795 2870 778 2870 593 2860 591 2860 590 2860 554 2874 552 2874 542 2874 388 2864 386 2864 182 2880 184 2937"/></Shape>
	    <String CONTENT="maison/ ayãt ses ensõs subiectz en toute cha¬"
                    HPOS="182"
                    VPOS="2844"
                    WIDTH="1374"
                    HEIGHT="144"
                    WC="0.9907317161560059"></String>
          </TextLine>
        </TextBlock>
        <TextBlock HPOS="1475"
                   VPOS="469"
                   WIDTH="336"
                   HEIGHT="119"
                   ID="eSc_textblock_aab5341e"
                   TAGREFS="BT13">
          <Shape><Polygon POINTS="1475 469 1483 588 1811 572 1811 469"/></Shape>
          <TextLine ID="eSc_line_53c263ed"
                    TAGREFS="LT8"
                    BASELINE="1494 547 1791 538" 
                    HPOS="1488"
                    VPOS="454"
                    WIDTH="300"
                    HEIGHT="124">
            <Shape><Polygon POINTS="1491 546 1491 578 1785 564 1788 537 1779 454 1672 469 1488 460 1491 546"/></Shape>
	    <String CONTENT="mat.16.c"
                    HPOS="1488"
                    VPOS="454"
                    WIDTH="300"
                    HEIGHT="124"
                    WC="0.9982491359114647"></String>
          </TextLine>
        </TextBlock>
        <TextBlock HPOS="1559"
                   VPOS="149"
                   WIDTH="204"
                   HEIGHT="114"
                   ID="eSc_textblock_565a6696"
                   TAGREFS="BT15">
          <Shape><Polygon POINTS="1559 149 1559 263 1763 263 1763 149"/></Shape>
          <TextLine ID="eSc_line_cde87601"
                    TAGREFS="LT8"
                    BASELINE="1585 225 1751 229" 
                    HPOS="1580"
                    VPOS="130"
                    WIDTH="170"
                    HEIGHT="125">
            <Shape><Polygon POINTS="1583 222 1580 246 1744 255 1750 228 1750 151 1705 130 1702 130 1699 130 1583 145 1583 222"/></Shape>
	    <String CONTENT="23d"
                    HPOS="1580"
                    VPOS="130"
                    WIDTH="170"
                    HEIGHT="125"
                    WC="0.9730057517687479"></String>
          </TextLine>
        </TextBlock>
        <TextBlock HPOS="1506"
                   VPOS="1180"
                   WIDTH="329"
                   HEIGHT="599"
                   ID="eSc_textblock_7f42ffdb"
                   TAGREFS="BT13">
          <Shape><Polygon POINTS="1506 1180 1514 1529 1533 1591 1552 1630 1557 1779 1835 1774 1835 1461 1776 1182"/></Shape>
          <TextLine ID="eSc_line_a1adf74f"
                    TAGREFS="LT8"
                    BASELINE="1528 1251 1752 1247" 
                    HPOS="1524"
                    VPOS="1172"
                    WIDTH="226"
                    HEIGHT="107">
            <Shape><Polygon POINTS="1527 1250 1527 1279 1750 1276 1750 1244 1741 1172 1524 1175 1527 1250"/></Shape>
	    <String CONTENT="Cestuy"
                    HPOS="1524"
                    VPOS="1172"
                    WIDTH="226"
                    HEIGHT="107"
                    WC="0.9988378584384918"></String>
          </TextLine>
          <TextLine ID="eSc_line_b21e8d5d"
                    TAGREFS="LT8"
                    BASELINE="1520 1330 1785 1326" 
                    HPOS="1515"
                    VPOS="1258"
                    WIDTH="267"
                    HEIGHT="107">
            <Shape><Polygon POINTS="1518 1327 1518 1365 1654 1350 1678 1353 1750 1365 1752 1365 1755 1365 1758 1365 1782 1348 1782 1324 1773 1258 1515 1258 1518 1327"/></Shape>
	    <String CONTENT="seul a la"
                    HPOS="1515"
                    VPOS="1258"
                    WIDTH="267"
                    HEIGHT="107"
                    WC="0.9985308448473612"></String>
          </TextLine>
          <TextLine ID="eSc_line_b089488c"
                    TAGREFS="LT8"
                    BASELINE="1525 1413 1783 1409" 
                    HPOS="1521"
                    VPOS="1336"
                    WIDTH="261"
                    HEIGHT="115">
            <Shape><Polygon POINTS="1524 1410 1524 1451 1779 1440 1782 1407 1776 1350 1616 1336 1613 1336 1521 1350 1524 1410"/></Shape>
	    <String CONTENT="puissãce"
                    HPOS="1521"
                    VPOS="1336"
                    WIDTH="261"
                    HEIGHT="115"
                    WC="0.9923126035266452"></String>
          </TextLine>
          <TextLine ID="eSc_line_07f38ba4"
                    TAGREFS="LT8"
                    BASELINE="1523 1495 1803 1490" 
                    HPOS="1518"
                    VPOS="1425"
                    WIDTH="282"
                    HEIGHT="101">
            <Shape><Polygon POINTS="1521 1493 1521 1526 1800 1508 1800 1487 1791 1425 1518 1434 1521 1493"/></Shape>
	    <String CONTENT="de pierre"
                    HPOS="1518"
                    VPOS="1425"
                    WIDTH="282"
                    HEIGHT="101"
                    WC="0.9995647139019437"></String>
          </TextLine>
          <TextLine ID="eSc_line_ceb2c95d"
                    TAGREFS="LT8"
                    BASELINE="1540 1577 1815 1571" 
                    HPOS="1536"
                    VPOS="1508"
                    WIDTH="276"
                    HEIGHT="101">
            <Shape><Polygon POINTS="1539 1576 1539 1609 1812 1609 1812 1570 1803 1508 1536 1511 1539 1576"/></Shape>
	    <String CONTENT="qui a les"
                    HPOS="1536"
                    VPOS="1508"
                    WIDTH="276"
                    HEIGHT="101"
                    WC="0.9981240563922458"></String>
          </TextLine>
          <TextLine ID="eSc_line_96b00f98"
                    TAGREFS="LT8"
                    BASELINE="1561 1658 1805 1652" 
                    HPOS="1556"
                    VPOS="1597"
                    WIDTH="247"
                    HEIGHT="92">
            <Shape><Polygon POINTS="1559 1656 1559 1689 1803 1677 1803 1650 1794 1597 1556 1603 1559 1656"/></Shape>
	    <String CONTENT="oeuures"
                    HPOS="1556"
                    VPOS="1597"
                    WIDTH="247"
                    HEIGHT="92"
                    WC="0.9999845709119525"></String>
          </TextLine>
          <TextLine ID="eSc_line_b8f5164c"
                    TAGREFS="LT8"
                    BASELINE="1567 1743 1811 1739" 
                    HPOS="1562"
                    VPOS="1677"
                    WIDTH="247"
                    HEIGHT="107">
            <Shape><Polygon POINTS="1565 1742 1565 1784 1809 1766 1809 1736 1803 1677 1562 1677 1565 1742"/></Shape>
	    <String CONTENT="de pierre"
                    HPOS="1562"
                    VPOS="1677"
                    WIDTH="247"
                    HEIGHT="107"
                    WC="0.9872738851441277"></String>
          </TextLine>
        </TextBlock>
        <TextBlock HPOS="1536"
                   VPOS="1850"
                   WIDTH="292"
                   HEIGHT="109"
                   ID="eSc_textblock_7432369a"
                   TAGREFS="BT13">
          <Shape><Polygon POINTS="1805 1944 1828 1850 1536 1850 1536 1942 1612 1959 1676 1946"/></Shape>
          <TextLine ID="eSc_line_fb7e49d6"
                    TAGREFS="LT8"
                    BASELINE="1538 1912 1797 1908" 
                    HPOS="1533"
                    VPOS="1820"
                    WIDTH="261"
                    HEIGHT="139">
            <Shape><Polygon POINTS="1536 1909 1536 1959 1663 1944 1693 1947 1758 1959 1761 1959 1764 1959 1767 1959 1794 1941 1794 1906 1785 1829 1684 1837 1654 1834 1568 1820 1565 1820 1562 1820 1533 1834 1536 1909"/></Shape>
	    <String CONTENT="Esai.5.d"
                    HPOS="1533"
                    VPOS="1820"
                    WIDTH="261"
                    HEIGHT="139"
                    WC="0.9999812692403793"></String>
          </TextLine>
        </TextBlock>
        <TextBlock HPOS="1553"
                   VPOS="2268"
                   WIDTH="278"
                   HEIGHT="181"
                   ID="eSc_textblock_9b2f0816"
                   TAGREFS="BT13">
          <Shape><Polygon POINTS="1555 2268 1553 2449 1831 2449 1831 2268"/></Shape>
          <TextLine ID="eSc_line_cae8cee4"
                    TAGREFS="LT8"
                    BASELINE="1563 2326 1815 2321" 
                    HPOS="1559"
                    VPOS="2241"
                    WIDTH="253"
                    HEIGHT="113">
            <Shape><Polygon POINTS="1562 2324 1562 2351 1809 2354 1812 2318 1806 2250 1559 2241 1562 2324"/></Shape>
	    <String CONTENT="1.tim̃.3.a"
                    HPOS="1559"
                    VPOS="2241"
                    WIDTH="253"
                    HEIGHT="113"
                    WC="0.9344350278377533"></String>
          </TextLine>
          <TextLine ID="eSc_line_7f13ce11"
                    TAGREFS="LT8"
                    BASELINE="1561 2412 1797 2408" 
                    HPOS="1556"
                    VPOS="2330"
                    WIDTH="238"
                    HEIGHT="113">
            <Shape><Polygon POINTS="1559 2410 1559 2443 1794 2437 1794 2407 1782 2330 1735 2345 1556 2339 1559 2410"/></Shape>
	    <String CONTENT="Tit.1.b"
                    HPOS="1556"
                    VPOS="2330"
                    WIDTH="238"
                    HEIGHT="113"
                    WC="0.9583734955106463"></String>
          </TextLine>
        </TextBlock>
        <TextBlock HPOS="1573"
                   VPOS="2501"
                   WIDTH="268"
                   HEIGHT="366"
                   ID="eSc_textblock_cb0fab16"
                   TAGREFS="BT13">
          <Shape><Polygon POINTS="1593 2501 1581 2743 1573 2768 1575 2867 1841 2867 1841 2504"/></Shape>
          <TextLine ID="eSc_line_53e4aac7"
                    TAGREFS="LT8"
                    BASELINE="1622 2574 1811 2565" 
                    HPOS="1613"
                    VPOS="2473"
                    WIDTH="196"
                    HEIGHT="130">
            <Shape><Polygon POINTS="1619 2571 1619 2603 1809 2595 1809 2562 1800 2485 1711 2500 1687 2479 1684 2476 1684 2473 1681 2473 1678 2473 1675 2473 1613 2473 1619 2571"/></Shape>
	    <String CONTENT="Quel"
                    HPOS="1613"
                    VPOS="2473"
                    WIDTH="196"
                    HEIGHT="130"
                    WC="0.9975284188985825"></String>
          </TextLine>
          <TextLine ID="eSc_line_90600366"
                    TAGREFS="LT8"
                    BASELINE="1600 2655 1827 2646" 
                    HPOS="1592"
                    VPOS="2577"
                    WIDTH="232"
                    HEIGHT="116">
            <Shape><Polygon POINTS="1598 2654 1598 2678 1643 2693 1646 2693 1648 2693 1651 2693 1708 2675 1741 2690 1744 2690 1747 2690 1750 2690 1824 2669 1824 2645 1815 2577 1592 2580 1598 2654"/></Shape>
	    <String CONTENT="doibt es¬"
                    HPOS="1592"
                    VPOS="2577"
                    WIDTH="232"
                    HEIGHT="116"
                    WC="0.9540311627917819"></String>
          </TextLine>
          <TextLine ID="eSc_line_589e5c91"
                    TAGREFS="LT8"
                    BASELINE="1593 2744 1811 2741" 
                    HPOS="1589"
                    VPOS="2672"
                    WIDTH="220"
                    HEIGHT="101">
            <Shape><Polygon POINTS="1592 2743 1592 2773 1806 2773 1809 2740 1800 2672 1589 2678 1592 2743"/></Shape>
	    <String CONTENT="tre ung"
                    HPOS="1589"
                    VPOS="2672"
                    WIDTH="220"
                    HEIGHT="101"
                    WC="0.9753609725407192"></String>
          </TextLine>
          <TextLine ID="eSc_line_fef8b197"
                    TAGREFS="LT8"
                    BASELINE="1581 2824 1829 2820" 
                    HPOS="1577"
                    VPOS="2758"
                    WIDTH="250"
                    HEIGHT="136">
            <Shape><Polygon POINTS="1580 2823 1580 2894 1738 2865 1821 2888 1827 2817 1818 2758 1577 2761 1580 2823"/></Shape>
	    <String CONTENT="euesque."
                    HPOS="1577"
                    VPOS="2758"
                    WIDTH="250"
                    HEIGHT="136"
                    WC="0.9968609884381294"></String>
          </TextLine>
        </TextBlock>
        <TextBlock HPOS="1266"
                   VPOS="2940"
                   WIDTH="303"
                   HEIGHT="105"
                   ID="eSc_textblock_730acb56"
                   TAGREFS="BT17">
          <Shape><Polygon POINTS="1266 2946 1266 3045 1566 3045 1569 2940"/></Shape>
          <TextLine ID="eSc_line_5518252a"
                    TAGREFS="LT8"
                    BASELINE="1279 3008 1550 3002" 
                    HPOS="1275"
                    VPOS="2923"
                    WIDTH="275"
                    HEIGHT="115">
            <Shape><Polygon POINTS="1279 3008 1279 3038 1550 3038 1550 3002 1542 2929 1500 2939 1490 2931 1478 2923 1477 2923 1475 2923 1473 2923 1471 2923 1445 2935 1427 2943 1417 2937 1405 2927 1403 2927 1401 2927 1336 2927 1334 2927 1332 2927 1275 2945 1279 3008"/></Shape>
	    <String CONTENT="stete. Sil"
                    HPOS="1275"
                    VPOS="2923"
                    WIDTH="275"
                    HEIGHT="115"
                    WC="0.9947593510150909"></String>
          </TextLine>
        </TextBlock>
      </PrintSpace>
    </Page>
  </Layout>
</alto>
