2267 3563
718 273 1362 111 fiete. Sil est tel/ il ne hera pas iniustemẽt sur

712 360 1378 101 la terre: ⁊ ne desliera pas sans bon iugement.

710 443 1384 107 Mais si aucun est (cõme pour dire) Pierre: et

702 528 1390 105 quil nait pas les choses qui sont icy dictes/ cõ

681 613 1407 103 me appartenant a Pierre: ⁊ quil estime auoir

683 692 1399 107 la puissance de lier/ tellement qͥl soit aussi lie

685 775 1395 107 au ciel: ⁊ de deslier: tellemẽt quil soit deslie au

698 859 1388 108 ciel: cestuy se trompe soymesme/ en mal enten

721 932 1364 113 dãt la uolunte de lescrixture: mais enfle dor¬

712 1023 1107 107 gueil tresbuche au iugemẽt du dioble.

871 1108 1017 107 ¶ Chrysostome en son oeuure im¬

916 1197 917 103 parsnicte au .xxiii. chapitre.

667 1274 1405 137 Mat.23.B. ¶ Malheur sur uoꝰ

700 1385 1380 147 scribes ⁊ phorisiens hypocrites qui

712 1502 1261 133 fermez le royaulme des cieulx ⁊c.

713 1606 1351 110 ¶ Ueritablement le royaulme des cieulx est

710 1704 1366 92 appelle/ les escriptures: pour ce quẽ icelles est

707 1772 1375 110 cõtenu le royaulme des cieulx. La porte dicel¬

707 1867 1372 101 les est lentendemẽt dicelles. Ou le royaulme

698 1947 1381 101 des cieulx est la celeste beatitude. Et la porte

680 2036 1390 95 est la iustice par laquelle on y entre. Mais les

662 2119 1402 104 porteurs de clefz sont les q̃grres ousq̃lz est ordõ

674 2203 1390 89 ne ⁊ uoade en charge de enseigner la porode de

701 2268 1363 122 dieu/ ⁊ dinterpter les escriptures.7 Et la cles

698 2357 1375 116 est la parolle de la science des escriptures/ par

704 2449 1363 101 laq̃lle est aux hõmes ouuerte la porte de ueri¬

695 2529 1277 113 te. Et louuerture est la uraye interp̃tation.

855 2621 1049 107 ¶ Theophylacte sur sainct Iehan

1017 2701 723 103 au huytiesme chapitre.

704 2770 1355 104 ¶ Il appartiẽt a dieu seul de pardõner les pe¬

689 2868 1358 107 chez. Pourtãt dit il. Tout hõme qͥ faict peche

974 134 748 133 De penitence ⁊ de

410 935 291 119 .tim̃.3.b

412 1582 265 125 Les es¬

404 1686 264 113 criptu¬

404 1775 267 107 res sont

401 1864 252 107 appel¬

401 1935 237 107 lees le

386 2027 267 107 royaul¬

383 2111 232 89 me des

380 2188 255 98 cieulx.

389 2265 279 101 La clef

392 2348 279 107 d leglise

389 2434 288 113 est la pa

386 2526 270 95 rolle de

386 2598 202 115 dieu.

383 2746 282 137 Pardõ¬

392 2862 243 104 ner les

1692 2957 359 113 est seruiteur
