2267 3563
637 340 1394 119 froider: mesme (ce qui est plus ueritable) nous

635 425 1396 115 la dirõs plus tost estre du tout cõuertie en seu/

637 512 1398 113 cõme souuẽt nous uoyõs dedẽs les fornaises:

631 593 1406 121 carriẽs nest ueu en icelle sinõ feu: mesme aussi

615 680 1420 117 quãt q̃loun essaiera de le toucher ou traicter

607 764 1424 112 aucunemẽt/ il ne sentira pas la force du fer/

626 840 1406 122 mais la force du feu. ◊Par ceste maniere donc

635 917 1400 131 est il aussi de lame/ laquede cõe le fer tousioͬs

656 1006 1382 119 mis au feu/ aussi est tousioues uituee en la pa-

656 1083 1376 119 rolle ⁊ en la sapience ⁊ en dieu: tout ce quelle

641 1169 1385 128 faict q̃ lle sent ⁊ q̃lle entend/ cest dieu:? ⁊qour¬

623 1261 1415 107 tant celle ainsi enflãbee cõtinuellemẽt par lu¬

638 1336 1400 127 aiite de lo uoir ode de dieu/ laq̃lle possede ce qͥ est

659 1422 1367 116 incõuertible ⁊ immuable/ ne peult estre ausse

668 1514 1355 110 cõuertible ou muable. Parquoy fault estimer

665 1585 1373 113 que aucune partie de ceste chaleur soit parue¬

657 1678 960 109 nue a ung chascun des sainctz.

758 1753 1184 121 ¶ Chrysostome sur sainct Iehan en la

995 1842 723 105 xui. Homelie en la fin.

655 1920 1412 116 ¶ Ie uous prie escoutez une chose ueritable.

637 2007 1412 118 Nest ce pas chose absurde/ que ung medecin/

633 2094 1416 109 ung cordouãnier/ ung tisseran/ ⁊ generalemẽt

639 2177 1406 107 toꝰ ouuriers/ ung chascun rend pomne de louer

669 2252 1394 115 son mestier/ ⁊ tiẽt bien les sermens qͥl y a faict:

683 2342 1378 101 ◊ ⁊ que le Chrestien ne scait rendre q̃lq̃ raison

686 2425 1375 107 de sa ꝓfessiõ? Il est uray q̃ quãt ces ars meca¬

680 2511 1384 107 nicques sont ignorees/ quelles ne dõnent pas

683 2583 1384 110 dargẽt aux hõmes: mais aussi le contẽnemẽt

689 2675 1378 107 de la religion chrestienne faict le detriment de

677 2757 1384 111 lame: ⁊ toutesfoys nous labourons par si grã

667 2844 1386 111 de misere ⁊ par si grande forsenerie: que nous

651 2923 1398 127 mettõs en icelles toute nostre cure ⁊ toute no¬

855 201 835 139 Lutilite de la parolle

335 786 244 190 La pa¬

326 947 259 92 rolle de

326 1015 283 116 dieu est

329 1107 283 110 cõparee

332 1193 250 104 au feut.

332 1276 268 107 Lopera¬

335 1368 271 86 tiõ de la

350 1451 256 84 parolle

356 1529 262 101 de dieu

359 1609 285 130 en lame.

365 2330 300 116 Le chre¬

365 2431 303 122 stien seul

359 2517 303 116 est igno¬

353 2609 309 98 rãt de sa

353 2681 282 139 pfessiõ.

1576 3008 477 117 stre cogitation?
