2267 3563
1009 195 731 131 De penitence ⁊ de

748 308 1334 164 ¶ Ie uous dis en uerite/ q̃ tout ce q̃

722 447 1024 130 uous lierez sur la terre/ ⁊c.

713 567 1396 112 Si toy (dit il) qui es offense/ tiẽs celuy qui ta

704 665 1399 98 faict iniure comme gẽtil ⁊ publicain: cestuy la

696 746 1404 109 aussi sera tel au ciel/ mais si tu le deslie/ cest

708 831 1390 111 adire/ se tu luy pardõne: il luy sera aussi par¬

730 911 1373 110 donne au ciel. * Car non seullemẽt les choses

733 988 1367 122 que les p̃stres desliẽt sont desliees: mais aussi

724 1086 1364 98 toutes les choses que nous qui sommes iniu¬

701 1157 1378 122 riez/ lions ou deslions/ aussi telles choses se¬

683 1244 683 101 ront liees ou desliees.

827 1332 1107 105 ¶ Clement en la premiere epistre a

972 1415 815 95 Iacobum frere du seigneur.

726 1492 1360 103 ¶ Que si par auenture le cueur/ ou lenuie/ ou

708 1577 1372 107 linfidelite daucũ/ ou q̃lque mal de ceulx que

706 1662 1364 103 nous auõs predit/ est secretemẽt perpetre celuy

708 1743 1372 105 qui a soing de son ame/ qͥl ne soit pas hõteux

719 1826 1372 112 de le cõfesser a celuy qͥ est le prelat/ * affin que

710 1903 1381 107 de luy/ par la parolle de dieu/ ⁊ par cõseil salu

692 1983 1390 116 taire/ soit guery: tellemẽt qͥl puist par foy entie

680 2075 1390 107 re/ ⁊ ꝑ bõnes oeuures eschapper les peines du

683 2155 1384 101 feu eternel: ⁊ paruenir a la retributiõ de la uie

701 2244 1372 101 ꝑdurable. * Et q̃ les Diacres de leglise soient

707 2333 1372 98 cõme les yeulx de leuesque/ allant dung coste

707 2416 1378 92 ⁊ daultre ⁊ circuisant en toute uergongne/ ⁊

707 2491 1372 95 diligemmẽt scrutinant toutes les oeuures de

707 2562 1372 113 leglise: affin q̃ silz uoyent q̃lcun qui soit pres

700 2660 1386 101 de tõber/ et prochain de peche/ quilz le repor¬

694 2743 1388 107 tent ⁊ annõcent au prelat: affin q̃ celuy qui est

694 2830 1367 101 pres de tõber en peche puist estre de luy admõ¬

681 2909 1382 117 neste: ⁊ affin qͥl le reuoque ⁊ quil ne tresbuche

457 311 267 125 Matth.

455 415 146 89 18.c.

451 578 247 107 mat.16.c

448 656 217 121 mar.5.d

410 902 297 119 Non se¬

404 1000 291 89 ullemẽt

410 1080 300 89 les pre¬

401 1157 285 104 stres liẽt

395 1241 267 115 ou des¬

401 1330 208 109 lient.

421 1805 274 116 Les pe¬

410 1900 276 113 chez sõt

401 1989 267 104 ꝑdonnez

392 2075 258 113 ꝑ la pa¬

392 2164 255 92 rolle de

401 2244 178 95 dieu.

407 2315 282 101 La disci

404 2413 276 87 pline de

401 2482 288 118 leglise pͥ

404 2583 258 92 mitiue.

1823 3010 224 107 pas en
