2267 3563
178 304 1384 115 pas en peche. Pareillemẽt quilz admõnestẽt ⁊

175 391 1378 98 e nhorte/ les plus negligẽs ⁊ ceulx peu souuẽt

190 475 1372 103 cõuiennẽt poͬ ouyr la parolle de dieu/ ⁊ ne uiẽ

196 560 1364 105 nent pas soliciteusement a la doctrine de le¬

187 638 1366 119 uesque.? Car silz sont solliciteux de ouyr: ilz

175 721 1381 107 ne receurõt pas seullement par telle salutaire

175 816 1378 89 admonition le gaignage de la uie eternelle:

178 896 1372 95 mais aussi toutes les tristesses ⁊ douleurs q̃l¬

184 970 1372 101 les que soient lesquelles nous enuirõnent par

178 1062 1375 95 les necessitez de ceste uie p̃sente/ ⁊ uiẽnent par

175 1146 1381 106 les difficultez des tẽps et toꝰ les maulx q̃ par

181 1235 1375 89 parolles sont fichez au cueur cõe flesches: tou

182 1310 1382 103 tes telles choses serõt ostees par la predicatiõ

186 1393 1382 101 de uerite: ⁊ serõt purgees ꝑ la docteine ⁊ erudi

186 1476 1382 105 tion de la uie eternedde. Aussi au ꝯtraire silz se

196 1561 1389 101 soubstraiẽt par lõg tẽps de ouyr la parolle de

188 1646 1411 97 dieu: tellemẽt qͥlz demeueet en la uoueur des ui

190 1719 1387 98 ces: sãs doudte iceulx ont delaisse dieu ⁊ son¬

196 1805 1369 104 totallemẽt occupez aux espines: ⁊ a quoy dõc

190 1885 1349 116 sera p̃paree telle terre/ sinõ poͬ mettre au feu?

427 1973 1063 105 ¶ Hylaire de la trinite au .ui. liure.

193 2048 1372 113 ¶ Le pere reuela a Pierre qͥl dist. Tu es le filz

192 2143 1384 103 de dieu. Parquoy ledificatiõ de leglise est sur

190 2220 1396 110 ceste pierre de cõfessiõ.4 Ceste foy est le fonde¬

193 2312 1393 101 mẽt de leglise: ceste foy a les clefz du royaul¬

190 2384 1378 110 me celeste: tout ce que ceste foy aura lie et des¬

199 2482 1381 86 lie en la terre/ est aussi lie ⁊ deslie au ciel. Ceste

205 2553 1390 101 foy est le dõ de la reuelatiõ pẽnelle. Ung petit

199 2640 1400 107 apres Et si ceste seule foy qui a cõfesse Christ

196 2721 1389 105 estre le filz de dieu a desseruy la gloire de tou¬

199 2808 1378 95 tes beatitudes: il soult donc q̃ ce de qͥ cõfessera

197 2888 1380 112 plus tost la creature qui nest riẽs: qu celle na

380 151 1010 169 cõfession. Chap̃.xtti.

1556 169 238 133 240

1574 388 250 122 2.timo.

1580 478 113 103 4.a

1574 629 268 122 Noꝰ sõ¬

1577 739 265 83 mes noͬ¬

1577 810 265 101 ris ꝑ la

1571 887 277 107 polle de

1577 973 268 110 dieu/ ⁊ sõ

1583 1068 265 89 mes ioͬ¬

1583 1140 259 112 nellemẽt

1583 1217 232 119 cõsolez.

1586 1701 226 133 ꝓuerbi.

1580 1808 128 95 28.b

1586 1888 270 122 Hebr.6.b

1586 2045 270 110 mat.16.c

1607 2203 255 127 La foy a

1595 2307 267 103 les clefz

1595 2390 276 124 de legli¬

1610 2467 83 104 se.

1616 2541 226 140 1.Io.5.a

1249 2979 334 112 Ps obtenu
