2267 3563
982 174 782 134 De peniteni e ⁊ de

726 302 1384 113 pas obtenu les clefz du roy aulme des cieulx/

726 391 1384 111 ⁊ q̃lle est ꝯstituee hors de la roy ⁊ uertu aposto¬

720 473 1232 118 licque ⁊ q̃lle nest point leglise/ ne Christ.

841 556 1148 120 ¶ Augustin sur lepistre sainct Iehan

1152 649 570 97 au premier traicte.

698 716 1408 123 ¶ Cest hõme icy na pas dit. Uoꝰ auez ung ad

710 801 1399 122 uocat enuers le pere. * Mais si q̃lcun a peche

714 890 1398 111 nous auõs ung aduocat. Il na pas dit/ uous

722 977 1396 105 auez: ⁊ na pas dit/ uoꝰ mauez: ⁊ si na pas dit/

722 1059 1388 96 uous auez aussi mesme Christ: mais il a mis

706 1146 1390 106 Christ/ ⁊ nõ pas soy: ⁊ a dit/ nous auõs ⁊ non

707 1220 1384 122 pas uous auez. * Il a mieulx ayme de se met¬

707 1306 1387 113 tre au nõbre des pecheurs/ pour auoir Christ

727 1401 1367 104 poͬ aduocat/ que de soy mettre aduocat pour

742 1469 1355 107 Christ/ ⁊ estre trouue entre les orgueilleux dã

734 1557 1366 105 nables. * Mes freres nous auõs poͬ aduocat

742 1630 1370 109 enuers le pere cestuy Iesuchrist le iuste: il est la

748 1719 1373 115 propitiatiõ de noz pechez: celuy qͥ a tenu cela

751 1805 1373 110 na pas faict ð heresie: celuy qui a tenu cela/ na

739 1879 1379 119 faict nul scisme. Car dont sont faictz les scis¬

719 1959 1390 125 mes ou diuisiõs? Quãt les hõmes dient. Noꝰ

702 2050 1406 111 sõmes iustes. Quãt les hões diẽt. Nous sain

716 2143 1387 92 ctifions les souillez/ nous iustifiõs les infide¬

739 2223 1364 110 les/ nous demandõs ⁊ si impetrõs. Mais q̃lle

732 2296 1378 114 chose a dit Iehã. Et si aucũ a peche/ noꝰ auõs

734 2387 1382 107 ung aduocat enuers le pere/ a scauoir Iesu¬

742 2467 1373 107 christ le iuste. Mais aucun dira. * Les sainctz

742 2556 1373 104 dõc ne demandẽt ilz point poͬ noꝰ? Les euesq̃s

739 2636 1370 107 dõc ⁊ les p̃latz ne priẽt ilz point poͬ le peuple?

745 2719 1358 110 Or entendez aux escriptures et regardez: que

734 2800 1356 111 aussi les p̃latz se recõmandẽt au peuple. Car

727 2891 1364 131 lapostre dit au peuple. * En priãt aussi ensem

418 807 247 134 2.Io.2.a

410 1211 279 122 Lhumi¬

410 1309 273 110 lite de Ie

427 1392 268 101 han apo

439 1475 149 113 stre.

439 1636 291 106 Noꝰ na¬

439 1719 282 98 uõs nul

436 1802 285 107 autre ad

430 1882 265 110 uocat q̃

421 1959 241 125 Christ.

418 2143 280 101 ꝓuer.17c

430 2223 283 107 Iac.4.a

439 2464 285 113 Le cõmẽ

433 2550 291 101 cemẽt de

424 2633 297 104 toutes di

418 2722 259 110 uisiõs.

427 2862 286 142 Col.4.a

1813 2977 285 104 ble pour
