2267 3563
154 264 1396 145 ble pour nous Lapostre prie pour le peuple: ⁊

158 384 1386 110 le peuple prie pour lapostre. Mes freres nous

166 469 1384 103 prions your uous: mais aussi priez poͬ nous.

172 543 1373 116 Ore tous les mẽbres prient lung poͬ lautre/

170 631 1376 101 ⁊ le chief sera le mediateur pour tous. Pour¬

160 712 1388 105 lãt ne st pas de merueille/ qͥl dit ce qͥ sensuit/ la

158 797 1390 107 ou il serme les bouches de ceulx qͥ diuisent le¬

164 876 1390 121 glise de dieu. Car il dit. Noꝰ auons Iesuchrist

162 963 1392 111 le iuste poͬ aduocat: ⁊ cestuy est la ꝓpitiatiõ de

158 1045 1390 112 noz pechez: poͬ ceulx qui se debuoiẽt diuiser ⁊

154 1134 1388 101 debuoiẽt dire. Uoicy Christ est icy: le uoicy: ⁊

160 1211 1380 115 poͬ ceulx qͥ uouloiẽt mõstrer en partie celuy o

154 1300 1283 115 a tout achete ⁊ qui possede toutes choses.

360 1411 1002 113 ¶ Augustin sur lepistre de sainct

465 1496 770 113 Iehan au second traicte.

164 1595 1394 142 1.Ioã.2. B. M Mes petis enfõs/

166 1714 1396 140 ie uous escriptz que les pechez uous

166 1836 1140 137 sont pardoynez par /on nom.

164 1953 1388 123 ¶ Mais par le nom duquel sont les pechez

160 2042 1386 115 pardonnez?? Est ce par le nom de Augustin?

157 2122 1393 116 Donc nest ce pas aussi par le nom de Dona¬

154 2206 1396 121 tus? Ueois tu q̃ cest de Au gustin/ ou q̃ cest de

160 2286 1408 124 Donatꝰ? Ce nest pas aussi ꝑ le nom de Paul/

154 2369 1408 122 ne ꝑ le nom de Pierre. Et charite la mere/ en¬

166 2458 1382 113 fantãt les petis enfãs/ ouure ses entrailles en

158 2541 1412 115 lapostre a ceulx qͥ entre eulx diuisoiẽt leglise/

164 2626 1406 115 ⁊ qͥ destroiẽt de faire plusieͬs ꝑties de lunite: ⁊

160 2698 1390 134 par parolles rõpt aucunemẽt ses ꝑelles: ⁊ pleu

154 2782 1396 124 re ceulx qͥl uoit estre emportez hors? ⁊ rappel¬

154 2865 1396 139 le a ung nom ceulx qͥ se uouloient faire plu¬

344 130 1129 175 confession Chap̃.xiii.

1571 252 285 220 2.tess.1.d

1648 139 182 122 24

1568 495 223 158 Ro.8.g

1562 1083 280 119 mat.24b

1574 2026 269 99 Les pe¬

1571 2099 253 107 chez sõt

1571 2185 265 116 ꝑdonnez

1583 2271 256 107 par le nõ

1580 2357 259 104 de christ.

962 2960 594 119 Ee sieurs noms:

1571 2696 265 103 actrrũ.4.

1571 2779 268 107 La chari

1568 2856 244 101 te nous

1583 2954 250 95 rappelle
