2267 3563
354 142 1047 158 fraternelle. Cha.xiiii.

148 273 1390 136 peche. Mais sil est du nõbre duquel il est dict.

142 362 1382 124 Reprime le fol/ ⁊ dautãt plus te haira/ la dis¬

152 449 1380 128 sention nest pas faicte de la charite diceluy/

154 534 1386 121 mais toutesfoys il dõne exercice a la charite

154 619 1378 115 de celuy qͥ le reprime/ ⁊ lesprouue: car sa haine

146 698 1386 119 nest pas a reprẽdre/ mais la dilectiõ qͥ ꝯstraint

140 783 1390 109 de le reprendre demeure sãs estre ꝑturbee: aussi

144 866 1378 121 quãt celuy qͥ est reprins le hait. Mais si celuy

152 954 1378 110 qͥ corrige ueult rendre le mal poͬ le mal/ a ce¬

148 1035 1382 120 luy qͥ se courrouce au corrigeãt: celuy qͥ corri¬

148 1122 1374 117 ge nest pas urayemẽt digne de corriger autruy

136 1190 1400 128 mais plꝰ tost est digne destre corrige. * Faictes

136 1276 1391 125 tellemẽt ou qͥ entre uous ny ait nulles ĩdigna

139 1368 1403 113 tiõs ou que celles qui sont cõmencees soiẽt in¬

142 1440 1385 133 continent annichilees par une paix tres hasti

154 1523 1382 127 ue. Prenez plus grand peine a uous accorder

142 1603 1417 122 ensemble que de reprendre lung lautre. Car

154 1695 1405 122 cõme le uinaigre corrompt sil est trop longue¬

156 1785 1386 111 ment en quelque lieu: ainsi lyre corrompt le

154 1862 1210 121 cueur/ selle dure iusques au second iour.

328 1943 1190 119 ¶ Augu. ad Faustum en lepistre .clxui.

152 2026 1384 119 ¶ Quãt maintenãt la trespure uerite uient a

148 2116 1392 114 toucher les aureilles ⁊ les cueurs des hõmes:

148 2203 1391 115 ung si grand gouffre de mauuaise coustume a

148 2286 1398 121 tellemẽt plõge aucuns/ qͥlz ayment beaucoup

142 2361 1398 125 myeulx de resister a toutes auctoritez ⁊ a tou¬

148 2443 1385 131 tesraisõs/ q̃ de y ꝯsentir. * Et y resistẽt en deux

148 2520 1408 125 manieres: ascauoir en eulx esmouuãt cõtre/ ⁊

145 2612 1411 122 par negligẽce les delaissãt. Que fera icy donc

142 2693 1405 124 la medicine de leglise/ sollicitãt le salut dung

136 2773 1400 133 chascun par charite maternelle/ en soy enflã¬

136 2862 1394 145 mant/ comme entre les phreneticques et les

1540 166 198 95 242

1547 356 295 125 ꝓuer.15b

1550 1160 235 122 La rep̃¬

1550 1255 241 110 hension

1556 1345 241 106 soit fai¬

1547 1419 292 110 cte par di

1559 1508 244 98 lection.

1583 1582 256 128 Eph.4.e

1571 1674 128 125 f.g.

1559 2170 262 196 Hebre.3.c

1574 2425 238 128 On resi

1580 2529 208 101 ste a la

1574 2600 229 113 parolle/

1562 2704 229 89 en deux

1553 2776 223 101 manie¬

1556 2877 119 83 res.

1559 2939 220 140 Ro.2.b

778 2939 758 131 Ee .ii. lethargicques?
