<?xml version="1.0" encoding="UTF-8"?>
<alto xmlns:xsi="http://www.w3.org/2001/XMLSchema-instance"
      xmlns="http://www.loc.gov/standards/alto/ns-v4#"
      xsi:schemaLocation="http://www.loc.gov/standards/alto/ns-v4# http://www.loc.gov/standards/alto/v4/alto-4-2.xsd">
  <Description>
    <MeasurementUnit>pixel</MeasurementUnit>
    <sourceImageInformation>
      <fileName>68_cb62b_default.jpg</fileName>
      <fileIdentifier>https://www.e-rara.ch/i3f/v20/4106226/full/full/0/default.jpg</fileIdentifier>
    </sourceImageInformation>
  </Description>
  <Tags>
    <OtherTag ID="BT8" LABEL="DamageZone" DESCRIPTION="block type DamageZone"/><OtherTag ID="BT10" LABEL="DropCapitalZone" DESCRIPTION="block type DropCapitalZone"/><OtherTag ID="BT11" LABEL="GraphicZone" DESCRIPTION="block type GraphicZone"/><OtherTag ID="BT12" LABEL="MainZone" DESCRIPTION="block type MainZone"/><OtherTag ID="BT13" LABEL="MarginTextZone" DESCRIPTION="block type MarginTextZone"/><OtherTag ID="BT15" LABEL="NumberingZone" DESCRIPTION="block type NumberingZone"/><OtherTag ID="BT17" LABEL="QuireMarksZone" DESCRIPTION="block type QuireMarksZone"/><OtherTag ID="BT18" LABEL="RunningTitleZone" DESCRIPTION="block type RunningTitleZone"/><OtherTag ID="BT20" LABEL="StampZone" DESCRIPTION="block type StampZone"/><OtherTag ID="BT21" LABEL="TableZone" DESCRIPTION="block type TableZone"/><OtherTag ID="BT22" LABEL="TitlePageZone" DESCRIPTION="block type TitlePageZone"/>
    <OtherTag ID="LT8" LABEL="DefaultLine" DESCRIPTION="line type DefaultLine"/><OtherTag ID="LT9" LABEL="DropCapitalLine" DESCRIPTION="line type DropCapitalLine"/><OtherTag ID="LT10" LABEL="HeadingLine" DESCRIPTION="line type HeadingLine"/><OtherTag ID="LT11" LABEL="InterlinearLine" DESCRIPTION="line type InterlinearLine"/><OtherTag ID="LT311" LABEL="default" DESCRIPTION="line type default"/>
  </Tags>
  <Layout>
    <Page WIDTH="2267"
          HEIGHT="3563"
          PHYSICAL_IMG_NR="68"
          ID="eSc_dummypage_">
      <PrintSpace HPOS="0"
                  VPOS="0"
                  WIDTH="2267"
                  HEIGHT="3563">
        <TextBlock HPOS="360"
                   VPOS="175"
                   WIDTH="1086"
                   HEIGHT="151"
                   ID="eSc_textblock_6321caa7"
                   TAGREFS="BT18">
          <Shape><Polygon POINTS="361 175 360 326 1446 326 1446 178"/></Shape>
          <TextLine ID="eSc_line_016a2329"
                    TAGREFS="LT10"
                    BASELINE="388 279 1425 291" 
                    HPOS="383"
                    VPOS="148"
                    WIDTH="1040"
                    HEIGHT="178">
            <Shape><Polygon POINTS="383 311 487 314 525 296 656 317 781 299 831 320 983 305 1004 323 1013 326 1111 326 1111 323 1161 305 1176 320 1289 308 1345 326 1354 326 1420 305 1423 290 1423 184 1387 160 1319 160 1319 163 1298 181 1268 160 1256 160 1191 181 1114 157 1105 157 1054 172 953 154 900 192 805 192 742 160 733 160 683 187 597 187 457 148 386 151 386 276"/></Shape>
	    <String CONTENT="fraternelle. Cha.xiiii."
                    HPOS="383"
                    VPOS="148"
                    WIDTH="1040"
                    HEIGHT="178"></String>
          </TextLine>
        </TextBlock>
        <TextBlock HPOS="90"
                   VPOS="324"
                   WIDTH="1488"
                   HEIGHT="2705"
                   ID="eSc_textblock_46af489a"
                   TAGREFS="BT12">
          <Shape><Polygon POINTS="102 324 90 3029 705 3025 707 3025 919 2997 1125 3003 1525 3005 1527 2892 1538 2787 1549 2676 1541 2541 1523 2481 1518 2430 1532 2302 1529 2004 1576 1834 1577 1636 1546 1489 1540 964 1558 405 1578 398 1578 328"/></Shape>
          <TextLine ID="eSc_line_3f6e0321"
                    TAGREFS="LT8"
                    BASELINE="156 387 1542 393" 
                    HPOS="154"
                    VPOS="314"
                    WIDTH="1388"
                    HEIGHT="115">
            <Shape><Polygon POINTS="233 316 223 316 211 328 170 328 156 342 156 387 154 413 241 425 243 425 245 425 285 415 298 411 310 415 340 425 342 425 344 425 417 415 447 411 455 415 475 425 477 425 479 427 568 427 568 425 570 425 590 415 599 411 607 415 625 423 627 423 768 427 770 427 914 417 964 413 972 417 993 427 995 427 997 427 999 427 1019 417 1025 413 1037 417 1079 429 1081 429 1083 429 1084 429 1112 417 1116 415 1118 417 1132 429 1134 429 1136 429 1138 429 1187 417 1199 415 1225 417 1338 429 1340 429 1540 417 1542 393 1540 334 1494 334 1494 332 1475 318 1473 318 1471 318 1469 318 1403 332 1401 334 1356 334 1356 332 1338 318 1336 318 1334 318 1332 318 1207 332 1201 332 1195 332 1120 318 1118 318 1116 318 1081 332 1079 332 1073 332 997 318 995 318 993 318 954 330 932 316 930 316 928 316 926 316 645 330 637 330 635 330 615 316 613 316 611 316 609 316 607 316 574 326 506 314 504 314 380 328 366 316 364 316 362 316 360 316 358 316 328 326 249 316 233 316"/></Shape>
	    <String CONTENT="ptures du seigñr ⁊ par les escriptures Aposto¬"
                    HPOS="154"
                    VPOS="314"
                    WIDTH="1388"
                    HEIGHT="115"></String>
          </TextLine>
          <TextLine ID="eSc_line_f99402fa"
                    TAGREFS="LT8"
                    BASELINE="150 471 1541 479" 
                    HPOS="145"
                    VPOS="397"
                    WIDTH="1394"
                    HEIGHT="107">
            <Shape><Polygon POINTS="148 469 145 504 1536 504 1539 478 1539 415 148 397 148 469"/></Shape>
	    <String CONTENT="licques * q̃ nul hõme ne estime de me persuader"
                    HPOS="145"
                    VPOS="397"
                    WIDTH="1394"
                    HEIGHT="107"></String>
          </TextLine>
          <TextLine ID="eSc_line_234d39e4"
                    TAGREFS="LT8"
                    BASELINE="154 552 1541 558" 
                    HPOS="148"
                    VPOS="492"
                    WIDTH="1391"
                    HEIGHT="92">
            <Shape><Polygon POINTS="151 549 148 584 1536 584 1539 555 1536 498 151 492 151 549"/></Shape>
	    <String CONTENT="de me faire taire de telles choses. Et silz esti¬"
                    HPOS="148"
                    VPOS="492"
                    WIDTH="1391"
                    HEIGHT="92"></String>
          </TextLine>
          <TextLine ID="eSc_line_2f37edbe"
                    TAGREFS="LT8"
                    BASELINE="158 637 1541 644" 
                    HPOS="154"
                    VPOS="576"
                    WIDTH="1385"
                    HEIGHT="106">
            <Shape><Polygon POINTS="157 635 154 659 270 676 273 676 662 668 837 665 855 671 876 679 879 679 882 682 1536 682 1539 641 1536 581 157 576 157 635"/></Shape>
	    <String CONTENT="ment de hardimẽt faire quelque chose par uio"
                    HPOS="154"
                    VPOS="576"
                    WIDTH="1385"
                    HEIGHT="106"></String>
          </TextLine>
          <TextLine ID="eSc_line_141a673c"
                    TAGREFS="LT8"
                    BASELINE="160 718 1534 725" 
                    HPOS="154"
                    VPOS="656"
                    WIDTH="1379"
                    HEIGHT="107">
            <Shape><Polygon POINTS="157 715 154 742 184 757 187 757 190 757 1066 748 1093 763 1096 763 1099 763 1102 763 1530 748 1533 724 1530 665 157 656 157 715"/></Shape>
	    <String CONTENT="lence ou furtiuement: le seigneur ne sera pas"
                    HPOS="154"
                    VPOS="656"
                    WIDTH="1379"
                    HEIGHT="107"
                    WC="0.9922499630186293"></String>
          </TextLine>
          <TextLine ID="eSc_line_2d6e217d"
                    TAGREFS="LT8"
                    BASELINE="154 799 1534 807" 
                    HPOS="148"
                    VPOS="733"
                    WIDTH="1385"
                    HEIGHT="116">
            <Shape><Polygon POINTS="151 798 148 828 193 846 196 846 199 846 757 834 840 849 843 849 1530 834 1533 804 1527 733 151 739 151 798"/></Shape>
	    <String CONTENT="absent pour deffendre son eglise: lequel par sõ"
                    HPOS="148"
                    VPOS="733"
                    WIDTH="1385"
                    HEIGHT="116"
                    WC="0.9972682520747185"></String>
          </TextLine>
          <TextLine ID="eSc_line_d3d2abdb"
                    TAGREFS="LT8"
                    BASELINE="142 884 1530 889" 
                    HPOS="136"
                    VPOS="825"
                    WIDTH="1391"
                    HEIGHT="110">
            <Shape><Polygon POINTS="139 881 136 911 267 929 270 929 620 920 763 917 808 923 876 932 879 935 1524 935 1527 887 1524 831 139 825 139 881"/></Shape>
	    <String CONTENT="ioug espars en tout le monde/ a rendu subiectz"
                    HPOS="136"
                    VPOS="825"
                    WIDTH="1391"
                    HEIGHT="110"
                    WC="0.9964167644148287"></String>
          </TextLine>
          <TextLine ID="eSc_line_69992b03"
                    TAGREFS="LT8"
                    BASELINE="146 967 1413 977" 
                    HPOS="144"
                    VPOS="904"
                    WIDTH="1269"
                    HEIGHT="111">
            <Shape><Polygon POINTS="146 967 144 995 186 1005 188 1005 190 1005 209 995 219 991 275 991 310 995 374 1005 376 1005 378 1005 380 1005 392 995 399 991 413 995 447 1007 449 1007 451 1009 522 1009 522 1007 524 1007 548 995 552 995 881 995 887 997 932 1011 934 1011 936 1013 1055 1013 1055 1011 1057 1011 1084 999 1118 1011 1120 1011 1122 1011 1124 1011 1126 1011 1140 999 1160 1013 1162 1013 1164 1013 1166 1015 1391 1015 1391 1013 1393 1013 1395 1013 1411 997 1413 977 1413 924 1379 912 1378 912 1376 912 1235 922 1223 922 1217 922 1150 910 1148 910 1025 920 1017 920 803 920 803 918 793 910 793 908 791 908 789 908 788 908 649 916 635 906 633 906 631 906 629 906 580 916 578 916 576 916 477 906 475 906 409 916 399 916 397 916 380 904 378 904 376 904 374 904 146 912 146 967"/></Shape>
	    <String CONTENT="tous les royaulmes terriens en son geron."
                    HPOS="144"
                    VPOS="904"
                    WIDTH="1269"
                    HEIGHT="111"
                    WC="0.989961820404704"></String>
          </TextLine>
          <TextLine ID="eSc_line_df10d4ff"
                    TAGREFS="LT10"
                    BASELINE="394 1074 1290 1078" 
                    HPOS="392"
                    VPOS="1001"
                    WIDTH="898"
                    HEIGHT="109">
            <Shape><Polygon POINTS="392 1102 487 1094 562 1102 591 1106 593 1106 595 1106 607 1102 637 1094 667 1102 685 1106 687 1106 689 1106 690 1106 700 1102 714 1094 724 1102 730 1106 732 1106 734 1106 736 1106 782 1100 831 1094 867 1100 896 1104 898 1104 900 1104 922 1098 932 1096 936 1098 944 1106 944 1108 946 1108 948 1108 950 1110 1092 1110 1092 1108 1094 1108 1126 1096 1128 1096 1130 1096 1168 1108 1170 1108 1172 1108 1174 1108 1205 1096 1253 1108 1255 1108 1257 1108 1259 1108 1288 1094 1290 1078 1286 1015 1158 1019 1146 1013 1136 1005 1134 1005 1132 1005 1130 1005 1128 1005 1112 1011 1092 1019 1073 1011 1051 1003 1049 1003 1047 1003 1045 1003 1031 1011 1015 1019 972 1009 964 1009 962 1009 960 1009 958 1009 934 1019 926 1009 922 1007 922 1005 920 1005 918 1005 916 1005 888 1009 857 1013 845 1009 829 1001 827 1001 825 1001 823 1001 809 1007 788 1017 734 1007 732 1007 730 1007 728 1007 708 1017 689 1005 679 1001 677 1001 675 1001 673 1001 657 1005 617 1017 599 1005 595 1001 593 1001 591 1001 590 1001 588 1001 578 1005 544 1017 524 1003 520 1001 518 1001 516 1001 514 1001 394 1001 394 1074"/></Shape>
	    <String CONTENT="¶ Augustin ad Bonifacium/"
                    HPOS="392"
                    VPOS="1001"
                    WIDTH="898"
                    HEIGHT="109"
                    WC="0.9898423790931702"></String>
          </TextLine>
          <TextLine ID="eSc_line_0141a945"
                    TAGREFS="LT10"
                    BASELINE="481 1155 1189 1157" 
                    HPOS="479"
                    VPOS="1090"
                    WIDTH="710"
                    HEIGHT="103">
            <Shape><Polygon POINTS="540 1189 542 1189 544 1189 546 1189 568 1179 580 1191 582 1191 584 1191 586 1191 683 1175 722 1191 724 1191 726 1193 843 1193 843 1191 845 1191 847 1191 865 1175 906 1175 1043 1191 1045 1191 1047 1191 1073 1179 1144 1185 1146 1185 1148 1185 1187 1173 1189 1157 1187 1106 1094 1104 1081 1090 1079 1090 1077 1090 970 1090 968 1090 966 1090 964 1090 964 1092 954 1100 952 1104 944 1100 920 1090 918 1090 916 1090 914 1090 885 1100 871 1104 861 1100 849 1094 847 1094 845 1094 801 1098 742 1104 726 1096 710 1090 708 1090 706 1090 704 1090 687 1096 663 1104 621 1094 595 1090 593 1090 566 1094 500 1104 485 1092 481 1155 479 1171"/></Shape>
	    <String CONTENT="en la .clxxxii. epistre."
                    HPOS="479"
                    VPOS="1090"
                    WIDTH="710"
                    HEIGHT="103"></String>
          </TextLine>
          <TextLine ID="eSc_line_76b40737"
                    TAGREFS="LT8"
                    BASELINE="150 1241 993 1241 1528 1250" 
                    HPOS="145"
                    VPOS="1155"
                    WIDTH="1382"
                    HEIGHT="118">
            <Shape><Polygon POINTS="148 1238 145 1258 1521 1273 1527 1247 1518 1163 1503 1178 1473 1163 1467 1160 1464 1160 1461 1160 1446 1163 1360 1178 1337 1160 1334 1160 1331 1160 1247 1160 1244 1160 1241 1160 1238 1160 1209 1178 1132 1163 1129 1163 1033 1178 938 1160 935 1160 932 1160 900 1178 481 1178 392 1157 389 1157 386 1157 344 1175 285 1155 282 1155 148 1155 148 1238"/></Shape>
	    <String CONTENT="¶ Bien faire/ ⁊ non empescher ou deffẽdre les"
                    HPOS="145"
                    VPOS="1155"
                    WIDTH="1382"
                    HEIGHT="118"
                    WC="0.9889000304367231"></String>
          </TextLine>
          <TextLine ID="eSc_line_23bbabb3"
                    TAGREFS="LT8"
                    BASELINE="136 1318 1488 1326" 
                    HPOS="134"
                    VPOS="1251"
                    WIDTH="1354"
                    HEIGHT="108">
            <Shape><Polygon POINTS="136 1318 134 1340 231 1353 233 1355 308 1355 308 1353 310 1353 312 1353 326 1342 328 1342 388 1351 390 1351 392 1351 419 1342 421 1342 425 1342 477 1351 479 1351 572 1344 584 1353 586 1353 588 1353 590 1353 687 1344 700 1355 702 1355 704 1355 706 1355 799 1344 803 1344 807 1344 859 1357 861 1357 863 1359 1033 1359 1033 1357 1035 1357 1059 1346 1090 1357 1092 1357 1094 1357 1096 1357 1122 1346 1164 1359 1166 1359 1168 1359 1486 1346 1488 1326 1488 1272 1453 1256 1451 1256 1449 1256 1381 1270 1288 1258 1286 1258 1284 1258 1282 1258 1269 1272 1166 1272 1130 1256 1128 1256 1126 1256 1059 1268 1031 1254 1029 1254 1027 1254 958 1270 833 1270 813 1252 811 1252 809 1252 807 1252 605 1266 572 1252 570 1252 473 1251 471 1251 306 1264 291 1252 291 1251 289 1251 287 1251 188 1251 186 1251 184 1251 136 1264 136 1318"/></Shape>
	    <String CONTENT="choses nõ licites: cest uray cõsentemẽt derreͬ."
                    HPOS="134"
                    VPOS="1251"
                    WIDTH="1354"
                    HEIGHT="108"
                    WC="0.9966385900974274"></String>
          </TextLine>
          <TextLine ID="eSc_line_bd7dbbcd"
                    TAGREFS="LT8"
                    BASELINE="136 1448 1532 1460" 
                    HPOS="136"
                    VPOS="1355"
                    WIDTH="1396"
                    HEIGHT="141">
            <Shape><Polygon POINTS="136 1448 136 1486 320 1476 332 1486 334 1488 336 1488 338 1488 429 1490 431 1490 433 1490 445 1484 477 1468 512 1468 576 1484 615 1492 617 1492 619 1492 651 1482 679 1474 702 1482 708 1484 710 1484 712 1484 734 1482 815 1470 888 1480 980 1494 982 1494 1043 1480 1067 1474 1164 1474 1197 1478 1275 1488 1277 1488 1342 1476 1348 1476 1354 1476 1435 1496 1437 1496 1530 1474 1532 1460 1532 1369 1433 1365 1431 1365 1429 1365 1421 1369 1381 1389 1290 1389 1253 1369 1249 1367 1247 1367 1245 1367 1168 1369 1096 1371 1090 1369 1069 1361 1067 1361 1015 1361 1013 1361 1011 1361 995 1369 985 1375 968 1369 938 1361 936 1361 934 1361 932 1361 910 1369 875 1385 801 1371 764 1363 762 1363 704 1365 702 1365 700 1365 694 1371 675 1383 494 1383 477 1371 457 1357 455 1357 453 1357 451 1357 376 1371 336 1379 324 1371 322 1369 320 1369 318 1369 316 1369 241 1371 203 1355 201 1355 199 1355 197 1355 136 1371 136 1448"/></Shape>
	    <String CONTENT="Matth.23.D. ¶ Et dictes. Si"
                    HPOS="136"
                    VPOS="1355"
                    WIDTH="1396"
                    HEIGHT="141"></String>
          </TextLine>
          <TextLine ID="eSc_line_23a3a933"
                    TAGREFS="LT8"
                    BASELINE="134 1565 1534 1577" 
                    HPOS="132"
                    VPOS="1480"
                    WIDTH="1402"
                    HEIGHT="129">
            <Shape><Polygon POINTS="134 1565 132 1579 243 1597 245 1597 336 1585 362 1581 374 1585 415 1599 417 1599 419 1601 518 1601 518 1599 520 1599 560 1589 574 1585 580 1589 590 1595 591 1595 593 1595 776 1601 778 1601 780 1601 797 1593 817 1585 861 1595 892 1601 894 1601 918 1595 956 1587 1063 1587 1083 1599 1084 1601 1086 1601 1088 1601 1090 1601 1092 1601 1096 1599 1122 1589 1168 1601 1178 1603 1180 1603 1182 1603 1201 1601 1298 1589 1360 1591 1376 1605 1378 1607 1379 1607 1381 1607 1383 1609 1532 1609 1534 1577 1532 1510 1480 1498 1478 1498 1399 1508 1393 1508 1391 1508 1360 1496 1358 1496 1356 1496 1354 1496 1324 1508 1322 1508 1320 1508 1271 1486 1269 1486 1267 1486 1144 1506 1138 1506 1130 1506 989 1490 987 1490 853 1504 841 1504 839 1504 817 1484 817 1482 815 1482 813 1482 811 1482 685 1492 669 1482 667 1482 665 1482 663 1482 661 1482 609 1500 560 1480 558 1480 461 1480 459 1480 457 1480 419 1496 344 1482 342 1482 340 1482 338 1482 316 1496 285 1488 283 1488 281 1488 201 1498 197 1498 196 1498 182 1486 180 1486 178 1486 176 1486 174 1486 134 1496 134 1565"/></Shape>
	    <String CONTENT="nous eussions este es iours de noz"
                    HPOS="132"
                    VPOS="1480"
                    WIDTH="1402"
                    HEIGHT="129"
                    WC="0.999699196394752"></String>
          </TextLine>
          <TextLine ID="eSc_line_54cf3847"
                    TAGREFS="LT8"
                    BASELINE="136 1682 1562 1682" 
                    HPOS="136"
                    VPOS="1599"
                    WIDTH="1426"
                    HEIGHT="119">
            <Shape><Polygon POINTS="136 1718 213 1718 213 1716 215 1716 217 1716 235 1702 500 1702 512 1712 514 1716 516 1716 518 1716 520 1716 522 1716 538 1712 580 1702 647 1712 673 1714 675 1714 677 1714 679 1714 683 1710 692 1702 702 1710 708 1716 710 1716 712 1716 714 1718 803 1718 803 1716 805 1716 807 1716 815 1710 827 1702 922 1702 934 1708 946 1716 948 1716 950 1716 952 1716 1007 1708 1039 1702 1059 1706 1094 1716 1096 1716 1098 1716 1100 1716 1124 1706 1134 1702 1156 1706 1221 1716 1223 1716 1354 1704 1372 1702 1385 1702 1504 1716 1506 1716 1508 1716 1562 1700 1562 1682 1562 1619 1399 1619 1395 1615 1370 1599 1368 1599 1366 1599 1364 1599 1292 1615 1281 1617 1277 1615 1259 1599 1257 1599 1255 1599 1253 1599 1251 1599 1199 1613 1182 1619 1092 1619 1079 1611 1049 1599 1047 1599 1045 1599 1043 1599 1041 1599 1025 1611 1015 1617 924 1617 906 1609 887 1599 885 1599 736 1599 734 1599 732 1599 718 1607 696 1619 653 1619 491 1603 433 1599 431 1599 429 1599 421 1603 392 1619 295 1619 251 1599 247 1599 245 1599 243 1599 235 1599 176 1611 138 1599 136 1682 136 1718"/></Shape>
	    <String CONTENT="peres: nous neussiõs point este leurs"
                    HPOS="136"
                    VPOS="1599"
                    WIDTH="1426"
                    HEIGHT="119"></String>
          </TextLine>
          <TextLine ID="eSc_line_8c2c1c0c"
                    TAGREFS="LT8"
                    BASELINE="144 1791 1542 1801" 
                    HPOS="142"
                    VPOS="1710"
                    WIDTH="1400"
                    HEIGHT="128">
            <Shape><Polygon POINTS="144 1791 142 1809 211 1830 213 1830 215 1832 302 1832 302 1830 304 1830 306 1830 306 1829 322 1817 425 1829 427 1829 429 1829 455 1815 506 1832 508 1832 510 1834 540 1834 540 1832 542 1832 544 1832 566 1815 690 1815 692 1815 714 1834 716 1834 718 1834 720 1836 928 1836 928 1834 930 1834 974 1819 980 1817 1098 1817 1100 1819 1122 1836 1124 1836 1126 1836 1128 1836 1130 1836 1191 1821 1199 1819 1209 1821 1300 1838 1302 1838 1379 1823 1391 1832 1393 1832 1395 1832 1397 1832 1399 1832 1437 1823 1447 1821 1538 1823 1542 1801 1540 1733 1482 1724 1480 1724 1478 1724 1455 1732 1449 1733 1447 1732 1433 1720 1431 1720 1429 1720 1427 1720 1425 1720 1395 1732 1389 1733 1385 1732 1370 1718 1368 1718 1366 1718 1364 1718 1296 1730 1282 1732 1271 1730 1225 1718 1223 1718 1221 1718 1219 1718 1195 1728 1187 1733 1106 1733 1096 1728 1086 1720 1084 1720 1083 1720 1081 1720 1047 1726 1021 1732 1009 1726 984 1714 982 1714 980 1714 978 1714 936 1726 916 1732 877 1732 867 1724 853 1714 851 1714 849 1714 772 1714 770 1714 768 1714 750 1722 734 1730 512 1730 496 1720 494 1718 492 1718 491 1718 489 1718 477 1720 425 1728 392 1718 364 1710 362 1710 330 1710 328 1710 326 1710 324 1710 316 1718 304 1728 251 1728 239 1716 233 1712 233 1710 231 1710 229 1710 227 1710 144 1714 144 1791"/></Shape>
	    <String CONTENT="cõpaignons au sang des prophetes."
                    HPOS="142"
                    VPOS="1710"
                    WIDTH="1400"
                    HEIGHT="128"></String>
          </TextLine>
          <TextLine ID="eSc_line_716cac1b"
                    TAGREFS="LT10"
                    BASELINE="322 1894 1362 1890" 
                    HPOS="320"
                    VPOS="1819"
                    WIDTH="1042"
                    HEIGHT="103">
            <Shape><Polygon POINTS="322 1914 574 1922 576 1922 578 1922 593 1914 597 1912 605 1914 649 1922 651 1922 653 1922 655 1922 655 1920 663 1912 665 1912 803 1912 805 1912 835 1922 837 1922 839 1922 1067 1910 1090 1910 1092 1910 1102 1920 1104 1920 1106 1920 1108 1920 1110 1920 1112 1920 1124 1910 1126 1910 1140 1910 1316 1920 1318 1920 1320 1920 1362 1908 1362 1890 1358 1834 982 1834 980 1832 954 1819 952 1819 950 1819 851 1832 837 1834 827 1832 768 1821 766 1821 716 1830 687 1819 685 1819 683 1819 681 1819 641 1829 605 1819 603 1819 601 1819 599 1819 562 1832 526 1819 524 1819 340 1819 338 1819 336 1819 334 1819 320 1827 322 1894"/></Shape>
	    <String CONTENT="¶ Chrysostome en son oeuure im¬"
                    HPOS="320"
                    VPOS="1819"
                    WIDTH="1042"
                    HEIGHT="103"></String>
          </TextLine>
          <TextLine ID="eSc_line_9a900108"
                    TAGREFS="LT10"
                    BASELINE="394 1973 1213 1973" 
                    HPOS="394"
                    VPOS="1904"
                    WIDTH="819"
                    HEIGHT="105">
            <Shape><Polygon POINTS="394 1995 413 2005 415 2005 417 2005 504 1995 520 2007 522 2007 524 2007 526 2009 578 2009 578 2007 580 2007 582 2007 595 1995 645 2007 647 2007 649 2007 651 2007 653 2007 673 1995 740 1995 754 2007 756 2007 758 2007 760 2009 898 2009 898 2007 900 2007 902 2007 920 1995 1071 2007 1073 2007 1075 2007 1077 2007 1096 1995 1160 2007 1162 2007 1164 2007 1213 1993 1213 1973 1213 1916 1015 1904 1013 1904 1011 1904 984 1916 980 1918 978 1916 960 1904 958 1904 956 1904 954 1904 833 1916 817 1918 805 1918 724 1904 722 1904 720 1904 718 1904 718 1906 706 1918 704 1920 671 1920 667 1918 623 1904 621 1904 619 1904 566 1914 514 1904 512 1904 510 1904 508 1904 489 1916 451 1906 449 1906 447 1906 394 1918 394 1973"/></Shape>
	    <String CONTENT="parfaicte/ au .xxiii. Chap̃."
                    HPOS="394"
                    VPOS="1904"
                    WIDTH="819"
                    HEIGHT="105"
                    WC="0.998396675501551"></String>
          </TextLine>
          <TextLine ID="eSc_line_ba3913ae"
                    TAGREFS="LT8"
                    BASELINE="142 2060 1506 2060" 
                    HPOS="142"
                    VPOS="1985"
                    WIDTH="1364"
                    HEIGHT="105">
            <Shape><Polygon POINTS="142 2060 142 2074 196 2088 197 2088 249 2076 251 2076 255 2076 289 2086 291 2086 293 2086 295 2086 324 2076 328 2076 330 2076 346 2088 348 2088 350 2088 352 2088 407 2078 419 2076 427 2078 455 2088 457 2088 459 2088 461 2088 498 2078 510 2076 536 2078 593 2086 595 2086 625 2080 643 2076 653 2080 669 2088 671 2088 673 2090 944 2090 944 2088 946 2088 948 2088 954 2084 962 2076 980 2084 991 2088 993 2088 995 2088 997 2088 1013 2084 1043 2076 1172 2086 1189 2086 1191 2086 1193 2086 1195 2086 1213 2078 1225 2086 1227 2088 1229 2088 1231 2088 1233 2088 1235 2088 1237 2088 1239 2086 1255 2076 1395 2076 1413 2088 1415 2088 1417 2088 1419 2090 1506 2090 1506 2060 1506 2001 1389 1991 1387 1991 1385 1991 1370 1999 1366 2001 1362 1999 1334 1985 1332 1985 1281 1985 1279 1985 1277 1985 1275 1985 1259 1999 1253 2001 1193 1997 1083 1991 1081 1991 1079 1991 1065 1997 1055 2001 1043 1997 1021 1987 1019 1987 1017 1987 1015 1987 1013 1987 1001 1997 993 2003 875 2003 865 1995 861 1991 859 1991 857 1991 855 1991 853 1991 839 1995 827 1999 815 1995 791 1985 789 1985 788 1985 786 1985 766 1995 756 1999 708 1995 639 1987 566 1987 564 1987 562 1987 546 1993 526 2001 512 1993 502 1985 500 1985 498 1985 496 1985 494 1985 465 1993 431 2001 411 1993 397 1985 395 1985 293 1985 291 1985 289 1985 287 1985 281 1991 275 1997 263 1991 249 1985 247 1985 245 1985 142 1989 142 2060"/></Shape>
	    <String CONTENT="¶ Les Iuifz ont tousiours este uenerateͬs des"
                    HPOS="142"
                    VPOS="1985"
                    WIDTH="1364"
                    HEIGHT="105"
                    WC="0.9877449168099297"></String>
          </TextLine>
          <TextLine ID="eSc_line_83b34534"
                    TAGREFS="LT8"
                    BASELINE="136 2137 1510 2147" 
                    HPOS="134"
                    VPOS="2066"
                    WIDTH="1376"
                    HEIGHT="113">
            <Shape><Polygon POINTS="136 2137 134 2159 207 2169 209 2169 211 2169 213 2169 223 2161 227 2157 322 2157 352 2161 411 2169 413 2169 415 2169 433 2161 437 2159 439 2161 451 2171 453 2171 455 2171 457 2171 550 2161 558 2161 566 2161 687 2173 689 2173 766 2161 774 2161 782 2161 845 2173 847 2173 904 2161 910 2161 918 2161 966 2171 968 2171 1104 2163 1108 2163 1134 2175 1136 2175 1138 2175 1140 2175 1174 2165 1237 2177 1239 2177 1241 2177 1267 2165 1284 2177 1286 2177 1288 2177 1290 2179 1372 2179 1372 2177 1374 2177 1397 2165 1478 2175 1480 2175 1482 2175 1508 2163 1510 2147 1508 2076 1273 2076 1271 2076 1269 2076 1243 2088 1211 2076 1209 2076 1207 2076 1205 2076 1185 2086 1086 2074 1084 2074 1083 2074 1057 2088 978 2088 890 2072 888 2072 887 2072 861 2086 687 2086 580 2074 578 2074 532 2082 518 2070 516 2070 514 2070 512 2070 382 2080 348 2068 346 2068 344 2068 269 2080 253 2068 251 2068 249 2068 247 2068 201 2076 136 2066 136 2137"/></Shape>
	    <String CONTENT="sainctz passez/ ⁊ ont contẽne ceulx qui estoiẽt"
                    HPOS="134"
                    VPOS="2066"
                    WIDTH="1376"
                    HEIGHT="113"
                    WC="0.9890182881939168"></String>
          </TextLine>
          <TextLine ID="eSc_line_f06ce076"
                    TAGREFS="LT8"
                    BASELINE="134 2218 1516 2228" 
                    HPOS="134"
                    VPOS="2153"
                    WIDTH="1382"
                    HEIGHT="99">
            <Shape><Polygon POINTS="134 2218 134 2244 330 2236 433 2246 457 2248 459 2248 485 2246 584 2238 659 2248 687 2250 689 2250 708 2248 756 2240 774 2248 780 2250 782 2250 784 2250 801 2248 853 2240 894 2248 906 2250 908 2252 1514 2252 1516 2228 1516 2173 1288 2161 1286 2161 1162 2169 1156 2169 1128 2159 1126 2159 1124 2159 989 2169 966 2169 960 2167 928 2157 926 2157 924 2157 653 2165 649 2165 635 2155 633 2155 631 2155 629 2155 487 2165 469 2165 459 2165 390 2153 388 2153 134 2161 134 2218"/></Shape>
	    <String CONTENT="presens. Car a ceulx qui ueullent mal uiure/"
                    HPOS="134"
                    VPOS="2153"
                    WIDTH="1382"
                    HEIGHT="99"
                    WC="0.965260578150099"></String>
          </TextLine>
          <TextLine ID="eSc_line_32ecaccf"
                    TAGREFS="LT8"
                    BASELINE="134 2302 1516 2310" 
                    HPOS="134"
                    VPOS="2234"
                    WIDTH="1382"
                    HEIGHT="105">
            <Shape><Polygon POINTS="134 2302 134 2331 477 2323 603 2333 631 2335 633 2335 655 2333 740 2325 805 2333 831 2337 833 2337 835 2337 843 2335 861 2327 946 2327 958 2335 960 2337 962 2337 964 2337 966 2337 985 2335 1035 2327 1134 2335 1191 2339 1193 2339 1215 2335 1245 2329 1261 2335 1271 2339 1273 2339 1275 2339 1314 2335 1379 2329 1512 2335 1516 2310 1514 2256 1344 2256 1340 2252 1328 2242 1328 2240 1326 2240 1324 2240 1322 2240 1249 2250 1225 2254 1211 2250 1172 2238 1170 2238 1168 2238 1122 2248 1104 2252 1077 2248 1011 2238 1009 2238 972 2246 946 2252 928 2246 908 2238 906 2238 904 2238 863 2244 829 2250 768 2244 736 2240 734 2240 690 2242 554 2250 534 2240 530 2236 528 2236 526 2236 467 2234 465 2234 463 2234 455 2238 435 2248 399 2238 388 2234 386 2234 384 2234 382 2234 376 2236 352 2248 334 2236 332 2234 330 2234 328 2234 134 2234 134 2302"/></Shape>
	    <String CONTENT="tousiours la correption leur semble estre con¬"
                    HPOS="134"
                    VPOS="2234"
                    WIDTH="1382"
                    HEIGHT="105"
                    WC="0.9943861857704495"></String>
          </TextLine>
          <TextLine ID="eSc_line_ec7e5680"
                    TAGREFS="LT8"
                    BASELINE="134 2383 1506 2395" 
                    HPOS="132"
                    VPOS="2315"
                    WIDTH="1374"
                    HEIGHT="107">
            <Shape><Polygon POINTS="134 2383 132 2403 237 2412 239 2412 293 2405 306 2403 318 2405 362 2414 364 2414 661 2407 671 2407 673 2407 687 2416 689 2416 690 2416 692 2416 799 2407 809 2407 813 2407 851 2418 853 2418 855 2418 948 2408 1057 2420 1059 2420 1219 2410 1279 2422 1281 2422 1282 2422 1306 2412 1486 2422 1488 2422 1490 2422 1492 2422 1504 2410 1506 2395 1502 2331 1348 2337 1318 2329 1292 2323 1290 2323 1288 2323 1286 2323 1284 2323 1277 2329 1265 2337 1178 2337 1116 2329 1025 2319 1023 2319 1021 2319 989 2329 974 2333 968 2329 954 2319 952 2319 950 2319 948 2319 885 2329 851 2333 841 2329 821 2317 819 2317 817 2317 815 2317 780 2327 774 2329 766 2327 714 2317 712 2317 645 2327 631 2329 615 2327 528 2315 526 2315 423 2327 397 2329 364 2327 233 2315 231 2315 229 2315 227 2315 213 2327 211 2327 134 2327 134 2383"/></Shape>
	    <String CONTENT="traire: par ce q̃ dit Salomõ. * Ne reprẽs point"
                    HPOS="132"
                    VPOS="2315"
                    WIDTH="1374"
                    HEIGHT="107"></String>
          </TextLine>
          <TextLine ID="eSc_line_a337368a"
                    TAGREFS="LT8"
                    BASELINE="132 2466 1053 2470 1510 2482" 
                    HPOS="130"
                    VPOS="2395"
                    WIDTH="1380"
                    HEIGHT="110">
            <Shape><Polygon POINTS="132 2466 130 2488 215 2496 217 2496 257 2490 302 2484 350 2492 388 2498 390 2498 421 2492 461 2486 506 2494 534 2498 536 2498 538 2498 550 2494 578 2486 593 2496 603 2500 605 2500 607 2500 609 2500 625 2496 649 2488 669 2496 679 2500 681 2500 683 2500 770 2498 972 2490 1029 2500 1051 2503 1053 2505 1110 2505 1110 2503 1112 2503 1114 2503 1116 2502 1130 2492 1150 2502 1154 2503 1156 2503 1158 2503 1160 2503 1164 2502 1180 2494 1227 2503 1235 2503 1237 2503 1239 2503 1241 2503 1277 2492 1506 2505 1510 2482 1510 2418 1009 2401 1007 2401 952 2408 904 2414 873 2407 849 2401 847 2401 845 2401 772 2405 653 2412 631 2403 623 2399 621 2399 619 2399 588 2403 514 2410 483 2401 479 2399 477 2399 475 2399 473 2399 469 2399 427 2410 360 2410 340 2397 336 2395 334 2395 332 2395 330 2395 328 2395 326 2395 326 2397 324 2397 310 2410 199 2410 132 2395 132 2466"/></Shape>
	    <String CONTENT="le mocqueur affin quil ne haisse. Mais cõme"
                    HPOS="130"
                    VPOS="2395"
                    WIDTH="1380"
                    HEIGHT="110"
                    WC="0.986724781719121"></String>
          </TextLine>
          <TextLine ID="eSc_line_1a5e17be"
                    TAGREFS="LT8"
                    BASELINE="140 2551 1522 2559" 
                    HPOS="138"
                    VPOS="2482"
                    WIDTH="1384"
                    HEIGHT="107">
            <Shape><Polygon POINTS="140 2551 138 2571 154 2583 156 2583 158 2583 160 2583 225 2571 241 2583 243 2583 245 2583 247 2583 306 2571 354 2583 356 2583 358 2583 360 2583 394 2571 502 2571 528 2585 530 2585 532 2585 641 2573 681 2585 683 2585 685 2587 793 2587 793 2585 795 2585 819 2573 821 2573 829 2573 944 2587 946 2587 1025 2575 1029 2575 1035 2575 1094 2587 1096 2587 1209 2577 1215 2577 1217 2577 1229 2589 1231 2589 1233 2589 1235 2589 1296 2577 1306 2577 1379 2577 1383 2579 1399 2589 1401 2589 1403 2589 1405 2589 1520 2579 1522 2559 1522 2505 1241 2490 1239 2490 1237 2490 1209 2500 1195 2503 1178 2500 1140 2488 1138 2488 1136 2488 1092 2498 1069 2503 952 2503 928 2494 908 2488 906 2488 904 2488 799 2492 639 2500 586 2488 570 2486 568 2486 566 2486 558 2488 530 2500 498 2488 489 2484 487 2484 485 2484 447 2486 312 2498 249 2484 247 2484 245 2484 215 2498 140 2482 140 2551"/></Shape>
	    <String CONTENT="la famille nest pas gouuernee sans la uerge:"
                    HPOS="138"
                    VPOS="2482"
                    WIDTH="1384"
                    HEIGHT="107"></String>
          </TextLine>
          <TextLine ID="eSc_line_e4c9d5ec"
                    TAGREFS="LT8"
                    BASELINE="132 2632 1530 2640" 
                    HPOS="132"
                    VPOS="2569"
                    WIDTH="1398"
                    HEIGHT="109">
            <Shape><Polygon POINTS="132 2632 132 2666 201 2654 229 2666 239 2670 241 2670 243 2670 245 2670 261 2666 310 2654 417 2664 419 2664 479 2654 512 2664 536 2672 538 2672 540 2672 611 2664 651 2660 657 2664 667 2672 669 2672 671 2672 673 2672 827 2664 883 2674 885 2674 887 2674 888 2674 902 2662 908 2658 1065 2658 1073 2662 1098 2674 1100 2674 1102 2674 1172 2662 1180 2660 1185 2660 1235 2676 1237 2676 1239 2678 1344 2678 1344 2676 1387 2674 1389 2674 1391 2674 1391 2672 1407 2660 1528 2660 1530 2640 1528 2579 1423 2587 1393 2579 1383 2575 1381 2575 1379 2575 1378 2575 1370 2579 1350 2587 1314 2579 1300 2575 1298 2575 1296 2575 1294 2575 1292 2575 1288 2579 1275 2589 1217 2589 1088 2579 999 2573 997 2573 995 2573 982 2579 968 2585 956 2579 944 2573 942 2573 940 2573 898 2579 857 2585 710 2579 512 2571 510 2571 508 2571 491 2579 483 2583 421 2579 257 2569 255 2569 253 2569 231 2579 229 2581 132 2581 132 2632"/></Shape>
	    <String CONTENT="ainsi ne ueult estre gouuerne ung peuple sans"
                    HPOS="132"
                    VPOS="2569"
                    WIDTH="1398"
                    HEIGHT="109"
                    WC="0.9978644596205817"></String>
          </TextLine>
          <TextLine ID="eSc_line_09d36b1f"
                    TAGREFS="LT8"
                    BASELINE="128 2713 1534 2725" 
                    HPOS="128"
                    VPOS="2650"
                    WIDTH="1406"
                    HEIGHT="107">
            <Shape><Polygon POINTS="128 2713 128 2743 536 2737 552 2745 554 2747 556 2747 558 2747 706 2751 708 2751 710 2751 726 2745 742 2739 795 2745 865 2753 867 2753 914 2745 942 2741 987 2745 1086 2755 1088 2755 1090 2755 1120 2745 1130 2743 1144 2745 1191 2755 1193 2755 1263 2745 1286 2743 1290 2745 1306 2757 1308 2757 1310 2757 1312 2757 1532 2745 1534 2725 1534 2672 1348 2660 1346 2660 1344 2660 1342 2660 1326 2670 1322 2672 1314 2670 1288 2660 1286 2660 1284 2660 1168 2668 1138 2670 1124 2668 1067 2656 1065 2656 1063 2656 1035 2668 1031 2670 944 2670 938 2666 918 2656 916 2656 831 2654 829 2654 639 2664 601 2666 562 2664 364 2650 362 2650 360 2650 316 2662 314 2662 312 2662 231 2650 229 2650 227 2650 225 2650 209 2662 207 2662 128 2662 128 2713"/></Shape>
	    <String CONTENT="correptiõ ou increpatiõ. Uoicy si aucun de tez"
                    HPOS="128"
                    VPOS="2650"
                    WIDTH="1406"
                    HEIGHT="107"
                    WC="0.9846494011580944"></String>
          </TextLine>
          <TextLine ID="eSc_line_baa40acc"
                    TAGREFS="LT8"
                    BASELINE="130 2798 1528 2806" 
                    HPOS="124"
                    VPOS="2722"
                    WIDTH="1411"
                    HEIGHT="119">
            <Shape><Polygon POINTS="124 2832 1521 2841 1527 2805 1535 2745 127 2722 127 2796"/></Shape>
	    <String CONTENT="docteͬs te ueult reprẽdre poͬ ton peche/ ou te di"
                    HPOS="124"
                    VPOS="2722"
                    WIDTH="1411"
                    HEIGHT="119"
                    WC="0.986495316028595"></String>
          </TextLine>
          <TextLine ID="eSc_line_653113fc"
                    TAGREFS="LT8"
                    BASELINE="126 2882 1518 2886" 
                    HPOS="124"
                    VPOS="2824"
                    WIDTH="1394"
                    HEIGHT="93">
            <Shape><Polygon POINTS="126 2882 124 2897 150 2911 152 2911 154 2911 213 2901 277 2913 279 2913 637 2905 788 2901 803 2907 827 2915 829 2915 831 2915 944 2909 1007 2905 1015 2909 1027 2915 1029 2915 1031 2917 1162 2917 1162 2915 1164 2915 1166 2915 1170 2911 1180 2903 1193 2911 1201 2915 1203 2915 1205 2915 1207 2915 1217 2911 1247 2903 1514 2915 1518 2886 1514 2824 126 2824 126 2882"/></Shape>
	    <String CONTENT="re ce qͥ est ueritable: incõtinẽt tu te courrouce ⁊"
                    HPOS="124"
                    VPOS="2824"
                    WIDTH="1394"
                    HEIGHT="93"
                    WC="0.9829435899572553"></String>
          </TextLine>
          <TextLine ID="eSc_line_a6f3d758"
                    TAGREFS="LT8"
                    BASELINE="126 2967 1512 2973" 
                    HPOS="124"
                    VPOS="2897"
                    WIDTH="1388"
                    HEIGHT="117">
            <Shape><Polygon POINTS="126 2967 124 3006 409 3010 411 3010 431 3006 459 3000 489 3006 512 3010 514 3010 536 3006 593 2992 619 3006 631 3012 633 3012 635 3012 690 3006 766 2996 803 3006 809 3006 811 3006 813 3006 815 3006 819 3004 847 2992 1162 2992 1187 3004 1197 3008 1199 3008 1201 3008 1203 3008 1205 3008 1211 3004 1217 2998 1225 3004 1237 3014 1239 3014 1241 3014 1243 3014 1292 3010 1294 3010 1296 3010 1302 3004 1316 2994 1356 2994 1374 3004 1389 3014 1391 3014 1393 3014 1395 3014 1510 3002 1512 2973 1510 2907 1411 2901 1409 2901 1407 2901 1405 2901 1399 2907 1391 2915 1330 2915 1322 2907 1316 2901 1314 2901 1312 2901 1310 2901 1275 2907 1243 2911 1209 2907 1168 2901 1166 2901 1136 2907 1102 2913 1071 2907 1031 2899 1029 2899 960 2907 920 2911 902 2907 871 2899 869 2899 867 2899 865 2899 845 2907 833 2913 696 2913 687 2907 667 2899 665 2899 663 2899 625 2907 605 2911 580 2907 512 2897 510 2897 508 2897 506 2897 494 2907 491 2911 366 2911 362 2907 338 2897 336 2897 334 2897 332 2897 330 2897 318 2907 316 2909 310 2907 275 2899 273 2899 271 2899 269 2899 245 2907 239 2909 235 2907 199 2897 197 2897 196 2897 126 2907 126 2967"/></Shape>
	    <String CONTENT="blaspheme. Ainsi pareillemẽt les Iuifz ne uou"
                    HPOS="124"
                    VPOS="2897"
                    WIDTH="1388"
                    HEIGHT="117"></String>
          </TextLine>
        </TextBlock>
        <TextBlock HPOS="1529"
                   VPOS="208"
                   WIDTH="260"
                   HEIGHT="115"
                   ID="eSc_textblock_fd2a4395"
                   TAGREFS="BT15">
          <Shape><Polygon POINTS="1529 208 1529 323 1789 323 1789 208"/></Shape>
          <TextLine ID="eSc_line_558aafdd"
                    TAGREFS="LT8"
                    BASELINE="1544 281 1781 285" 
                    HPOS="1539"
                    VPOS="190"
                    WIDTH="240"
                    HEIGHT="139">
            <Shape><Polygon POINTS="1542 279 1539 296 1619 326 1622 326 1625 329 1714 329 1714 326 1717 326 1776 299 1779 282 1776 190 1542 195 1542 279"/></Shape>
	    <String CONTENT="243"
                    HPOS="1539"
                    VPOS="190"
                    WIDTH="240"
                    HEIGHT="139"
                    WC="0.9688368042310079"></String>
          </TextLine>
        </TextBlock>
        <TextBlock HPOS="1541"
                   VPOS="405"
                   WIDTH="342"
                   HEIGHT="521"
                   ID="eSc_textblock_98d7c08d"
                   TAGREFS="BT13">
          <Shape><Polygon POINTS="1556 405 1550 661 1543 798 1541 923 1876 926 1883 413"/></Shape>
          <TextLine ID="eSc_line_27a63e2f"
                    TAGREFS="LT8"
                    BASELINE="1569 479 1867 481" 
                    HPOS="1568"
                    VPOS="380"
                    WIDTH="297"
                    HEIGHT="136">
            <Shape><Polygon POINTS="1568 478 1568 516 1865 504 1865 478 1862 380 1568 397 1568 478"/></Shape>
	    <String CONTENT="La silen"
                    HPOS="1568"
                    VPOS="380"
                    WIDTH="297"
                    HEIGHT="136"
                    WC="0.9984380081295967"></String>
          </TextLine>
          <TextLine ID="eSc_line_d64d8763"
                    TAGREFS="LT8"
                    BASELINE="1569 559 1861 560" 
                    HPOS="1568"
                    VPOS="489"
                    WIDTH="291"
                    HEIGHT="98">
            <Shape><Polygon POINTS="1568 558 1568 584 1856 587 1859 558 1859 504 1806 489 1803 489 1800 489 1797 489 1767 501 1761 504 1755 501 1723 489 1720 489 1717 489 1714 489 1711 489 1711 492 1702 498 1696 504 1568 495 1568 558"/></Shape>
	    <String CONTENT="ce des p̃¬"
                    HPOS="1568"
                    VPOS="489"
                    WIDTH="291"
                    HEIGHT="98"></String>
          </TextLine>
          <TextLine ID="eSc_line_03e2b27d"
                    TAGREFS="LT8"
                    BASELINE="1571 644 1801 645" 
                    HPOS="1565"
                    VPOS="564"
                    WIDTH="235"
                    HEIGHT="107">
            <Shape><Polygon POINTS="1565 662 1794 671 1800 644 1794 576 1604 578 1571 564 1568 641 1565 662"/></Shape>
	    <String CONTENT="latz est"
                    HPOS="1565"
                    VPOS="564"
                    WIDTH="235"
                    HEIGHT="107"
                    WC="0.9995419979095459"></String>
          </TextLine>
          <TextLine ID="eSc_line_865bfbfd"
                    TAGREFS="LT8"
                    BASELINE="1553 725 1827 726" 
                    HPOS="1550"
                    VPOS="662"
                    WIDTH="274"
                    HEIGHT="104">
            <Shape><Polygon POINTS="1550 724 1550 748 1821 766 1824 724 1824 668 1550 662 1550 724"/></Shape>
	    <String CONTENT="tres dan"
                    HPOS="1550"
                    VPOS="662"
                    WIDTH="274"
                    HEIGHT="104"
                    WC="0.9988514333963394"></String>
          </TextLine>
          <TextLine ID="eSc_line_6df5c77b"
                    TAGREFS="LT8"
                    BASELINE="1553 807 1811 809" 
                    HPOS="1547"
                    VPOS="745"
                    WIDTH="262"
                    HEIGHT="104">
            <Shape><Polygon POINTS="1550 804 1547 849 1806 831 1809 807 1806 748 1550 745 1550 804"/></Shape>
	    <String CONTENT="gereuse."
                    HPOS="1547"
                    VPOS="745"
                    WIDTH="262"
                    HEIGHT="104"
                    WC="0.9945552125573158"></String>
          </TextLine>
          <TextLine ID="eSc_line_69027d6a"
                    TAGREFS="LT8"
                    BASELINE="1551 889 1817 890" 
                    HPOS="1550"
                    VPOS="822"
                    WIDTH="265"
                    HEIGHT="119">
            <Shape><Polygon POINTS="1550 887 1553 941 1586 926 1637 935 1669 941 1672 941 1815 923 1815 887 1815 834 1622 822 1619 822 1550 837 1550 887"/></Shape>
	    <String CONTENT="1.cor.15.d"
                    HPOS="1550"
                    VPOS="822"
                    WIDTH="265"
                    HEIGHT="119"
                    WC="0.9728105306625366"></String>
          </TextLine>
        </TextBlock>
        <TextBlock HPOS="1547"
                   VPOS="1186"
                   WIDTH="276"
                   HEIGHT="99"
                   ID="eSc_textblock_17c47209"
                   TAGREFS="BT13">
          <Shape><Polygon POINTS="1547 1186 1547 1285 1823 1285 1823 1186"/></Shape>
          <TextLine ID="eSc_line_8237f82a"
                    TAGREFS="LT8"
                    BASELINE="1559 1250 1809 1254" 
                    HPOS="1556"
                    VPOS="1172"
                    WIDTH="250"
                    HEIGHT="134">
            <Shape><Polygon POINTS="1556 1247 1556 1306 1607 1291 1800 1306 1806 1252 1803 1172 1556 1181 1556 1247"/></Shape>
	    <String CONTENT="Hie.48.b"
                    HPOS="1556"
                    VPOS="1172"
                    WIDTH="250"
                    HEIGHT="134"
                    WC="0.9701145067811012"></String>
          </TextLine>
        </TextBlock>
        <TextBlock HPOS="1518"
                   VPOS="2013"
                   WIDTH="325"
                   HEIGHT="861"
                   ID="eSc_textblock_630727e6"
                   TAGREFS="BT13">
          <Shape><Polygon POINTS="1528 2013 1528 2234 1528 2335 1518 2402 1520 2482 1547 2550 1546 2675 1528 2874 1780 2874 1843 2421 1843 2028 1773 2015"/></Shape>
          <TextLine ID="eSc_line_e1ae2bb5"
                    TAGREFS="LT8"
                    BASELINE="1540 2078 1807 2082" 
                    HPOS="1538"
                    VPOS="2009"
                    WIDTH="269"
                    HEIGHT="109">
            <Shape><Polygon POINTS="1758 2019 1738 2015 1718 2013 1712 2011 1669 2019 1649 2022 1631 2019 1599 2009 1597 2009 1595 2009 1540 2013 1540 2078 1538 2106 1669 2100 1676 2104 1688 2116 1690 2116 1692 2116 1694 2118 1742 2118 1742 2116 1805 2100 1807 2082 1807 2026 1772 2019 1758 2019"/></Shape>
	    <String CONTENT="Noꝰ hõ¬"
                    HPOS="1538"
                    VPOS="2009"
                    WIDTH="269"
                    HEIGHT="109"
                    WC="0.9664617031812668"></String>
          </TextLine>
          <TextLine ID="eSc_line_c5a8ff55"
                    TAGREFS="LT8"
                    BASELINE="1538 2157 1777 2165" 
                    HPOS="1536"
                    VPOS="2112"
                    WIDTH="241"
                    HEIGHT="83">
            <Shape><Polygon POINTS="1538 2157 1536 2185 1645 2183 1661 2185 1728 2195 1730 2195 1732 2195 1775 2181 1777 2165 1777 2119 1538 2112 1538 2157"/></Shape>
	    <String CONTENT="norons"
                    HPOS="1536"
                    VPOS="2112"
                    WIDTH="241"
                    HEIGHT="83"
                    WC="0.9999937017758688"></String>
          </TextLine>
          <TextLine ID="eSc_line_aac10176"
                    TAGREFS="LT8"
                    BASELINE="1544 2242 1807 2248" 
                    HPOS="1542"
                    VPOS="2175"
                    WIDTH="265"
                    HEIGHT="101">
            <Shape><Polygon POINTS="1544 2242 1542 2262 1572 2274 1574 2274 1576 2276 1805 2276 1807 2248 1807 2191 1544 2175 1544 2242"/></Shape>
	    <String CONTENT="les saĩctz"
                    HPOS="1542"
                    VPOS="2175"
                    WIDTH="265"
                    HEIGHT="101"
                    WC="0.9911065426739779"></String>
          </TextLine>
          <TextLine ID="eSc_line_9c948475"
                    TAGREFS="LT8"
                    BASELINE="1538 2321 1597 2333 1821 2333" 
                    HPOS="1536"
                    VPOS="2260"
                    WIDTH="285"
                    HEIGHT="107">
            <Shape><Polygon POINTS="1538 2321 1536 2363 1651 2365 1653 2365 1655 2365 1657 2365 1663 2359 1673 2353 1692 2359 1724 2367 1726 2367 1728 2367 1819 2353 1821 2333 1821 2268 1799 2262 1797 2262 1795 2262 1793 2262 1777 2270 1754 2284 1688 2284 1680 2272 1669 2262 1669 2260 1667 2260 1665 2260 1572 2260 1570 2260 1568 2260 1538 2274 1538 2321"/></Shape>
	    <String CONTENT="passez et"
                    HPOS="1536"
                    VPOS="2260"
                    WIDTH="285"
                    HEIGHT="107"
                    WC="0.9999953375922309"></String>
          </TextLine>
          <TextLine ID="eSc_line_e5dbcffc"
                    TAGREFS="LT8"
                    BASELINE="1530 2405 1829 2412" 
                    HPOS="1528"
                    VPOS="2345"
                    WIDTH="301"
                    HEIGHT="105">
            <Shape><Polygon POINTS="1530 2405 1528 2434 1542 2444 1544 2444 1546 2444 1548 2444 1550 2444 1572 2434 1576 2432 1577 2434 1603 2446 1605 2446 1607 2446 1682 2440 1752 2436 1825 2450 1829 2412 1827 2351 1680 2361 1619 2361 1613 2355 1605 2347 1605 2345 1603 2345 1601 2345 1599 2345 1530 2355 1530 2405"/></Shape>
	    <String CONTENT="nõ point"
                    HPOS="1528"
                    VPOS="2345"
                    WIDTH="301"
                    HEIGHT="105"
                    WC="0.9859642452663846"></String>
          </TextLine>
          <TextLine ID="eSc_line_e0c783c8"
                    TAGREFS="LT8"
                    BASELINE="1532 2486 1791 2492" 
                    HPOS="1530"
                    VPOS="2426"
                    WIDTH="261"
                    HEIGHT="99">
            <Shape><Polygon POINTS="1530 2519 1601 2507 1627 2517 1633 2519 1635 2519 1637 2519 1639 2519 1641 2519 1643 2517 1649 2513 1653 2517 1661 2523 1661 2525 1663 2525 1665 2525 1667 2525 1789 2509 1791 2492 1791 2448 1704 2430 1702 2430 1653 2436 1593 2442 1534 2426 1532 2486 1530 2519"/></Shape>
	    <String CONTENT="les pre¬"
                    HPOS="1530"
                    VPOS="2426"
                    WIDTH="261"
                    HEIGHT="99"
                    WC="0.9961566105484962"></String>
          </TextLine>
          <TextLine ID="eSc_line_9f6af3ab"
                    TAGREFS="LT8"
                    BASELINE="1558 2567 1718 2571" 
                    HPOS="1556"
                    VPOS="2517"
                    WIDTH="162"
                    HEIGHT="89">
            <Shape><Polygon POINTS="1558 2567 1556 2597 1714 2606 1718 2571 1718 2525 1558 2517 1558 2567"/></Shape>
	    <String CONTENT="sens."
                    HPOS="1556"
                    VPOS="2517"
                    WIDTH="162"
                    HEIGHT="89"
                    WC="0.9459988951683045"></String>
          </TextLine>
          <TextLine ID="eSc_line_473adb53"
                    TAGREFS="LT8"
                    BASELINE="1560 2658 1787 2664" 
                    HPOS="1558"
                    VPOS="2591"
                    WIDTH="229"
                    HEIGHT="105">
            <Shape><Polygon POINTS="1560 2658 1558 2690 1783 2696 1787 2664 1785 2600 1728 2608 1700 2597 1690 2593 1688 2593 1686 2593 1684 2593 1675 2597 1643 2606 1621 2595 1617 2591 1615 2591 1613 2591 1611 2591 1560 2591 1560 2658"/></Shape>
	    <String CONTENT="Prouer."
                    HPOS="1558"
                    VPOS="2591"
                    WIDTH="229"
                    HEIGHT="105"
                    WC="0.9998939292771476"></String>
          </TextLine>
          <TextLine ID="eSc_line_797748f9"
                    TAGREFS="LT8"
                    BASELINE="1548 2731 1659 2741" 
                    HPOS="1544"
                    VPOS="2686"
                    WIDTH="117"
                    HEIGHT="83">
            <Shape><Polygon POINTS="1548 2731 1544 2765 1653 2769 1659 2741 1661 2697 1641 2686 1639 2686 1637 2686 1635 2686 1550 2696 1548 2731"/></Shape>
	    <String CONTENT="9.b."
                    HPOS="1544"
                    VPOS="2686"
                    WIDTH="117"
                    HEIGHT="83"
                    WC="0.9995391815900803"></String>
          </TextLine>
          <TextLine ID="eSc_line_931afb87"
                    TAGREFS="LT8"
                    BASELINE="1542 2826 1774 2832" 
                    HPOS="1540"
                    VPOS="2761"
                    WIDTH="234"
                    HEIGHT="111">
            <Shape><Polygon POINTS="1540 2866 1595 2856 1607 2864 1615 2872 1617 2872 1619 2872 1621 2872 1623 2872 1649 2862 1663 2856 1772 2854 1774 2832 1774 2781 1746 2769 1744 2769 1742 2769 1740 2769 1712 2777 1698 2781 1684 2775 1661 2763 1659 2763 1605 2761 1603 2761 1601 2761 1599 2761 1591 2767 1579 2775 1544 2763 1542 2826 1540 2866"/></Shape>
	    <String CONTENT="gał.4.a"
                    HPOS="1540"
                    VPOS="2761"
                    WIDTH="234"
                    HEIGHT="111"
                    WC="0.9288726534162249"></String>
          </TextLine>
        </TextBlock>
        <TextBlock HPOS="939"
                   VPOS="2993"
                   WIDTH="585"
                   HEIGHT="102"
                   ID="eSc_textblock_cf0d64a2"
                   TAGREFS="BT17">
          <Shape><Polygon POINTS="939 2993 941 3092 1524 3095 1524 3001"/></Shape>
          <TextLine ID="eSc_line_4fd8b5ce"
                    TAGREFS="LT8"
                    BASELINE="954 3056 1512 3056" 
                    HPOS="954"
                    VPOS="2983"
                    WIDTH="558"
                    HEIGHT="104">
            <Shape><Polygon POINTS="954 3056 954 3087 1041 3087 1041 3085 1043 3085 1045 3085 1071 3070 1096 3070 1116 3085 1118 3085 1120 3085 1122 3085 1124 3085 1185 3070 1510 3085 1512 3056 1508 2990 1443 3014 1383 3004 1372 2992 1362 2985 1362 2983 1360 2983 1358 2983 1356 2983 1354 2983 1352 2983 1340 2992 1312 3016 1217 3016 1189 2996 1172 2983 1170 2983 1168 2983 1134 2983 1132 2983 1130 2983 1128 2983 1110 2996 1106 3000 1096 2998 1053 2983 1051 2983 993 2983 991 2983 989 2983 954 2998 954 3056"/></Shape>
	    <String CONTENT="Ee .iii. loient"
                    HPOS="954"
                    VPOS="2983"
                    WIDTH="558"
                    HEIGHT="104"
                    WC="0.9933289647102356"></String>
          </TextLine>
        </TextBlock>
      </PrintSpace>
    </Page>
  </Layout>
</alto>
