2267 3563
744 342 1386 121 loiẽt nullemẽt souffrir leurs ꝓphetes: mais ilz

746 435 1382 117 hõnoroiẽt cõme sainctz ceulx qͥ estoiẽt mortz.

738 514 1394 123 Quãt tu orras q̃lcun beatifiãt les anciẽs doc

724 597 1402 123 teurs: esprouue le/ q̃l il est enuers ceulx qͥ luy

726 682 1410 121 sõt psens. Car sil soustiẽt ⁊ hõnore ceulx auec

720 768 1408 112 lesquelz il uit: sans doubte aussi eut il hõno¬

732 853 1180 114 re les autres/ sil eust uescu auec eulx.

841 940 1184 109 ¶ Origene sur le Ieuiticque/ en la .iii.

1011 1023 751 101 Homelie au .iii. chapitre.

745 1086 1385 128 ¶ De ce quil est escript. Si lame a yeche: et

712 1183 1406 119 q̃lle ait ouy la uoix du iurement: ⁊ que cestuy

716 1266 1414 117 soit tesmoing/ ou quil ait ouy/ ort quil la con

740 1353 1396 109 gnoisse: sid ne le denonce point icelle ame aussi

760 1422 1379 124 prendra le peche de iceluy,. Ce aussi selon lhy¬

760 1508 1376 122 stoire nous edifie ⁊ enseigne/ que iamais nous

763 1603 1361 116 ne souillons noz cõsciẽces es pechez dautruy/

760 1674 1373 122 que nous ne donnõs cõsentement a ceulx qui

760 1759 1398 119 font mal.7 Et dis cõsentement/ non pas seul¬

752 1844 1394 115 lement en non faisant choses sẽblables: mais

746 1927 1398 117 aussi en soy taisant des choses qͥ sont faictes

732 2013 1412 112 illicitemẽt. Mais ueulx fu scauoir q̃ ce cõsent

736 2098 1398 113 aussi aux cõmandemẽseuãgelicq̃s? Le seigñr

766 2182 1361 104 mesme dit ? Se tu uoys pecher ton frere: re¬

758 2256 1380 119 prens le entre toy ⁊ luy seul. Sil te escoute/ tu

754 2341 1386 117 as gaigne ton frere. Que sil ne teseoute/ prẽs

756 2426 1394 107 deux autres auec toy/ ou troys. Que si pareil

764 2507 1386 113 lemẽt il ne les escoute point: dis le a leglise.

764 2593 1380 114 Mais si pareillement il nescoute pas leglise:

764 2676 1376 109 quil te soit comme ung gentil et publicain.

762 2755 1374 119 Mais le cõmãdemẽt euãgelicq̃ est en ce plus

772 2832 1364 131 parfaict: qͥl ordonne la mamiere ⁊ la discipline

760 2921 1385 134 de declarer le peche.T Car il ne uen// uas q̃ sr

1029 207 681 141 De la correption

445 1107 282 122 Leui.5.a

457 1434 285 124 ezech.3.c

466 1540 187 101 ⁊.33.b

463 1630 288 95 1.corĩ.9.c

469 1704 223 116 Ro.1.d

466 2197 282 110 mat.18.c

460 2853 285 113 La ma¬

469 2939 247 98 niere de

483 3030 265 111 reprẽdre.

1714 3022 428 99 parauentur e
