2267 3563
505 151 953 166 de dieu. Chap̃.xii.

199 314 1392 117 stre cogitation: mais les choses qui nous sont

199 409 1386 101 necessaires ⁊ tresfermes munitiõs a nostre sa¬

209 492 1384 93 lut/ nous ne les estimons a riẽs. Ce ne parmet

213 576 1372 104 point q̃ les gentilz recõgnoissent leur erreur/ ⁊

209 667 1365 89 que on leur mõstre leur uanite. Car cõe iceulx

203 742 1376 99 soient fondez sur mẽsonge: toutesfoys fõt tou

192 821 1387 107 tes choses/ affin quilz puissent deffendre la ui

199 908 1378 101 lennie de leͬs enseignemẽs: mais nous qͥ som¬

199 993 1378 95 mes les uenerateurs de uerite/ noꝰ ne pouuõs

196 1070 1380 105 point aussi en riẽs cõtendre/ pour deffendre no

193 1160 1381 98 stre uerite. * Quelle chose empesche quilz ne

190 1235 1384 107 puissent condẽner nostre grande imbecillite/ ⁊

190 1318 1393 113 quilz ne ayent suspicion sur nous de quelque

193 1407 1390 107 fraude ⁊ follie: quilz ne dient mal de Christ cõ

193 1493 1378 92 me dung mẽteur ⁊ dung abuseur par sa trom¬

193 1561 1402 113 perie/ de la follie de la multitude? Nous som¬

199 1656 891 99 mes cause de ce blaspheme.

213 1739 1391 107 ¶ Ce nous cõmande sainct Pierre. Et dit que

207 1825 1380 100 nous soions tousiours preparez poͬ satisfaire

201 1904 1390 103 a tous ceulx qͥ nous demandẽt la raison de la

209 1985 1382 97 foy ⁊ de lesperãce qͥ est en nous. Et derechief.

213 2078 1379 89 * Que la parolle de Christ habite en uoꝰ abõ¬

199 2153 1402 109 dãment. Mais q̃ respondent a ce/ ceulx qͥ sont

209 2242 1404 97 plus q̃ les barbouillez? Beneite soit toute ame

210 2312 1406 119 simple * ⁊ celuy qui chemine simplemẽt/ il che

203 2405 1398 95 mine en confidence. Mais ce est la cause de

209 2490 1386 99 tous maulx que plusieurs ne scaiuẽt amener

223 2575 1388 101 ⁊ alleguer les tesmoignages des escriptures

210 2648 1412 104 en lieux oportuns. * Car il ne fault pas en¬

205 2734 1405 113 tẽdre en ce lieu icy/ le simple pour le fol/ ⁊ poͬ

207 2817 1394 98 celuy qui nentend riens: mais pour celuy qui

207 2894 1400 122 nest pas fin ⁊ malicieux. Car si on lentendoit

1633 217 160 91 212

1592 1131 273 133 Lignorã

1592 1244 256 89 ce de la

1598 1330 232 86 parolle

1598 1398 244 95 de dieu

1601 1472 291 119 scãdali¬

1616 1564 276 107 ze les gẽ

1607 1644 167 103 tilz.

1619 1725 261 101 1.Pet̃.3.c

1610 2069 270 98 colos.3.c

1628 2307 249 118 ꝓuer.10b

1634 2633 246 122 La sim¬

1628 2731 255 110 plicite de

1622 2814 261 107 la ꝑolle

1616 2900 267 128 est louee

962 2981 660 127 Aa .iiii. ainsi/ ce
