2267 3563
394 199 1063 141 fraternelle. Cha.xiiii.

172 336 1392 107 parauẽture tu uoys le peche de ton frere/ q̃ in¬

170 427 1388 105 cõtinent tu le reuele publiquemẽt: ⁊ q̃ partout

184 508 1380 109 tu crie ⁊ diuulgue les pechez dautruy: ce qui se

188 591 1368 107 roit uray emẽt plus tost le faict du diffamãt: q̃

182 673 1368 98 du corrigeant. Toy seul (dit il) reprẽs le entre

172 758 1376 103 toy ⁊ luy seul. Car la ou celuy qui aura peche

172 843 1382 103 uerra que tel mistere sera garde enuers luy/ il

180 926 1362 105 gardera aussi la uergongne de soy amender.

178 1011 1368 97 Mais sil se uoit diffame: incontinẽt se tour¬

170 1096 1374 99 nera a le nier sans uergongne: ⁊ ne amẽderas

170 1173 1374 99 poĩt seullemẽt le peche/ mais tu le doubleras.

178 1252 1369 113 * Aprens donc lordre des euangiles. Premier/

163 1336 1384 107 (dit il) toy seul entre toy ⁊ luy. Secõdement/

163 1419 1384 113 prens auec toy deux ou troys autres. Pour¬

166 1502 1376 113 quoy deux ou troys? Pource que en la bou¬

163 1579 1405 119 che de deux ou de troys sera ferme toute pa¬

163 1665 1420 101 rolle. Comme il soit donc que le commande¬

176 1753 1390 109 ment de leuangile soit tel/ ⁊ que la loy com¬

174 1838 1382 105 mande/ que si tu te tais tu receuras le peche

166 1920 1396 99 de lautre: il fault entẽdre/ que si aucun ne de¬

158 2005 1404 109 claire pas selon la reigle dõnee icy dessus/ ce

164 2088 1394 107 quil uoit au peche de son prochain: ou quãt

160 2169 1406 109 il est appelle en tesmoing/ quil ne die ce qui est

168 2256 1396 105 ueritable: le peche q̃ cestuy a cõmis q̃ lautre ce¬

170 2337 1406 109 le/ uiẽdra sur iceluy: ⁊ la peine de la chose ꝑpe

164 2422 1406 93 tree retournera a celuy qͥ en a la cõgnoissance.

178 2505 1382 105 Parquoy le texte de lhystoire noꝰ a suffisam¬

170 2587 1396 109 mẽt enseigne en ce chapitre ⁊ edifie. Mais aus

168 2672 1404 107 si ie estime q lame qͥ lit ce qͥ est escript en la loy

166 2758 1405 104 de dieu/ * que le seigneur a iure/ ⁊ ne sen re¬

166 2842 1394 95 pentira point/ tu es prestre eternellemẽt selon

164 2919 1392 109 lordre de Melchisedech: et quelle oit la uoix

1560 225 225 119 244

1616 1238 229 115 Lordre

1565 1327 277 101 de corre¬

1568 1416 280 110 ptiõ des

1565 1508 291 110 euangi¬

1589 1585 119 101 les.

1598 1647 256 155 mat.18.c

1583 2704 256 187 Ps̃.109b

896 3008 666 113 Ee .iiii. du iuremẽt
