2267 3563
1027 166 681 136 De la correption

718 294 1394 107 du iuremẽt (cõe font les scribes ⁊ Pharisiens/

736 374 1379 109 qui tousiours pẽsent telles choses) mais ilz se

730 471 1394 97 taisent/ ⁊ ne le ueullẽt pas annõcer au peuple/

714 550 1414 107 craignãt qͥlz ne dõnẽt tesmoignage de ladue¬

698 631 1430 111 nemẽt de Christ. Et poͬtant receoiuẽt ilz le pe¬

694 716 1430 105 che auq̃l font pecher Israel/ en non annõceãt

700 803 1214 105 au peuple les choses qui sont urayes.

902 888 1163 101 ¶ Gregoire en ses Morales/ au .xxii.

1069 971 701 95 liure: au .xui. chapitre.

745 1042 1376 104 ¶ Nous en auons congneu plusieurs qͥ se con

727 1125 1385 116 fessent pecheurs sans reprendre persõne: mais

710 1220 1399 95 quant parauenture ilz seront reprins de quel¬

716 1300 1402 107 que coulpe: ilz demandent aide pour eulx def¬

727 1383 1397 92 fendre/ affin quilz ne soient estimez pecheurs.

734 1462 1392 103 Dequoy se fault grãdemẽt garder/ que nous

732 1547 1388 95 ne nions les maulx que nous auõs faict uers

745 1621 1364 107 ceulx qui nous reprennent ⁊ que uoluntaire¬

734 1710 830 105 ment nous les confessons.

902 1791 1105 101 ¶ Augustin au liure de son exposi¬

980 1874 918 103 tion sur lepistre ad Galatas.

718 1959 1408 105 ¶ Iamais donc ne debuons entreprendre laf¬

710 2046 1408 99 faire de reprendre le peche dautruy/ sinon pre¬

710 2129 1402 97 mier en examinant dedens nostre cõsciẽce par

730 2211 1386 95 interrogations/ nous ne respõdons clerement

732 2288 1390 105 en nous mesmes deuãt dieu/ que noꝰ le faisõs

745 2378 1379 101 par charite. Car tout ce que tu diras par ung

736 2452 1391 119 couraige furieux: cest impetuosite du pugnis¬

734 2541 1168 113 sant/ ⁊ non pas charite du corrigeant.

760 2711 1350 163 ¶ De lexcõmunication

1189 2846 404 150 de leglise.

448 374 265 163 1.Io.4.a

415 1012 306 148 Il fault

404 1140 306 89 aymer ce

401 1211 267 128 luy qui

410 1321 279 110 nous cor

427 1383 167 128 rige.

442 1609 285 154 ꝓuer.3.b

436 2351 268 152 Ps̈.89.c

439 2467 256 128 2.Regũ

433 2571 152 130 22.c

1675 2969 425 124 2.Corin.13.A.
