2267 3563
176 306 1431 123 plusieurs/ affit a cestuy. Car aussi ne peule

174 393 1413 115 estre la correptiõ de plusieurs salutaire: sinon

192 475 1384 122 quãtceluy qui est reprins na pas grand nõbre

194 558 1370 124 de cõpaignons. Mais quãt une mesme mala

186 639 1372 127 die est en plusieurs: les bõs nont aultre chose

176 732 1019 115 affaire que de gemir ⁊ plourer ⁊c.

526 815 701 109 ¶ Au mesme chapitre.

178 872 1384 146 ¶ Ostez dit il le mal hors de uous mesmes/

184 985 1380 107 cest adire/ si uous ne pouez oster les mauuais

175 1048 1396 124 hors du milieu de uous ostez le mesme mal

172 1134 1396 121 hors de uoꝰ mesmes: q̃ si aucun ueult entẽdre

169 1211 1393 125 ce qͥ est dit. Ostez le mal hors de uoꝰ mesmes/ q̃

172 1297 1393 128 par la correption de separation/ ung chascun

172 1392 1396 116 mauuais frere doibt estre oste: q̃ nul ne doubte

175 1469 1408 134 qͥl fault que ce se faice par desir de les guerir/

180 1561 1138 117 ⁊ non point par hayne de les perdre.

340 1631 1281 128 ¶ Du liure des exigtres sainct Augustin

354 1718 1271 118 et en ueoisree. lxuiii. des clers catholicq̃s

374 1809 1241 115 de la region de Hipponen se/ ad Iamura¬

340 1898 592 105 ruu Uonatum.

184 1956 1387 137 ¶ Sil aduiẽt q̃ nous tenõs aucũs des uostres

178 2054 1393 122 nous les gardõs par grande dilectiõ sans les

178 2137 1399 128 molester: nous parlõs a eulx/ ⁊ lisons toutes

184 2209 1393 136 les choses ꝑ lesq̃lles cest erreur/ q̃ separe les fre

193 2307 1390 118 res des autres freres est uaincu: ⁊ faisons ce q̃

193 2390 1390 121 le seigͬ a cõmãde ꝯ le xphete Esaie/ disãt: Es¬

190 2476 1399 104 coutez uoꝰ qui craĩgnez la parolle du seigñr:

193 2541 1423 131 dictes a ceulx qͥ uoꝰ ont hay/ uoꝰ estes noz fre

199 2642 1426 104 res ⁊ aussi a ceulx qui uous ont en execratiõ/

193 2710 1417 125 affin q̃ le nom du seigͬ soit hõnore/ ⁊ qͥl se mõ¬

196 2793 1405 128 stre a eulx en ioye/ ⁊ q̃iceulx soiẽt hõteux: q̃si

193 2877 1399 169 nous en uoyõs aucuns de eulx qui considerẽt

397 160 1115 152 fraterelle. Chap̃.xtiii.

1681 169 202 119 247

1580 846 279 133 1.cor.5.d

1586 1006 276 143 Le peche

1595 1125 267 101 doibt es¬

1592 1193 264 122 tre fuy ð

1586 1350 193 30 LeDe  4

1586 1350 193 30 LeDe  4

1595 1353 256 128 2.Thes.

1607 1451 68 101 3.d

1598 1921 279 136 Lachari

1598 2042 276 98 te ð saĩct

1607 2117 261 112 Augustĩ

1607 2214 282 96 ẽuers les

1607 2298 273 101 heretic¬

1613 2372 291 98 ques prĩ

1619 2458 282 101 sõniers/

1643 2535 255 110 a caused

1648 2618 235 104 la mole¬

1631 2701 246 116 ste quilz

1622 2796 255 101 auoyent

1619 2874 160 133 faict.

1320 2971 279 122 leuudence
