2267 3563
1037 186 697 130 De la correption

722 310 1382 113 leuidẽce de la uerite/ ⁊ la beaulte de paix: noꝰ

724 407 1410 109 les associons non pas au baptesme leq̃l desia

722 492 1394 105 cõme destructeurs auoyẽt receu cõme ung real

716 570 1396 114 charactere: mais les associons a la foy qͥ leur

704 655 1412 113 a deffailly/ et a la charite du sainct esperit/ et

694 738 1424 113 au corps de christ. Mais silz ne ueullent pas

698 827 1404 105 cõsentir a lunite de Christ/ ou par trop grand

702 906 1414 107 endurcissemẽt/ ou par hõte non uueillãt souf¬

722 995 1398 103 frir les insultatiõs de ceulx auec lesquelz met

714 1072 1388 105 toiẽt en auãt tant de choses faulses cõtre noꝰ/

692 1155 1416 111 ⁊ imaginoyẽt grandz maulx: ou plus tost/

685 1243 1413 97 par craincte de maintenãt souffrir auec nous

694 1324 1414 101 telles choses qͥlz nous faisoyẽt par auant: ain

720 1405 1398 103 si cõe ilz sont retenus sans q̃lque moleste/ ain¬

727 1475 1379 125 si sont ilz de nous laissez sans les blesser. * Et

724 1564 1373 113 autãt q̃ nous pouuõs nous admõnestõs aussi

724 1641 1373 116 noz gentz lais/ qͥlz les tiẽnent sans les mole¬

733 1731 1367 112 ster: ⁊ qͥlz les nous amainẽt pour les reprendre

727 1808 1376 113 et les enseigner. Cest donc nr̃e desir leq̃l nous

721 1894 1379 107 alleguõs ꝑ ces lettres a ta reuerẽce/ ⁊ par les

696 1983 1404 109 freres que noꝰ auons enuoye. Premieremẽt sil

694 2068 1398 105 se peult faire q̃ paisiblemẽt uous cõferez auec

702 2151 1378 109 noz euesques afin q̃ lerreur soit oste de ceulx

710 2234 1378 109 esq̃lz sera trouue et non pas que les hommes

714 2315 1380 113 soyẽt ostez: q̃ les hõmes ne soyent pas punis/

710 2401 1099 112 mais qͥlz soyẽt amẽdez ⁊ changez ⁊c.

730 2561 1362 174 ¶ De la dilection de son

1191 2717 396 133 prochain.

766 2820 1235 107 ¶ Augustin au premier liure de la doctri¬

946 2917 889 127 ne Chrestiẽne/ au .xxx. chap̃.

421 1463 280 155 Lesglise

421 1585 280 107 ne perse¬

415 1662 289 101 cute per¬

427 1757 280 98 sonne de

415 1826 274 124 peine de

415 1929 211 131 corps.

1807 2990 252 131 ¶ Que
