2267 3563
350 160 1108 172 fraternelle. Cha.xiiii.

166 308 1367 122 ¶ Que celuy qͥ a cõmãde q̃ nous aymõs nr̃e

154 409 1379 116 ꝓchain/ nait excepte ꝑsonne: luy mesme aussi

163 495 1370 98 le mõstre en leuãgile/ ⁊ aussi faict Paul lapo

174 577 1362 97 stre. Car cestuy auq̃l le seigñr auoit mis au de

168 663 1360 103 uant deux cõmandemẽs: ⁊ qͥl auoit dit que en

154 742 1373 95 iceulx pẽdoit toute la loy ⁊ les ꝓphetes: quãt

156 823 1368 113 il le interrogua disãt * Et qͥ est mõ prochain?

160 905 1361 104 Il luy mist ung hõme qͥ descẽdoit de Hierusa¬

160 1000 1361 98 lem en Hiericho leq̃l estoit cheu entre les lar¬

157 1077 1370 107 rõs/ ⁊ estoit fort naure diceulx/ ⁊ estoit delais¬

160 1155 1373 106 se a demy mort. Auq̃l ne luy enseigna nul au¬

156 1241 1380 112 tre estre son ꝓchain/ sinõ celuy qͥ luy a este mi

164 1326 1378 109 sericordieux poͬ le recreer et le guerir: tellemẽt

160 1411 1384 111 q̃ celuy qͥ auoit ce interrogue/ quãt luy mesme

162 1490 1390 113 fut interrogue le cõfessa. Auq̃l dit le seigneur.

160 1577 1410 101 Uas/ ⁊ si fais pareillemẽt: ascauoir affin que

164 1658 1415 107 noꝰ entẽdõs celuy estre nr̃e ꝓchain : auq̃l fault

180 1737 1390 109 faire loffice de misericorde sil en a affaire/ ou

178 1819 1368 114 luy fauldroit faire sil en auoit affaire. Par¬

172 1916 1376 103 quoy maintenãt sẽsuyt/ q̃ aussi cestuy est nr̃e

162 1991 1378 109 ꝓchain/ duq̃l cest affaire doibt estre faict uers

160 2063 1382 125 noꝰ. * Car ce mot icy/ ꝓchain/ est ung nom re¬

163 2143 1379 125 latif: ⁊ nul ne peult estre ꝓchain sinon a celuy

166 2229 1376 116 qui luy est prochain. Et qui est celuy qͥ ne cõ¬

172 2324 1381 101 gnoisse q̃ nul nest excepte auq̃l on puist denier

178 2405 1396 108 loffice de misericorde/ quant aussi elle sestend

172 2490 1409 103 iusques a ses ennemys/ par ce q̃ le seigñr dit.

181 2562 1396 107 * Aymez uoz ennemys: faictes biẽ a ceulx qui

178 2652 1398 103 uoꝰ hayent. Ainsi pareillemẽt enseigne sainct

169 2728 1387 110 Paul quãt il dit * Certes tu ne paillarderas

170 2822 1380 101 point/ tu ne feras nul homicide/ tu ne desrobe

172 2907 1384 121 ras point/ tu ne ꝯuoiteras point: ⁊ sil y a q̃lque

1556 192 191 125 248

1550 296 301 140 mat.22.d

1550 433 289 89 mar.12.c

1550 501 274 164 gala.5.c

1553 727 259 125 Luc.10.e

1539 896 264 113 tout hõ¬

1542 1000 270 104 me est no

1550 1080 250 101 stre pro¬

1559 1172 188 128 chain.

1562 2069 256 113 Le nom

1559 2161 271 104 de ꝓchaĩ

1562 2253 280 107 est rela¬

1571 2333 101 113 tif.

1598 2574 205 127 mat.5.g

1571 2716 247 152 rom̃.13.c

1370 3016 190 85 autre
