2267 3563
445 296 271 134 Rom̃.7.

448 555 262 104 Nul ne

445 644 256 119 est exce¬

445 733 229 104 cepte en

439 810 244 131 dilectiõ.

733 290 1376 128 autre cõmandemẽt/ il est acomply en ceste pa¬

728 399 1384 109 rolle: tu aymeras tõ ꝓchain cõme toymesme.

732 481 1384 102 La dilection du ꝓchain ne faict point de mal.

739 555 1373 130 YQuicõ que dõc estime q̃ lapostre nait pas cõ

719 641 1399 119 mande de tout hõme: il sera cõstrainct de con¬

716 724 1390 125 fesser (ce qui est tres infame et tres absurde) q̃

719 807 1396 116 lapostre a estime q̃ ce nestoit pas peche si aucũ

728 894 1384 119 faisoit adultere auec ua femme dung hõme nõ

728 979 1394 115 chrestien/ ou de son ennemx: ou quãt il laura

732 1060 1380 115 occis ou conuoite sa chose. Que si cest le dict

712 1142 1388 116 dung insense// lest̃ mamifeste que tout domme

704 1237 899 107 doibt estime nostre prochain.

815 1310 1230 107 ¶ Augustin au p̃mier liure de la doctri¬

970 1397 908 99 ne Chrestiẽne/ au .xxiii. chap̃.

746 1472 1374 119 ¶ Ueritablemẽt ceste rigle de dilectiõ est ordõ

751 1558 1361 113 nee diuinemẽt.? Tu aymeras (dit il iton pro¬

742 1640 1370 115 chain cõme toymesme.F Cõme il soit dõc que

760 1722 1346 118 quattre choses doibuent estre aymees. Lune qͥ

757 1811 1361 110 est par desfus nous. La secõde ce q̃ nous som¬

760 1897 1367 107 mes. La troisiesme ce qͥ est aupres de nous. La

728 1973 1394 113 quattriesme ce qui est par dessoubz nous. De

718 2054 1396 113 la secõde ⁊ de la quattriesme nen falloit bail¬

728 2139 1382 113 ler nulz cõmãdemẽs. Car cõbienq̃ lhõme soit

738 2220 1372 115 destourne de la uerite/ tousiours luy demeure

738 2306 1380 110 lamour de soymesme/ ⁊ lamour de son corps.

736 2391 1390 114 Car le courage qui se fuyt arriere du regenera

738 2472 1384 113 teur de toutes choses qͥ est la lumiere immua

740 2555 1380 115 ble/ faict ceste chose q̃ tousiours ueult regner

746 2636 1372 117 sur soymesme ⁊ sur son corps: et pourtant ne

740 2717 1370 113 peult il sinõ aymer soymesme ⁊ son corps. Et

740 2806 1366 117 luy semble qͥl a acqueste grand chose/ quãt il

730 2888 1368 130 peult aussi dominer sur les aultres/ cest adire

1045 176 701 134 De la correption

451 1505 282 148 mat.22.d

457 1701 279 110 Quatre

457 1805 282 104 degrez de

454 1879 267 128 dilectiõ.

1857 2967 229 140 sur les
