2267 3563
436 329 268 104 ⁊ nõ pas

436 412 285 101 lignorã¬

433 507 286 104 ce grasse.

433 581 286 122 mat.10.b

733 296 1382 146 ainsi/ ce seroit chose superflue de dire.? Soyez

742 412 1391 122 prudens cõme les serpens/ ⁊ simples comme

739 510 479 98 les coulombes.

790 558 1331 136 ¶ Le mesme Chrysost sur sainct Iehan en

867 661 1067 110 la .iii. Homelie/ au .iiii. Chapitre.

701 730 1420 131 ¶ Soyõs donc honteux ⁊ uergongneux? q̃ la

710 829 1412 115 fẽme de cinq maris/ ⁊ samaritaine/ a rendu si

724 912 1400 115 grande diligẽce pour apprendre: q̃ pour le tẽps

724 999 1404 103 du iour/ ne pour quelque autres occupations

722 1074 1396 111 na peu estre retiree de la doctrine de Christ.

710 1161 1406 105 Mais nous ne sõmes point seullement sans

690 1245 1440 114 riẽs enquerir poͬ estre enseig nez aux choses di

700 1330 1436 101 uines: mais aussi sõmes cõme asseurez en tou

728 1411 1396 109 tes choses ⁊ ne noꝰ choult non plus des unes

738 1496 1376 101 q̃ des autres: ⁊ pourtãt sommes nous ignorãs

738 1577 1370 103 de toutes choses. Leq̃l de nous (ie uous prie)

730 1656 1400 113 est q̃ quãt il reuiẽt a la maison/ quilz uiẽne a

744 1741 1384 113 faire q̃lq̃ oeuure appartenãte a ung chrestien?

751 1814 1382 112 4. Qui est celuy qui uiẽne a scrutiner les sens

742 1915 1397 98 des escriptures? Nulz urayemẽt. Nous trou¬

730 1983 1397 113 uons souuem les goboleiz ⁊ les dez: mais tres

719 2081 1399 110 peu souuent les liures: que si aucuns les ont/

721 2158 1394 116 ilz les gardent enIermez oux cofres/ cõe silz

739 2232 1388 113 nen auoiẽt nulz: ou ilz passent toute leur estu

734 2327 1402 111 de en la beaulte du ꝑchemin/ ou es tresbeaux

738 2408 1396 113 characteres ⁊ tresbelles figures de lettres: non

738 2496 1404 108 pour les lire/ ne pour de ce en auoir quelque

740 2577 1402 109 usance: mais pour monstrer leurs richesses et

738 2662 1400 111 leur ambition/ ⁊ nestudient en autre chose. La

742 2749 1388 107 uaine gloire est si grãde/ que ie ne oys nul am

736 2832 1386 107 bitieux/ que entende aucun liure: mais seule¬

736 2903 1379 146 ment magnifie les lettres dor. Quel gaing en

436 751 229 127 Ioã.4.c

1001 182 860 136 Lutilite de la parolle

443 1666 263 121 Ioã.5.f

442 1829 288 109 La colla

433 1912 286 107 tion ⁊ la

418 1998 277 101 repetitiõ

415 2087 280 107 de la pa

421 2185 253 89 rolle de

433 2256 286 101 dieu ꝓf¬

441 2335 178 121 fite.

451 2927 265 146 duer.7.a

1851 3004 277 137 uient/ ie
