2267 3563
968 144 748 135 De abstinence ⁊ de

708 283 1382 120 douleur/ ⁊ de non estre attrait de leur amour.

710 356 1381 127 * Ceste est la ꝑsecution q̃ seuffrent tous ceulx

706 451 1394 117 qͥ fidelemẽt ueullent uiure en Christ/ selon la

721 534 1370 110 uraye ⁊ mordãte sentẽce de lapostre. * Car q̃lle

695 626 1396 110 chose icy ꝑsecute plus la uie des bõs/ q̃ la uie

689 700 1399 125 des mauuais: non pas quãt elle cõstrainct de

680 780 1408 122 ensuyuir ce quil desplait: mais quãt elle con¬

692 861 1399 130 strainct de lamenter ce quon uoit. Car linfide

707 953 1390 106 le uiuãt deuant le fidele/ cõbien aussi quil ne

716 1027 1375 116 oblige pas le cõsentant/ toutesfoys il tormẽte

690 1118 1390 119 celuy qͥ le sent. Et espargne on souuẽt ⁊ lõgue

677 1205 1401 109 ment les corps des infideles/ de toutes uexa¬

667 1292 1423 107 tions ascauoir les puissances seculieres: mais

685 1375 1413 107 neg iamais faict mercy aux cueurs des fide¬

704 1456 1376 109 les/ pour les mauuaises meurs des hommes/

710 1532 1153 124 aussi iusques a la fin de ce siecle icy ⁊c.

727 1716 1361 187 ¶ De abstinẽce/ ⁊ de la

713 1867 1292 193 uraye ieune. Chap̃.xu.

997 2121 689 131 ¶ Esaie.58.B.

1042 2250 1043 137 E uueillez ieuner cõme uoꝰ

1045 2381 1049 134 auez faict iusques a ce iour:

1043 2490 1057 138 tellemẽt que uostre clameur

722 2606 1374 135 soit ouye en hault. Est ce la ieune tel¬

716 2713 1370 151 le que iay esleu/ que lhõme trauaille

710 2838 1366 152 son ame par iour? Est ce de replier sõ

736 2235 300 380 N

421 341 253 125 des fre¬

418 439 143 101 res.

415 510 289 107 2.tim̃.3.c

418 599 259 122 Les ui¬

415 697 235 86 ces des

415 792 244 80 mauua¬

398 858 267 106 is sõt la

392 950 270 92 ꝑsecutiõ

392 1021 294 122 des bõs.

427 2345 271 119 hier̃.14b

403 2696 246 100 zacha.

401 2777 202 114 7.b.c.

1744 2965 334 111 chief cõme
