2267 3563
984 154 762 134 De abstinence ⁊ de

738 294 1392 111 Toy donc si tu ueulx ieuner/ ieune selon le cõ

740 384 1392 106 mandemẽt de leuangile: ⁊ garde es ieunes les

748 463 1386 113 loix euãgeliques esq̃lles le sauueur cõmande

751 540 1382 122 des ieunes en telle maniere. * Mais si tu ieu¬

739 626 1388 110 ne/ oingz ton chief/ ⁊ laue ta face/ ⁊c. Ueulx

727 706 1394 119 tu q̃ ie te mõstre encore quelle ieune il te fault

721 795 1400 119 ieuner? Ieune de tout peche: ne prẽs nulle uiã¬

734 882 1390 111 de de malice/ ne prens nulles uiãdes de uolu¬

738 967 1390 111 pte/ ne te eschauffe point de nul uin de luxu¬

734 1047 1394 116 re. Ieune de mauuais faictz/ abstiens toy de

720 1132 1394 113 mauuaises parolles/ garde toy de mauuaises

721 1223 1394 107 pensees/ ne touche point les pains de larcin de

733 1291 1391 113 mauuaise doctrine. Ne cõuoite point les faul¬

757 1368 1373 128 ses uiandes de philosophie qͥ te seduisent de la

766 1460 1361 116 uerite/ telle ieune plait a dieu. * Mais soy ab¬

757 1538 1361 124 stenir des uiandes q̃ dieu a cree pour en prẽdre

757 1630 1361 115 en action de graces aux fideles: ⁊ faire ce auec

760 1701 1364 122 ceulx qui ont crucifie Christ: il ne peult estre

757 1796 1373 119 plaisant a dieu. Les pharisiens ont este aucu¬

746 1878 1384 117 nesfoys indignez cõtre le seigñr/ pource q̃ ses

748 1959 1382 121 disciples ne ieunoient point: ausq̃lz il respon¬

745 2036 1370 116 dit * q̃ les filz de lespoux ne peuuẽt ieuner tan

739 2117 1376 130 dis q̃ lespoux est auec euux. Ceulx dõc soient

757 2203 1361 130 en ieunes qͥ ont perdu lespoux. Nous qͥ auõs

740 2296 1386 111 auec nous lespoux/ nous ne pouuons ieuner.

742 2377 1394 115 Mais nõ pourtãt noꝰ ne disons cecy/ q̃ uueil¬

742 2460 1390 117 lons relacher les brides de labstinence chrestiẽ

736 2541 1396 117 ne? Cest ueritablement la liberte chrestiẽne de

736 2628 1384 115 ieuner en tout tẽps: non point par suꝑstition

745 2701 1370 128 dobseruãce/ mais par uertu de cõtinẽce. * Car

739 2793 1367 125 cõment se gardera enuers eulx la chastete sãs

733 2868 1370 145 estre corrõpue/ selle nest soustenue ꝑ les aydes

466 525 264 113 mat.6.c

466 626 261 104 La ieune

466 703 247 110 des chre¬

463 783 184 125 stiens.

439 1187 268 125 ꝓuer.9.d

433 1285 280 110 mat.16.b

445 1365 291 113 colos.2.b

460 1454 282 98 La ieune

457 1532 276 115 des iuifz

457 1618 232 98 est re¬

457 1713 282 98 prouuee.

454 1784 276 116 1.timo.4

448 2030 262 101 mat.9.b

445 2128 241 95 mar.2.c

457 2197 279 107 Luce.5.f

451 2675 244 116 Quel¬

445 2773 285 104 les uertꝰ

448 2859 244 107 faict la

457 2957 196 119 ieune.

1706 2975 398 106 de cõtinence?
