2267 3563
463 178 942 154 ieune. Chap̃.xu.

154 324 1400 115 de cõtinẽce? Cõment uacquerõt ilz aux escri¬

154 413 1386 111 ptures? Cõment estudierõt ilz en sciẽce ⁊ sapiẽ

160 492 1358 107 ce? Ne sera ce point par la cõtinẽce du uẽtre ⁊

166 578 1361 107 de la bouche? Cõmẽt se chastre aucun soymes

160 667 1376 103 me poͬ le royaulme du ciel/ sil ne recouppe laf

156 748 1386 107 fluẽce des uiãdes/ sil ne use de la chãbriere ab¬

152 831 1386 109 stinẽce? Aux Chrestiẽs dõc est celle raisõ de ieu

152 914 1384 107 ner. Mais aussi en y a une autre assez chrestiẽ

156 999 1382 101 ne/ de laquelle la louẽge est annoncee par les

152 1082 1394 103 escriptures daucuns apostres. Car nous auõs

152 1165 1390 105 trouue en quelque liure quil est dit des apo¬

154 1243 1382 112 stres. Biẽheureux est celuy qui aussi ieune poͬ

148 1328 1392 111 ceste cause/ affin quil nourrisse le poure: la ieu

152 1415 1386 109 ne de cestuy est grandement aggreable deuãt

160 1502 903 97 dieu: ⁊ pour uray assez digne.

338 1581 1069 111 ¶ Hierosme ad Nepotianum/ au

595 1668 545 95 premier Tome.

172 1716 1402 145 ¶ Metz en toy telle mode de ieuner/ que tu le

166 1826 1393 106 puisse porter. Que tu aye pures/ chastes/ sim¬

160 1897 1385 127 ples ⁊ moderees ieunes/ ⁊ nõ pas suꝑstitieuses.

163 1992 1370 122 Que ꝓffite il de poĩt mẽger dhuyle: ⁊ de cher¬

154 2072 1391 107 cher aucunes molesties ⁊ difficultez de uiãdes

154 2155 1399 122 cõme figues/ poiure/ noix/ les fruictz des pal

160 2235 1402 122 mes/ la fleur du fromẽt/ du miel/ ⁊ telles ma¬

169 2310 1399 136 nieres de uiãdes? Toute la labeͬ des Iardins

169 2396 1390 118 est traueillee affin q̃ ne mẽgiõs point de uiãde

166 2485 1381 107 de pain: ⁊ la ou noꝰ ensuyuõs noz delices/ noꝰ

178 2565 1384 131 sommes retirez du royaulme des cieulx. * Ien

175 2660 1405 101 oys dauãtaige aucũs ꝯtre la rigle ⁊ la nature

172 2734 1408 116 des hõmes qͥ ne boiuẽt pas de eaue/ ⁊ ne mẽgẽt

175 2820 1390 122 point de pain: mais mengent des chaudeaux

178 2909 1381 125 delicatz/ ⁊ des porees broyees: ⁊ qui ne boiuẽt

1597 213 149 121 251

1545 486 309 119 mat.19.b

1547 570 295 121 colos.3.a

1616 1630 246 139 Mõta¬

1589 1733 262 113 nus here

1574 1826 265 100 ticq̃ ĩsti¬

1559 1912 268 95 tua pre¬

1559 2001 262 98 mier les

1556 2084 274 86 loix des

1568 2161 244 95 ieunes/

1580 2226 256 107 en lhisto

1580 2339 256 86 ire eccle¬

1568 2399 277 118 siastique

1568 2485 280 107 au .u. li¬

1580 2574 244 98 ure/ au

1592 2660 220 95 .xxuiii.

1595 2737 157 101 chap̃.

1586 2814 256 107 La ieune

1580 2894 259 131 supersti¬

1580 2984 196 115 tieuse.

1016 2984 546 145 Ff .iii. point le
