2267 3563
997 176 755 134 De abstinence ⁊ de

744 314 1392 107 point le ius des bestes en ung calice/ mais en

752 399 1386 105 une escaille. Certainemẽt cest une hõte q̃ nous

748 488 1386 99 nauõs uergõgne de telles manieres de follie/ ⁊

742 570 1388 109 qͥl ne noꝰ enuoye de telle suꝑstition. * Dauan

730 653 1397 95 taige aussi cherchõs noꝰ en delices la renõmee

733 727 1391 107 dabstinẽce. La plꝰ forte ieune cest/ pain ⁊ eaue.

739 810 1373 113 Mais pource q̃lle na pas de gloire: ⁊ que noꝰ

751 890 1370 110 uiuõs tous de pain ⁊ deaue/ cõme chose publi

757 988 1287 110 que ⁊ cõmune on ne lestime pas estre ieune.

745 1074 1370 149 Roma.13.D. ¶ Non en cõmessa¬

719 1196 1393 140 tiõs nen ebriete/ nõ en couches ne en

722 1318 1404 126 impudicitez: non en cõtẽtion ne par

742 1425 1374 138 enuie mais uestez uoꝰ/ ⁊c. cõe dessus.

956 1553 903 117 ¶ Augustin en la .lxiiii. epistre

1174 1640 451 103 ad Aurelium.

766 1722 1358 108 ¶ Entre ces troys icy donc/ les couches ⁊ ĩpu¬

752 1805 1378 107 dicitez est estime si grãd peche: q̃ nul hõe macu

750 1902 1384 95 le de ce peche nest digne/ non pas seullemẽt da

736 1975 1392 105 uoir administratiõ en leglise/ mais aussi de la

714 2058 1406 99 cõmunion mesme des sacremẽs. Et est totalle

724 2141 1394 105 mẽt bien estime. Mais poͬquoy cestuy la seu¬

738 2222 1374 101 lemẽt? Car il semble q̃ les cõmessations ⁊ les

738 2306 1386 106 yurõgneries soyẽt tellemẽt parmises ⁊ licites:

730 2387 1400 109 q̃ aussi en lhõneur des bienheureux martyrs

732 2472 1398 101 non pas seulemẽt es ioͬs solẽnelz/ mais tous

732 2555 1386 109 les ioͬs sont cõmises ⁊ magnifiees: ce que ung

745 2630 1379 107 chascũ deburoit plourer qͥ bien regarderõt des

745 2725 1370 95 yeulx/ nõ pas charnelz. * Laq̃lle ĩfamete selle

754 2808 1358 92 nestoit seulemẽt q̃ uitieuse ⁊ quelle ne fut pas

745 2900 1364 125 aussi sacrilege: noꝰ estimeriõs q̃lle seroit a sup¬

463 528 267 125 Deman

466 638 255 107 der la re

460 730 250 101 nõmee de

448 798 256 119 abstinen

433 890 288 101 ce en de¬

427 967 211 104 lices.

436 1083 259 107 Luce.1.

431 1169 275 95 1.Pe.4.a

427 1250 274 115 Eph.4f

459 1747 279 109 Les tro¬

459 1844 271 89 ys prin¬

441 1916 279 108 cipaulx

445 2001 222 107 pechez.

439 2621 288 125 Les cõ¬

430 2713 297 107 messati¬

436 2808 294 92 ons ⁊ les

448 2888 279 128 yurõgne

1835 2988 275 101 porter a
