2267 3563
166 323 1396 128 porter a fontes forces de patience. Cõbien q̃ la

175 415 1375 116 ou est le passaige/ auq̃l apres q̃ le mesme apo¬

184 495 1361 125 streent nõbre plusieͬs uices/ entre lesquelz il

186 585 1364 109 mist les yurõgnes: cõclud tellemẽt qͥl disoit q̃

178 665 1375 118 auec telz ne falloit pas menger le pain. Mais

172 754 1390 109 souffrõs telles choses es uoluptez ⁊ en la souil

166 837 1384 107 lure domesticq̃/ ⁊ en leͬs cõuiues qͥ sõt cõtenus

174 924 1382 103 en leͬs maisõs priuees/ ⁊ prenõs le corps auec

174 1003 1382 109 eulx/ auec lesq̃lz noꝰ est deffendu de menger le

166 1086 1390 104 pain: au moins q̃ tel grand deshõneur soit oste

172 1172 1381 95 des sepulchres des corps sainctz/ ⁊ des lieux

172 1238 1375 121 saĩctz/ ⁊ des maisõs de oraison. Car qͥ est celuy

169 1336 1381 104 qͥ osera nier de faire priuemẽt/ ce qͥ est souuent

172 1410 1375 122 faict es lieux des sainctz ⁊ est appelle lhõneur

175 1505 1387 95 des sainctz? Si p̃mieremẽt Aphricq̃ re gardoit

175 1576 1405 107 de oster telles choses: elle deburoit estre digne

172 1659 1417 110 de ensuyuir de toutes outres terres. Mais la

184 1739 1393 119 pestibẽce de ce mal est si grãde: q̃ nullement ne

187 1829 1372 115 peult estre guerie selon ce qͥl me sẽble/ s/ õ par

178 1909 1375 113 autortte de cõcile.?Ces choses icy dõc ne sont

178 1992 1375 110 pas ostees par rudesse/ ne par crudelite autãt

175 2075 1378 116 q̃ ie puis estimer/ ne ꝑ maniere de subiugatiõ

172 2155 1384 122 mais plus tost en enseignãt quen cõmandãt/

178 2250 1399 116 plus en admonestãt q̃ en menassãt. Car ainsi

190 2330 1384 104 fault il faire auec la multitude des pecheurs.

178 2407 1384 107 Et la crudelite ⁊ rudesse doibt estre exercee es

178 2488 1378 115 pechez des hõmes de petit nombre. Et si nous

187 2574 1390 119 faisons quelque menasse quil se faice en dou

184 2663 1402 116 leur: a scauoir en menassant par les escriptu¬

178 2752 1402 107 res la uengeance a uenir: affin que iceulx ne

186 2836 1388 103 nous craingnẽt en nostre piuissance/ mais que

184 2917 1035 115 dieu soit craint en nostre parolle.

463 163 942 169 ieuna. Chap̃.xu.

1585 205 183 99 252

1586 323 288 119 rles sont

1568 430 294 89 reprou¬

1568 504 182 98 uees.

1571 629 274 145 1.corĩ.5.d

1580 1059 256 125 Icy sont

1571 1166 268 98 deffẽdus

1571 1238 274 118 toꝰ bãc¬

1568 1333 286 101 quetz et

1571 1407 291 104 yurõgne

1580 1499 288 101 ries q̃ se

1610 1576 244 110 font en

1610 1653 244 101 lhõneur

1601 1748 255 101 ðs saĩctz

1583 1837 241 98 car cest

1574 1897 256 119 plustost

1577 2004 277 92 a leͬ des¬

1577 2081 262 98 hõneur.

1583 2155 279 110 2.tim̃.2d

1601 2238 255 104 Cõment

1601 2321 253 119 sõt ostez

1589 2413 250 101 les pe¬

1583 2497 276 98 chez in¬

1607 2595 223 83 ueterez.

1604 2663 250 113 Iaco.3.d

1595 2752 261 122 1.Pe.5.a

888 2994 680 123 F f .iiii. Rom̃.6.D.
