<?xml version="1.0" encoding="UTF-8"?>
<alto xmlns:xsi="http://www.w3.org/2001/XMLSchema-instance"
      xmlns="http://www.loc.gov/standards/alto/ns-v4#"
      xsi:schemaLocation="http://www.loc.gov/standards/alto/ns-v4# http://www.loc.gov/standards/alto/v4/alto-4-2.xsd">
  <Description>
    <MeasurementUnit>pixel</MeasurementUnit>
    <sourceImageInformation>
      <fileName>89_7f05a_default.jpg</fileName>
      <fileIdentifier>https://www.e-rara.ch/i3f/v20/4106247/full/full/0/default.jpg</fileIdentifier>
    </sourceImageInformation>
  </Description>
  <Tags>
    <OtherTag ID="BT8" LABEL="DamageZone" DESCRIPTION="block type DamageZone"/><OtherTag ID="BT10" LABEL="DropCapitalZone" DESCRIPTION="block type DropCapitalZone"/><OtherTag ID="BT11" LABEL="GraphicZone" DESCRIPTION="block type GraphicZone"/><OtherTag ID="BT12" LABEL="MainZone" DESCRIPTION="block type MainZone"/><OtherTag ID="BT13" LABEL="MarginTextZone" DESCRIPTION="block type MarginTextZone"/><OtherTag ID="BT15" LABEL="NumberingZone" DESCRIPTION="block type NumberingZone"/><OtherTag ID="BT17" LABEL="QuireMarksZone" DESCRIPTION="block type QuireMarksZone"/><OtherTag ID="BT18" LABEL="RunningTitleZone" DESCRIPTION="block type RunningTitleZone"/><OtherTag ID="BT20" LABEL="StampZone" DESCRIPTION="block type StampZone"/><OtherTag ID="BT21" LABEL="TableZone" DESCRIPTION="block type TableZone"/><OtherTag ID="BT22" LABEL="TitlePageZone" DESCRIPTION="block type TitlePageZone"/>
    <OtherTag ID="LT8" LABEL="DefaultLine" DESCRIPTION="line type DefaultLine"/><OtherTag ID="LT9" LABEL="DropCapitalLine" DESCRIPTION="line type DropCapitalLine"/><OtherTag ID="LT10" LABEL="HeadingLine" DESCRIPTION="line type HeadingLine"/><OtherTag ID="LT11" LABEL="InterlinearLine" DESCRIPTION="line type InterlinearLine"/><OtherTag ID="LT311" LABEL="default" DESCRIPTION="line type default"/>
  </Tags>
  <Layout>
    <Page WIDTH="2267"
          HEIGHT="3563"
          PHYSICAL_IMG_NR="89"
          ID="eSc_dummypage_">
      <PrintSpace HPOS="0"
                  VPOS="0"
                  WIDTH="2267"
                  HEIGHT="3563">
        <TextBlock HPOS="458"
                   VPOS="270"
                   WIDTH="320"
                   HEIGHT="550"
                   ID="eSc_textblock_fbab7d41"
                   TAGREFS="BT13">
          <Shape><Polygon POINTS="466 270 458 815 740 820 740 528 767 467 778 302"/></Shape>
          <TextLine ID="eSc_line_4dc91cc7"
                    TAGREFS="LT8"
                    BASELINE="491 360 768 365" 
                    HPOS="487"
                    VPOS="255"
                    WIDTH="279"
                    HEIGHT="128">
            <Shape><Polygon POINTS="490 359 487 383 763 377 766 362 760 258 721 273 692 258 686 255 683 255 680 255 677 255 668 258 635 273 490 261 490 359"/></Shape>
	    <String CONTENT="La terre"
                    HPOS="487"
                    VPOS="255"
                    WIDTH="279"
                    HEIGHT="128"
                    WC="0.9998536482453346"></String>
          </TextLine>
          <TextLine ID="eSc_line_25d6941b"
                    TAGREFS="LT8"
                    BASELINE="487 441 757 448" 
                    HPOS="481"
                    VPOS="374"
                    WIDTH="273"
                    HEIGHT="107">
            <Shape><Polygon POINTS="484 439 481 460 531 478 534 478 537 478 540 478 579 466 600 463 748 481 754 445 754 380 484 374 484 439"/></Shape>
	    <String CONTENT="est lexer"
                    HPOS="481"
                    VPOS="374"
                    WIDTH="273"
                    HEIGHT="107"
                    WC="0.994907902346717"></String>
          </TextLine>
          <TextLine ID="eSc_line_02e65c84"
                    TAGREFS="LT8"
                    BASELINE="489 522 700 528" 
                    HPOS="484"
                    VPOS="451"
                    WIDTH="214"
                    HEIGHT="104">
            <Shape><Polygon POINTS="487 519 484 549 692 555 698 525 695 451 487 451 487 519"/></Shape>
	    <String CONTENT="cite de"
                    HPOS="484"
                    VPOS="451"
                    WIDTH="214"
                    HEIGHT="104"
                    WC="0.984717573438372"></String>
          </TextLine>
          <TextLine ID="eSc_line_33749c76"
                    TAGREFS="LT8"
                    BASELINE="487 605 727 612" 
                    HPOS="481"
                    VPOS="534"
                    WIDTH="243"
                    HEIGHT="98">
            <Shape><Polygon POINTS="484 602 481 626 719 632 724 611 721 534 484 534 484 602"/></Shape>
	    <String CONTENT="lhõe/ et"
                    HPOS="481"
                    VPOS="534"
                    WIDTH="243"
                    HEIGHT="98"
                    WC="0.9738554755846659"></String>
          </TextLine>
          <TextLine ID="eSc_line_d6ba7016"
                    TAGREFS="LT8"
                    BASELINE="485 690 726 694" 
                    HPOS="481"
                    VPOS="608"
                    WIDTH="243"
                    HEIGHT="128">
            <Shape><Polygon POINTS="484 688 481 709 719 736 724 691 721 626 484 608 484 688"/></Shape>
	    <String CONTENT="le ciel la"
                    HPOS="481"
                    VPOS="608"
                    WIDTH="243"
                    HEIGHT="128"
                    WC="0.9621351599693299"></String>
          </TextLine>
          <TextLine ID="eSc_line_29fc03f1"
                    TAGREFS="LT8"
                    BASELINE="473 777 713 781" 
                    HPOS="469"
                    VPOS="700"
                    WIDTH="241"
                    HEIGHT="113">
            <Shape><Polygon POINTS="472 774 469 798 704 813 710 780 707 724 543 700 540 700 472 715 472 774"/></Shape>
	    <String CONTENT="courõne"
                    HPOS="469"
                    VPOS="700"
                    WIDTH="241"
                    HEIGHT="113"
                    WC="0.9981126636266708"></String>
          </TextLine>
        </TextBlock>
        <TextBlock HPOS="691"
                   VPOS="281"
                   WIDTH="1490"
                   HEIGHT="2744"
                   ID="eSc_textblock_6e09036e"
                   TAGREFS="BT12">
          <Shape><Polygon POINTS="775 281 775 394 761 467 743 519 740 526 739 701 730 760 729 1183 703 1289 705 1442 741 1631 751 1645 762 1661 759 1775 736 1859 734 2039 691 2122 695 2212 723 2224 724 2360 745 2414 747 2554 745 2602 736 2651 726 2993 1758 3025 1836 2996 2148 2997 2181 320"/></Shape>
          <TextLine ID="eSc_line_f738ae19"
                    TAGREFS="LT8"
                    BASELINE="785 366 2136 391" 
                    HPOS="781"
                    VPOS="273"
                    WIDTH="1352"
                    HEIGHT="142">
            <Shape><Polygon POINTS="784 365 781 385 1004 406 1102 394 1143 409 1277 397 1458 415 2130 412 2133 388 2133 308 2100 293 2091 293 2014 314 1886 290 1877 290 1862 308 1738 308 1699 290 1690 290 1634 308 1292 279 1265 285 1227 299 1048 279 1025 279 953 296 784 273 784 365"/></Shape>
	    <String CONTENT="tre donc est le xercite de lhomme/ ⁊ le ciel est la"
                    HPOS="781"
                    VPOS="273"
                    WIDTH="1352"
                    HEIGHT="142"
                    WC="0.9887549736920525"></String>
          </TextLine>
          <TextLine ID="eSc_line_5648834b"
                    TAGREFS="LT8"
                    BASELINE="775 448 1534 467 2138 471" 
                    HPOS="769"
                    VPOS="383"
                    WIDTH="1367"
                    HEIGHT="124">
            <Shape><Polygon POINTS="772 445 769 472 2130 507 2136 469 2136 409 772 383 772 445"/></Shape>
	    <String CONTENT="couronne. Quãt donc dieu eut dõne a lhõme/"
                    HPOS="769"
                    VPOS="383"
                    WIDTH="1367"
                    HEIGHT="124"
                    WC="0.9932222697469923"></String>
          </TextLine>
          <TextLine ID="eSc_line_32f3adb3"
                    TAGREFS="LT8"
                    BASELINE="759 529 1570 552 2142 556" 
                    HPOS="754"
                    VPOS="454"
                    WIDTH="1385"
                    HEIGHT="127">
            <Shape><Polygon POINTS="757 528 754 567 2133 581 2139 555 2139 489 1126 460 1123 460 1010 472 998 472 989 460 986 460 986 457 983 457 980 457 977 457 879 469 876 469 843 454 840 454 837 454 757 466 757 528"/></Shape>
	    <String CONTENT="ce qͥ est la plusgrãde de toutes graces/ cõme a"
                    HPOS="754"
                    VPOS="454"
                    WIDTH="1385"
                    HEIGHT="127"
                    WC="0.9926398785746827"></String>
          </TextLine>
          <TextLine ID="eSc_line_c74de2a7"
                    TAGREFS="LT8"
                    BASELINE="751 613 1526 635 2142 639" 
                    HPOS="745"
                    VPOS="546"
                    WIDTH="1394"
                    HEIGHT="122">
            <Shape><Polygon POINTS="748 611 745 650 2133 668 2139 638 2139 576 748 546 748 611"/></Shape>
	    <String CONTENT="son plus ayme/ ⁊ a sa domesticque creature/"
                    HPOS="745"
                    VPOS="546"
                    WIDTH="1394"
                    HEIGHT="122"
                    WC="0.9978806750718937"></String>
          </TextLine>
          <TextLine ID="eSc_line_8fa984ba"
                    TAGREFS="LT8"
                    BASELINE="748 695 1152 702 1494 718 2138 724" 
                    HPOS="742"
                    VPOS="635"
                    WIDTH="1394"
                    HEIGHT="122">
            <Shape><Polygon POINTS="745 694 742 724 1952 757 1955 757 2133 739 2136 721 2130 647 1957 659 1845 644 1842 644 745 635 745 694"/></Shape>
	    <String CONTENT="luy dõna toutes les choses qͥ sont en ce mõde:"
                    HPOS="742"
                    VPOS="635"
                    WIDTH="1394"
                    HEIGHT="122"
                    WC="0.9955715773006281"></String>
          </TextLine>
          <TextLine ID="eSc_line_ee624e77"
                    TAGREFS="LT8"
                    BASELINE="748 781 1152 787 1498 803 2134 807" 
                    HPOS="742"
                    VPOS="706"
                    WIDTH="1391"
                    HEIGHT="128">
            <Shape><Polygon POINTS="1637 718 1634 718 1595 724 1550 733 1539 724 1530 718 1527 718 1524 718 1521 718 1435 724 1357 730 1351 724 1342 718 1342 715 1339 715 1337 715 1241 712 1238 712 1236 712 1233 712 1221 724 1218 727 1206 724 1164 712 1161 712 1158 712 1155 712 1132 724 1123 727 1084 724 953 709 950 709 947 709 944 709 924 724 921 724 912 724 834 706 831 706 745 721 745 780 742 816 2127 834 2133 804 2127 727 1705 736 1663 724 1640 718 1637 718"/></Shape>
	    <String CONTENT="affin qͥl neust affaire de q̃lq̃ chose qui luy fust"
                    HPOS="742"
                    VPOS="706"
                    WIDTH="1391"
                    HEIGHT="128"
                    WC="0.9940286267037485"></String>
          </TextLine>
          <TextLine ID="eSc_line_dffb2873"
                    TAGREFS="LT8"
                    BASELINE="742 866 1003 866 1417 884 2126 888" 
                    HPOS="740"
                    VPOS="797"
                    WIDTH="1386"
                    HEIGHT="115">
            <Shape><Polygon POINTS="742 866 740 884 904 886 906 888 940 900 942 900 944 900 946 900 966 890 970 888 1073 888 1079 892 1116 906 1118 906 1120 906 1213 894 1215 894 1217 894 1229 906 1231 906 1233 906 1300 908 1302 908 1352 896 1364 894 1372 896 1403 910 1405 910 1407 912 2124 912 2126 888 2122 829 2039 829 2031 827 2017 817 2015 817 2013 817 2011 817 2009 817 1989 825 1981 829 1964 825 1920 815 1918 815 1916 815 1890 823 1880 827 1876 823 1865 813 1863 813 1861 813 1859 813 1857 813 1835 823 1827 827 1694 827 1663 819 1637 815 1635 815 1562 817 1471 821 1463 815 1457 811 1455 811 1453 811 1451 811 1415 815 1378 819 1370 813 1360 805 1358 805 1356 805 1354 805 1302 813 1261 819 1243 811 1225 803 1223 803 1221 803 1126 809 1090 811 1035 807 918 799 916 799 914 799 890 805 859 813 837 803 821 797 819 797 817 797 742 801 742 866"/></Shape>
	    <String CONTENT="necessaire a la uie. Desq̃lles choses labondan"
                    HPOS="740"
                    VPOS="797"
                    WIDTH="1386"
                    HEIGHT="115"
                    WC="0.9965818135634713"></String>
          </TextLine>
          <TextLine ID="eSc_line_f8023dcf"
                    TAGREFS="LT8"
                    BASELINE="748 946 1591 969 2136 973" 
                    HPOS="746"
                    VPOS="884"
                    WIDTH="1390"
                    HEIGHT="109">
            <Shape><Polygon POINTS="748 946 746 963 762 973 764 973 766 973 768 973 1128 971 1249 985 1251 985 1312 975 1352 987 1354 987 1508 991 1510 993 2134 993 2136 973 2134 908 2027 920 1966 904 1958 904 1902 904 1900 904 1898 904 1874 918 1861 904 1861 902 1859 902 1857 902 1855 902 1853 902 1847 904 1803 916 1785 902 1783 900 1781 900 1779 900 1777 900 1762 902 1704 914 1684 902 1684 900 1682 900 1680 900 1678 900 1669 900 1603 912 1585 900 1583 898 1581 898 1579 898 1577 898 1576 898 1572 900 1552 910 1482 900 1480 900 1421 908 1383 898 1364 892 1362 892 1360 892 1358 892 1348 896 1330 906 1265 906 1247 896 1231 888 1229 888 1227 888 1225 888 1205 894 1183 902 1140 894 1102 888 1100 888 1098 888 1084 894 1069 900 1057 894 1043 884 1041 884 1039 884 1037 884 748 888 748 946"/></Shape>
	    <String CONTENT="ce des biẽs terrestres seruiroit a la fruitiõ de la"
                    HPOS="746"
                    VPOS="884"
                    WIDTH="1390"
                    HEIGHT="109"
                    WC="0.9870465634004125"></String>
          </TextLine>
          <TextLine ID="eSc_line_6b8bd490"
                    TAGREFS="LT8"
                    BASELINE="758 1027 2138 1057" 
                    HPOS="756"
                    VPOS="962"
                    WIDTH="1382"
                    HEIGHT="120">
            <Shape><Polygon POINTS="758 1027 756 1047 1007 1049 1031 1055 1102 1066 1104 1066 1231 1060 1269 1070 1271 1070 1273 1070 1275 1070 1310 1060 1320 1059 1391 1062 1653 1078 1655 1078 1657 1078 1659 1078 1669 1068 1671 1068 1676 1068 1770 1082 1772 1082 2136 1078 2138 1057 2136 1005 1960 985 1958 985 1894 997 1874 999 1783 993 1673 985 1671 985 1651 989 1627 993 1613 987 1589 977 1587 977 1585 977 1583 977 1562 985 1548 991 1532 985 1512 977 1510 977 1508 977 1465 983 1415 989 1352 979 1300 971 1298 971 1237 975 1136 983 1090 971 1077 967 1075 967 962 965 960 965 958 965 954 967 932 977 906 965 902 963 900 963 758 962 758 1027"/></Shape>
	    <String CONTENT="uolunte. Lautre seruiroit a la congnoissance"
                    HPOS="756"
                    VPOS="962"
                    WIDTH="1382"
                    HEIGHT="120"
                    WC="0.9974541555751454"></String>
          </TextLine>
          <TextLine ID="eSc_line_4de6670c"
                    TAGREFS="LT8"
                    BASELINE="754 1108 2136 1138" 
                    HPOS="752"
                    VPOS="1039"
                    WIDTH="1384"
                    HEIGHT="130">
            <Shape><Polygon POINTS="754 1108 752 1130 845 1144 847 1144 1041 1140 1120 1138 1154 1142 1213 1152 1215 1152 1269 1146 1304 1142 1348 1148 1399 1155 1498 1157 1500 1157 1502 1157 1504 1157 1510 1152 1518 1148 1534 1154 1546 1157 1548 1157 1550 1157 1552 1157 1564 1154 1583 1148 1637 1155 1675 1161 1676 1161 1678 1161 1692 1157 1714 1152 1805 1161 1835 1163 1837 1163 1839 1163 1843 1161 1859 1154 1876 1163 1882 1165 1884 1165 1886 1165 1914 1163 2005 1157 2132 1169 2136 1138 2132 1068 1952 1084 1916 1072 1914 1072 1912 1072 1910 1072 1880 1082 1746 1080 1688 1060 1686 1060 1684 1060 1682 1060 1680 1060 1657 1078 1583 1078 1544 1060 1542 1060 1540 1060 1538 1060 1536 1060 1518 1074 1463 1074 1391 1053 1389 1053 1387 1053 1271 1068 1247 1053 1245 1053 1243 1053 1241 1053 1126 1059 1045 1047 1043 1047 974 1062 930 1043 928 1043 926 1043 924 1043 890 1055 881 1045 879 1045 877 1045 875 1045 811 1051 754 1039 754 1108"/></Shape>
	    <String CONTENT="des secretz celestes/ lesquelz enslãmeroient la"
                    HPOS="752"
                    VPOS="1039"
                    WIDTH="1384"
                    HEIGHT="130"
                    WC="0.9940767499307791"></String>
          </TextLine>
          <TextLine ID="eSc_line_7da5aafb"
                    TAGREFS="LT8"
                    BASELINE="742 1197 2122 1225" 
                    HPOS="740"
                    VPOS="1130"
                    WIDTH="1382"
                    HEIGHT="122">
            <Shape><Polygon POINTS="742 1197 740 1223 1037 1221 1069 1229 1081 1233 1083 1233 1084 1233 1100 1231 1134 1223 1174 1231 1195 1235 1197 1235 1199 1235 1211 1231 1233 1225 1263 1233 1286 1237 1288 1237 1354 1233 1423 1229 1530 1235 1726 1247 1728 1247 1801 1239 1817 1237 1821 1239 1845 1249 1847 1249 1849 1249 1914 1239 1924 1239 1934 1239 2023 1252 2025 1252 2120 1241 2122 1225 2122 1155 2076 1154 2074 1154 2072 1154 2070 1154 2055 1167 2025 1154 2019 1152 2017 1152 1922 1150 1920 1150 1918 1150 1908 1154 1878 1165 1831 1165 1819 1154 1819 1152 1817 1152 1815 1152 1813 1152 1807 1152 1756 1161 1738 1152 1730 1146 1728 1146 1726 1146 1724 1146 1722 1146 1710 1152 1692 1159 1661 1152 1657 1150 1655 1150 1653 1150 1633 1150 1544 1157 1457 1150 1368 1140 1366 1140 1364 1140 1344 1148 1330 1154 1261 1148 1124 1134 1073 1134 1071 1134 1069 1134 1047 1146 1043 1148 1037 1146 1001 1132 999 1132 997 1132 995 1132 950 1144 944 1146 942 1144 922 1130 920 1130 918 1130 916 1130 914 1130 869 1144 742 1144 742 1197"/></Shape>
	    <String CONTENT="pensee de lhõme en lamour ⁊ desir des discipli"
                    HPOS="740"
                    VPOS="1130"
                    WIDTH="1382"
                    HEIGHT="122"
                    WC="0.9926033844339087"></String>
          </TextLine>
          <TextLine ID="eSc_line_eef0e87a"
                    TAGREFS="LT8"
                    BASELINE="724 1282 2124 1306" 
                    HPOS="724"
                    VPOS="1219"
                    WIDTH="1400"
                    HEIGHT="117">
            <Shape><Polygon POINTS="724 1282 724 1302 837 1302 841 1304 857 1316 859 1316 861 1316 863 1316 934 1306 956 1304 987 1308 1075 1320 1077 1320 1118 1312 1134 1308 1152 1312 1189 1322 1191 1322 1193 1322 1243 1314 1273 1310 1336 1316 1405 1324 1407 1324 1409 1324 1411 1324 1417 1318 1427 1312 1486 1320 1542 1328 1544 1328 1581 1324 1635 1316 1718 1326 1750 1330 1752 1330 1754 1330 1756 1330 1758 1328 1774 1318 1787 1328 1791 1332 1793 1332 1795 1332 1797 1332 1821 1330 1886 1320 1902 1332 1904 1334 1906 1334 1908 1334 1910 1334 1930 1332 2005 1322 2120 1336 2124 1306 2122 1254 1979 1252 1977 1251 1964 1241 1962 1241 1960 1241 1958 1241 1956 1241 1954 1241 1944 1251 1942 1251 1867 1251 1867 1249 1847 1235 1845 1235 1843 1235 1841 1235 1839 1235 1799 1249 1795 1249 1785 1249 1720 1239 1718 1239 1676 1247 1671 1247 1669 1247 1641 1233 1639 1233 1542 1229 1540 1229 1463 1243 1457 1243 1451 1243 1383 1233 1381 1233 1259 1239 1251 1239 1249 1239 1193 1223 1191 1223 1011 1221 1009 1221 1007 1221 989 1231 970 1221 968 1221 966 1221 879 1233 873 1233 863 1233 766 1219 764 1219 762 1219 724 1229 724 1282"/></Shape>
	    <String CONTENT="nes: par lesq̃lles nous puissions paruenir a ce"
                    HPOS="724"
                    VPOS="1219"
                    WIDTH="1400"
                    HEIGHT="117"
                    WC="0.9995839075839266"></String>
          </TextLine>
          <TextLine ID="eSc_line_3861ee2f"
                    TAGREFS="LT8"
                    BASELINE="724 1369 1017 1369 2122 1387" 
                    HPOS="719"
                    VPOS="1291"
                    WIDTH="1402"
                    HEIGHT="128">
            <Shape><Polygon POINTS="721 1368 719 1389 2115 1419 2121 1386 2118 1324 721 1291 721 1368"/></Shape>
	    <String CONTENT="lieu treshault des diuins secretz. Et fut lung"
                    HPOS="719"
                    VPOS="1291"
                    WIDTH="1402"
                    HEIGHT="128"
                    WC="0.9899730889693551"></String>
          </TextLine>
          <TextLine ID="eSc_line_e71410fa"
                    TAGREFS="LT8"
                    BASELINE="730 1446 1886 1470 2130 1466" 
                    HPOS="730"
                    VPOS="1379"
                    WIDTH="1400"
                    HEIGHT="123">
            <Shape><Polygon POINTS="730 1446 730 1472 980 1468 991 1476 995 1480 997 1480 999 1480 1001 1480 1003 1480 1017 1476 1039 1470 1053 1476 1065 1482 1067 1482 1069 1482 1136 1478 1168 1476 1174 1478 1189 1486 1191 1486 1193 1488 1279 1488 1279 1486 1281 1486 1282 1486 1288 1480 1292 1476 1298 1480 1316 1488 1318 1488 1320 1488 1366 1480 1391 1476 1399 1480 1417 1490 1419 1490 1421 1490 1475 1482 1488 1480 1526 1482 1712 1496 1714 1496 1789 1486 1801 1484 1805 1486 1833 1498 1835 1498 1837 1498 1900 1486 1904 1486 1906 1486 1930 1498 1932 1498 1934 1498 2003 1490 2033 1502 2035 1502 2037 1502 2128 1488 2130 1466 2126 1411 2076 1417 2063 1409 2057 1407 2055 1407 2053 1407 2051 1407 2045 1409 2031 1417 2021 1409 2011 1401 2009 1401 2007 1401 1904 1399 1902 1399 1859 1407 1823 1413 1805 1405 1787 1399 1785 1399 1783 1399 1748 1405 1736 1407 1734 1405 1720 1395 1718 1395 1716 1395 1714 1395 1712 1395 1694 1405 1684 1409 1540 1409 1516 1403 1469 1391 1467 1391 1465 1391 1437 1401 1425 1405 1411 1401 1389 1395 1387 1395 1385 1395 1334 1399 1300 1403 1292 1399 1271 1387 1269 1387 1267 1387 1211 1399 1197 1401 1187 1397 1150 1385 1148 1385 1003 1383 1001 1383 999 1383 964 1395 962 1395 914 1381 912 1381 910 1381 908 1381 890 1391 877 1379 875 1379 873 1379 871 1379 730 1391 730 1446"/></Shape>
	    <String CONTENT="⁊ lautre tresexcellent: a scauoir qͥl eut toutes"
                    HPOS="730"
                    VPOS="1379"
                    WIDTH="1400"
                    HEIGHT="123"
                    WC="0.9991988887389501"></String>
          </TextLine>
          <TextLine ID="eSc_line_304ceece"
                    TAGREFS="LT8"
                    BASELINE="742 1530 2130 1553" 
                    HPOS="740"
                    VPOS="1466"
                    WIDTH="1390"
                    HEIGHT="107">
            <Shape><Polygon POINTS="742 1530 740 1547 906 1559 908 1559 910 1559 928 1551 930 1551 934 1551 987 1563 989 1563 1071 1553 1083 1553 1086 1553 1108 1565 1110 1565 1112 1565 1114 1565 1144 1555 1146 1555 1152 1555 1233 1565 1235 1565 1298 1557 1312 1557 1328 1559 1435 1571 1437 1573 2128 1573 2130 1553 2130 1490 2061 1484 2059 1484 2057 1484 2047 1488 2027 1496 1995 1486 1979 1482 1977 1482 1975 1482 1973 1482 1971 1482 1968 1486 1956 1494 1886 1484 1845 1480 1843 1480 1841 1480 1827 1484 1799 1492 1789 1484 1785 1480 1785 1478 1783 1478 1781 1478 1779 1478 1777 1478 1768 1482 1752 1490 1534 1478 1504 1478 1502 1478 1496 1478 1455 1486 1443 1478 1439 1474 1439 1472 1437 1472 1435 1472 1433 1472 1391 1476 1320 1484 1279 1474 1257 1470 1255 1470 1253 1470 1237 1474 1203 1482 1116 1472 1067 1466 742 1466 742 1530"/></Shape>
	    <String CONTENT="les richesses du monde subiectes a luy/ toutes"
                    HPOS="740"
                    VPOS="1466"
                    WIDTH="1390"
                    HEIGHT="107"
                    WC="0.9960970800855885"></String>
          </TextLine>
          <TextLine ID="eSc_line_7e79fd0e"
                    TAGREFS="LT8"
                    BASELINE="754 1609 2118 1638" 
                    HPOS="752"
                    VPOS="1543"
                    WIDTH="1366"
                    HEIGHT="125">
            <Shape><Polygon POINTS="754 1609 752 1633 932 1631 966 1640 978 1644 980 1644 982 1644 984 1644 985 1644 989 1640 1001 1633 1059 1642 1061 1642 1063 1642 1065 1642 1116 1635 1205 1646 1237 1650 1239 1650 1271 1648 1356 1640 1379 1650 1383 1652 1385 1652 1387 1654 1465 1654 1465 1652 1467 1652 1469 1652 1480 1642 1550 1654 1572 1658 1574 1658 1603 1656 1698 1648 1742 1660 1752 1662 1754 1662 1756 1662 1805 1662 1956 1656 1968 1666 1970 1666 1971 1666 1973 1666 1985 1666 2070 1656 2112 1668 2118 1638 2116 1573 1756 1575 1740 1563 1738 1563 1736 1563 1734 1563 1694 1563 1391 1567 1350 1555 1348 1555 1346 1555 1344 1555 1342 1555 1340 1555 1300 1565 1261 1553 1259 1553 1257 1553 1255 1553 1243 1553 1118 1561 1096 1549 1094 1549 1092 1549 1090 1549 1081 1549 1009 1557 883 1545 875 1545 873 1545 871 1545 843 1555 754 1543 754 1609"/></Shape>
	    <String CONTENT="les uolailles de la terre/ aussi les poissons/ et"
                    HPOS="752"
                    VPOS="1543"
                    WIDTH="1366"
                    HEIGHT="125"
                    WC="0.9929899585490324"></String>
          </TextLine>
          <TextLine ID="eSc_line_5788438d"
                    TAGREFS="LT8"
                    BASELINE="767 1692 2110 1718" 
                    HPOS="763"
                    VPOS="1630"
                    WIDTH="1346"
                    HEIGHT="118">
            <Shape><Polygon POINTS="766 1689 763 1713 2103 1748 2109 1716 2106 1656 766 1630 766 1689"/></Shape>
	    <String CONTENT="lusaige de la mer: cõme le roy des elemens. Et"
                    HPOS="763"
                    VPOS="1630"
                    WIDTH="1346"
                    HEIGHT="118"
                    WC="0.9960297434887988"></String>
          </TextLine>
          <TextLine ID="eSc_line_5fb665c2"
                    TAGREFS="LT8"
                    BASELINE="773 1779 2124 1803" 
                    HPOS="769"
                    VPOS="1707"
                    WIDTH="1352"
                    HEIGHT="119">
            <Shape><Polygon POINTS="772 1778 769 1805 784 1817 787 1817 790 1817 2115 1826 2121 1802 2118 1739 1111 1707 1108 1707 772 1713 772 1778"/></Shape>
	    <String CONTENT="que sans labeur sans indigence il abondast"
                    HPOS="769"
                    VPOS="1707"
                    WIDTH="1352"
                    HEIGHT="119"
                    WC="0.9856758642764318"></String>
          </TextLine>
          <TextLine ID="eSc_line_864ea219"
                    TAGREFS="LT8"
                    BASELINE="756 1860 2128 1884" 
                    HPOS="754"
                    VPOS="1795"
                    WIDTH="1374"
                    HEIGHT="117">
            <Shape><Polygon POINTS="756 1860 754 1886 1067 1886 1079 1890 1096 1898 1098 1898 1100 1898 1168 1892 1211 1888 1235 1892 1269 1900 1271 1900 1273 1900 1286 1894 1294 1890 1304 1894 1330 1902 1332 1902 1556 1906 1558 1906 1623 1898 1635 1896 1641 1898 1669 1908 1671 1908 1673 1908 1675 1908 1696 1900 1785 1910 1787 1910 1914 1902 1934 1912 1936 1912 1938 1912 1940 1912 1973 1902 2124 1902 2128 1884 2126 1834 2001 1815 1999 1815 1914 1829 1874 1813 1872 1813 1871 1813 1869 1813 1815 1829 1813 1829 1811 1829 1774 1811 1772 1811 1770 1811 1675 1825 1613 1825 1536 1825 1536 1823 1502 1809 1500 1809 1498 1809 1496 1809 1461 1823 1459 1823 1457 1823 1435 1811 1433 1811 1431 1811 1352 1821 1340 1821 1322 1821 1112 1799 1110 1799 1025 1815 1021 1815 995 1797 993 1797 991 1797 989 1797 987 1797 926 1813 924 1813 922 1813 881 1795 879 1795 877 1795 756 1809 756 1860"/></Shape>
	    <String CONTENT="en toutes choses/ en ensuyuant la similitu¬"
                    HPOS="754"
                    VPOS="1795"
                    WIDTH="1374"
                    HEIGHT="117"
                    WC="0.9902983321699985"></String>
          </TextLine>
          <TextLine ID="eSc_line_15bbc4b3"
                    TAGREFS="LT8"
                    BASELINE="748 1943 2126 1971" 
                    HPOS="746"
                    VPOS="1880"
                    WIDTH="1380"
                    HEIGHT="119">
            <Shape><Polygon POINTS="748 1943 746 1961 934 1965 936 1967 962 1979 964 1979 966 1979 1027 1969 1035 1969 1037 1969 1051 1981 1053 1981 1055 1981 1057 1981 1168 1973 1187 1973 1189 1975 1199 1983 1201 1983 1203 1983 1205 1983 1352 1979 1425 1977 1447 1981 1480 1989 1482 1989 1548 1985 1591 1981 1609 1985 1631 1993 1633 1993 1764 1995 1766 1995 1768 1995 1770 1995 1775 1991 1787 1985 2122 1999 2126 1971 2124 1920 2027 1902 2025 1902 1948 1914 1932 1916 1926 1914 1900 1900 1898 1900 1896 1900 1777 1910 1732 1912 1700 1906 1631 1894 1629 1894 1627 1894 1593 1904 1577 1908 1564 1902 1536 1892 1534 1892 1532 1892 1530 1892 1504 1902 1494 1904 1484 1900 1459 1892 1457 1892 1455 1892 1403 1898 1356 1904 1346 1896 1338 1890 1338 1888 1336 1888 1334 1888 1332 1888 1286 1894 1239 1902 1106 1898 1092 1890 1086 1884 1084 1884 1083 1884 1081 1884 1037 1888 948 1896 930 1884 928 1884 926 1884 924 1884 922 1884 920 1884 883 1894 865 1882 863 1880 861 1880 859 1880 748 1880 748 1943"/></Shape>
	    <String CONTENT="de du createur qui doibt estre honnore: ⁊ affin"
                    HPOS="746"
                    VPOS="1880"
                    WIDTH="1380"
                    HEIGHT="119"
                    WC="0.9803720535115993"></String>
          </TextLine>
          <TextLine ID="eSc_line_aefb96fc"
                    TAGREFS="LT8"
                    BASELINE="749 2027 2122 2052" 
                    HPOS="745"
                    VPOS="1959"
                    WIDTH="1376"
                    HEIGHT="131">
            <Shape><Polygon POINTS="748 2024 745 2057 2115 2090 2121 2051 2115 1977 1972 1992 1952 1977 1949 1977 1946 1977 1943 1977 1666 1986 1533 1968 1524 1968 1521 1968 1515 1968 1435 1980 1414 1965 1411 1965 1408 1965 1405 1965 1375 1965 1209 1977 1129 1962 1105 1959 748 1959 748 2024"/></Shape>
	    <String CONTENT="qͥl en eut en grande abondãce: ⁊ quil ouurist"
                    HPOS="745"
                    VPOS="1959"
                    WIDTH="1376"
                    HEIGHT="131"
                    WC="0.9876626859540525"></String>
          </TextLine>
          <TextLine ID="eSc_line_8db32e70"
                    TAGREFS="LT8"
                    BASELINE="716 2112 2114 2137" 
                    HPOS="714"
                    VPOS="2044"
                    WIDTH="1400"
                    HEIGHT="125">
            <Shape><Polygon POINTS="716 2112 714 2129 778 2145 780 2145 782 2145 821 2133 837 2147 839 2147 841 2147 843 2147 924 2135 928 2135 932 2135 985 2149 987 2149 989 2149 1063 2139 1079 2151 1081 2151 1083 2151 1084 2151 1172 2141 1178 2141 1182 2141 1217 2153 1219 2153 1221 2153 1223 2153 1225 2153 1239 2143 1251 2153 1251 2155 1253 2155 1255 2155 1257 2155 1338 2145 1358 2143 1383 2147 1469 2159 1471 2159 1540 2151 1570 2147 1651 2147 1663 2153 1688 2163 1690 2163 1692 2163 1736 2155 1756 2151 1768 2155 1789 2165 1791 2165 1948 2167 1950 2167 1952 2167 1977 2161 1999 2155 2021 2161 2043 2169 2045 2169 2047 2169 2112 2163 2114 2137 2112 2072 1712 2078 1682 2068 1661 2060 1659 2060 1657 2060 1516 2066 1441 2070 1417 2066 1358 2054 1356 2054 1354 2054 1314 2066 1294 2070 1148 2070 1120 2064 1033 2048 1031 2048 960 2058 924 2046 922 2046 920 2046 918 2046 885 2062 827 2044 825 2044 823 2044 821 2044 780 2062 716 2062 716 2112"/></Shape>
	    <String CONTENT="a soy les uoyes ⁊ quil mist les degrez/ par les-"
                    HPOS="714"
                    VPOS="2044"
                    WIDTH="1400"
                    HEIGHT="125"
                    WC="0.9955709762871265"></String>
          </TextLine>
          <TextLine ID="eSc_line_4b422444"
                    TAGREFS="LT8"
                    BASELINE="712 2195 2110 2220" 
                    HPOS="710"
                    VPOS="2131"
                    WIDTH="1400"
                    HEIGHT="119">
            <Shape><Polygon POINTS="712 2195 710 2222 922 2218 1039 2228 1086 2232 1088 2232 1090 2232 1104 2228 1132 2222 1150 2230 1160 2234 1162 2234 1164 2234 1201 2230 1249 2224 1282 2230 1310 2236 1312 2236 1391 2232 1463 2228 1471 2232 1482 2240 1484 2240 1486 2240 1488 2240 1615 2234 1667 2232 1676 2234 1706 2244 1708 2244 1710 2244 1712 2244 1742 2236 1748 2234 1756 2236 1807 2246 1809 2246 2037 2240 2051 2250 2053 2250 2055 2250 2057 2250 2108 2238 2110 2220 2110 2165 2090 2153 2088 2153 2086 2153 2084 2153 2037 2161 2003 2151 2001 2151 1999 2151 1900 2163 1894 2163 1797 2163 1797 2161 1787 2153 1787 2151 1785 2151 1783 2151 1781 2151 1647 2157 1633 2145 1631 2145 1629 2145 1627 2145 1625 2145 1623 2145 1603 2157 1601 2157 1514 2157 1512 2155 1453 2141 1451 2141 1393 2153 1389 2153 1267 2153 1263 2151 1215 2137 1213 2137 1211 2137 1148 2149 1142 2149 1140 2149 1116 2135 1114 2135 1112 2135 1043 2147 1033 2147 1023 2147 926 2131 924 2131 712 2139 712 2195"/></Shape>
	    <String CONTENT="quelz il peust mõter ou royqulme du ciel. Du"
                    HPOS="710"
                    VPOS="2131"
                    WIDTH="1400"
                    HEIGHT="119"
                    WC="0.9979186534881592"></String>
          </TextLine>
          <TextLine ID="eSc_line_f199a04c"
                    TAGREFS="LT8"
                    BASELINE="736 2277 2114 2302" 
                    HPOS="730"
                    VPOS="2214"
                    WIDTH="1382"
                    HEIGHT="107">
            <Shape><Polygon POINTS="733 2274 730 2298 2106 2321 2112 2301 2106 2226 1975 2238 1957 2223 1955 2223 1952 2223 1949 2223 1937 2223 1830 2235 1809 2223 1806 2220 1803 2220 1800 2220 1797 2220 1767 2223 1651 2232 1506 2232 1494 2220 1491 2217 1491 2214 1488 2214 1485 2214 733 2214 733 2274"/></Shape>
	    <String CONTENT="quel difficile chemin tu trouueras facidement"
                    HPOS="730"
                    VPOS="2214"
                    WIDTH="1382"
                    HEIGHT="107"
                    WC="0.9980769846174452"></String>
          </TextLine>
          <TextLine ID="eSc_line_13d26757"
                    TAGREFS="LT8"
                    BASELINE="748 2358 2122 2383" 
                    HPOS="742"
                    VPOS="2286"
                    WIDTH="1379"
                    HEIGHT="133">
            <Shape><Polygon POINTS="745 2357 742 2381 2115 2419 2121 2381 2118 2307 1987 2318 1955 2304 1952 2304 1949 2304 1940 2304 1631 2312 1598 2298 1595 2298 1592 2298 1583 2298 1441 2310 1423 2295 1420 2295 1417 2295 1414 2295 1405 2295 1265 2307 1241 2292 1238 2292 1236 2292 1233 2292 1224 2292 1114 2304 745 2286 745 2357"/></Shape>
	    <String CONTENT="de uiateur/ ascauoir lhomme qui est tellement"
                    HPOS="742"
                    VPOS="2286"
                    WIDTH="1379"
                    HEIGHT="133"
                    WC="0.9923326757219103"></String>
          </TextLine>
          <TextLine ID="eSc_line_97806d99"
                    TAGREFS="LT8"
                    BASELINE="756 2440 2128 2468" 
                    HPOS="751"
                    VPOS="2366"
                    WIDTH="1376"
                    HEIGHT="125">
            <Shape><Polygon POINTS="754 2437 751 2473 2121 2491 2127 2467 2127 2407 754 2366 754 2437"/></Shape>
	    <String CONTENT="forme par la conduicte de son couraige ⁊ de sa"
                    HPOS="751"
                    VPOS="2366"
                    WIDTH="1376"
                    HEIGHT="125"
                    WC="0.9999305890954059"></String>
          </TextLine>
          <TextLine ID="eSc_line_33c697f9"
                    TAGREFS="LT8"
                    BASELINE="760 2524 2120 2547" 
                    HPOS="754"
                    VPOS="2458"
                    WIDTH="1364"
                    HEIGHT="125">
            <Shape><Polygon POINTS="757 2523 754 2559 1140 2556 2112 2583 2118 2544 2115 2488 757 2458 757 2523"/></Shape>
	    <String CONTENT="uolunte/ quil a trespetite familiarite auec son"
                    HPOS="754"
                    VPOS="2458"
                    WIDTH="1364"
                    HEIGHT="125"
                    WC="0.9887014969866327"></String>
          </TextLine>
          <TextLine ID="eSc_line_d5dc1243"
                    TAGREFS="LT8"
                    BASELINE="756 2608 2118 2634" 
                    HPOS="751"
                    VPOS="2547"
                    WIDTH="1364"
                    HEIGHT="107">
            <Shape><Polygon POINTS="754 2606 751 2630 2109 2654 2115 2633 2112 2574 754 2547 754 2606"/></Shape>
	    <String CONTENT="corps/ ⁊ nentre en nulle compaignie de uices/"
                    HPOS="751"
                    VPOS="2547"
                    WIDTH="1364"
                    HEIGHT="107"
                    WC="0.9907375137011211"></String>
          </TextLine>
          <TextLine ID="eSc_line_b379db73"
                    TAGREFS="LT8"
                    BASELINE="746 2690 2116 2715" 
                    HPOS="742"
                    VPOS="2618"
                    WIDTH="1373"
                    HEIGHT="122">
            <Shape><Polygon POINTS="745 2687 742 2713 2109 2740 2115 2713 2115 2657 2067 2642 2064 2642 2061 2642 1969 2654 1966 2654 1963 2654 1913 2639 1910 2639 1907 2639 1625 2645 1509 2645 1488 2639 1455 2630 1452 2630 1449 2630 1325 2636 1203 2639 745 2618 745 2687"/></Shape>
	    <String CONTENT="⁊ nest adoulcy par nulles parolles blasonnan"
                    HPOS="742"
                    VPOS="2618"
                    WIDTH="1373"
                    HEIGHT="122"
                    WC="0.9950126694007353"></String>
          </TextLine>
          <TextLine ID="eSc_line_03d5ddd5"
                    TAGREFS="LT8"
                    BASELINE="751 2774 2106 2796" 
                    HPOS="745"
                    VPOS="2710"
                    WIDTH="1358"
                    HEIGHT="116">
            <Shape><Polygon POINTS="748 2773 745 2805 2097 2826 2103 2793 2097 2722 1910 2737 1684 2716 1660 2716 1657 2716 1643 2716 1524 2731 1408 2713 1390 2713 1387 2713 1384 2713 1378 2713 1339 2728 1328 2713 1325 2713 1325 2710 1322 2710 1319 2710 748 2710 748 2773"/></Shape>
	    <String CONTENT="tes. Et quant il est mis es roues des tẽps bien"
                    HPOS="745"
                    VPOS="2710"
                    WIDTH="1358"
                    HEIGHT="116"
                    WC="0.98928785075744"></String>
          </TextLine>
          <TextLine ID="eSc_line_65abb18f"
                    TAGREFS="LT8"
                    BASELINE="748 2862 2100 2880" 
                    HPOS="746"
                    VPOS="2794"
                    WIDTH="1354"
                    HEIGHT="115">
            <Shape><Polygon POINTS="748 2862 746 2889 1348 2889 1421 2895 1516 2903 1518 2903 1712 2897 1768 2895 1774 2897 1797 2907 1799 2907 1954 2909 1956 2909 2098 2897 2100 2880 2098 2828 2033 2828 2031 2826 2017 2814 2017 2812 2015 2812 2013 2812 2011 2812 1910 2822 1888 2824 1880 2822 1851 2810 1849 2810 1847 2810 1783 2820 1760 2822 1754 2818 1738 2808 1736 2808 1734 2808 1732 2808 1615 2814 1528 2820 1514 2812 1498 2804 1496 2804 1494 2804 1463 2812 1433 2820 1391 2820 1378 2808 1372 2804 1370 2804 1368 2804 1366 2804 1364 2804 1346 2808 1318 2816 1306 2808 1302 2804 1302 2802 1300 2802 1298 2802 1296 2802 1294 2802 1281 2806 1269 2810 1227 2806 1182 2800 1130 2800 1128 2800 1126 2800 1124 2800 1122 2802 1102 2814 1023 2804 1021 2804 906 2812 881 2796 879 2796 877 2796 875 2796 873 2796 871 2796 825 2808 748 2794 748 2862"/></Shape>
	    <String CONTENT="fortunez quel ne deboute point les humbles/"
                    HPOS="746"
                    VPOS="2794"
                    WIDTH="1354"
                    HEIGHT="115"
                    WC="0.9932178688603778"></String>
          </TextLine>
          <TextLine ID="eSc_line_0f01b3f8"
                    TAGREFS="LT8"
                    BASELINE="736 2945 1789 2967 2102 2963" 
                    HPOS="734"
                    VPOS="2878"
                    WIDTH="1368"
                    HEIGHT="128">
            <Shape><Polygon POINTS="736 2945 734 2977 772 2986 774 2986 776 2986 778 2986 789 2979 801 2973 926 2973 934 2981 948 2990 950 2990 952 2990 954 2990 956 2990 980 2981 985 2979 1001 2981 1067 2992 1069 2992 1118 2983 1128 2981 1130 2983 1146 2994 1148 2994 1150 2994 1152 2994 1154 2994 1182 2983 1191 2979 1199 2983 1207 2988 1209 2988 1211 2988 1213 2988 1215 2988 1227 2985 1233 2981 1235 2985 1249 2994 1249 2996 1251 2996 1253 2996 1332 2998 1334 3000 1378 3000 1378 2998 1379 2998 1381 2998 1397 2986 1401 2985 1516 2985 1524 2988 1548 3002 1550 3002 1552 3002 1554 3004 1617 3004 1617 3002 1619 3002 1651 2988 1659 2986 1663 2990 1680 3004 1682 3004 1684 3004 1772 3006 1774 3006 1851 2992 1865 2990 2001 2992 2003 2994 2017 3004 2019 3004 2021 3004 2023 3004 2100 2994 2102 2963 2100 2909 1839 2895 1837 2895 1835 2895 1833 2895 1821 2903 1815 2907 1797 2903 1748 2893 1746 2893 1744 2893 1726 2903 1720 2905 1601 2905 1597 2901 1587 2891 1585 2891 1583 2891 1482 2889 1480 2889 1417 2899 1407 2899 1393 2897 1314 2886 1312 2886 1253 2895 1243 2897 1237 2895 1209 2884 1207 2884 1205 2884 1152 2895 1144 2895 1049 2895 1047 2893 1031 2882 1029 2882 1027 2882 1025 2882 944 2891 938 2891 936 2891 892 2878 890 2878 888 2878 736 2888 736 2945"/></Shape>
	    <String CONTENT="quil ne fuye les choses tristes ⁊ quil ne boute"
                    HPOS="734"
                    VPOS="2878"
                    WIDTH="1368"
                    HEIGHT="128"
                    WC="0.9873445553982512"></String>
          </TextLine>
        </TextBlock>
        <TextBlock HPOS="1001"
                   VPOS="144"
                   WIDTH="853"
                   HEIGHT="163"
                   ID="eSc_textblock_b0ef0b6e"
                   TAGREFS="BT18">
          <Shape><Polygon POINTS="1001 144 1001 307 1854 307 1854 144"/></Shape>
          <TextLine ID="eSc_line_f2851f66"
                    TAGREFS="LT10"
                    BASELINE="1025 255 1833 265" 
                    HPOS="1023"
                    VPOS="156"
                    WIDTH="810"
                    HEIGHT="144">
            <Shape><Polygon POINTS="1797 172 1787 180 1766 172 1758 172 1738 170 1724 170 1720 172 1692 188 1665 172 1655 168 1653 168 1651 168 1649 168 1631 172 1579 186 1449 186 1433 174 1415 160 1413 160 1411 160 1401 160 1381 160 1376 158 1284 158 1282 158 1281 158 1279 158 1257 174 1243 184 1201 184 1191 174 1189 172 1187 172 1185 172 1183 172 1182 172 1174 174 1158 180 1150 174 1126 156 1124 156 1122 156 1047 156 1045 156 1025 192 1025 255 1023 283 1166 290 1168 290 1170 290 1178 287 1199 277 1310 277 1338 290 1348 294 1350 294 1352 294 1354 294 1356 294 1356 292 1360 290 1372 279 1480 279 1506 292 1508 294 1510 294 1512 294 1514 294 1516 294 1520 292 1546 281 1649 296 1671 298 1673 300 1831 300 1833 265 1833 184 1817 176"/></Shape>
	    <String CONTENT="De abstinence ⁊ de"
                    HPOS="1023"
                    VPOS="156"
                    WIDTH="810"
                    HEIGHT="144"
                    WC="0.9980806608994802"></String>
          </TextLine>
        </TextBlock>
        <TextBlock HPOS="431"
                   VPOS="1288"
                   WIDTH="257"
                   HEIGHT="121"
                   ID="eSc_textblock_fb0b37b8"
                   TAGREFS="BT13">
          <Shape><Polygon POINTS="433 1288 431 1409 688 1409 688 1288"/></Shape>
          <TextLine ID="eSc_line_c8323a12"
                    TAGREFS="LT8"
                    BASELINE="443 1369 677 1369" 
                    HPOS="442"
                    VPOS="1258"
                    WIDTH="232"
                    HEIGHT="152">
            <Shape><Polygon POINTS="442 1368 442 1404 591 1395 671 1410 674 1368 674 1264 442 1258 442 1368"/></Shape>
	    <String CONTENT="Ps̈.8.b"
                    HPOS="442"
                    VPOS="1258"
                    WIDTH="232"
                    HEIGHT="152"
                    WC="0.9993767738342285"></String>
          </TextLine>
        </TextBlock>
        <TextBlock HPOS="455"
                   VPOS="1609"
                   WIDTH="305"
                   HEIGHT="192"
                   ID="eSc_textblock_60f51ee7"
                   TAGREFS="BT13">
          <Shape><Polygon POINTS="460 1609 455 1801 760 1801 760 1637"/></Shape>
          <TextLine ID="eSc_line_f567e24a"
                    TAGREFS="LT8"
                    BASELINE="471 1686 752 1691" 
                    HPOS="466"
                    VPOS="1600"
                    WIDTH="285"
                    HEIGHT="136">
            <Shape><Polygon POINTS="469 1683 466 1728 469 1731 472 1731 472 1733 475 1733 478 1733 481 1733 570 1722 591 1722 745 1736 751 1689 751 1624 612 1600 609 1600 469 1615 469 1683"/></Shape>
	    <String CONTENT="2.Para."
                    HPOS="466"
                    VPOS="1600"
                    WIDTH="285"
                    HEIGHT="136"
                    WC="0.9999662722860064"></String>
          </TextLine>
          <TextLine ID="eSc_line_b5d2d83c"
                    TAGREFS="LT8"
                    BASELINE="481 1773 613 1775" 
                    HPOS="478"
                    VPOS="1710"
                    WIDTH="134"
                    HEIGHT="95">
            <Shape><Polygon POINTS="478 1772 478 1805 612 1805 612 1772 609 1710 478 1713 478 1772"/></Shape>
	    <String CONTENT="20.e"
                    HPOS="478"
                    VPOS="1710"
                    WIDTH="134"
                    HEIGHT="95"
                    WC="0.9968152642250061"></String>
          </TextLine>
        </TextBlock>
        <TextBlock HPOS="432"
                   VPOS="1955"
                   WIDTH="303"
                   HEIGHT="110"
                   ID="eSc_textblock_2a8eb3ac"
                   TAGREFS="BT13">
          <Shape><Polygon POINTS="432 1955 432 2065 735 2065 735 1955"/></Shape>
          <TextLine ID="eSc_line_e70ce487"
                    TAGREFS="LT8"
                    BASELINE="453 2022 726 2027" 
                    HPOS="448"
                    VPOS="1941"
                    WIDTH="276"
                    HEIGHT="119">
            <Shape><Polygon POINTS="451 2019 448 2048 463 2060 466 2060 469 2060 472 2060 721 2048 724 2024 721 1941 451 1941 451 2019"/></Shape>
	    <String CONTENT="mat.7.d"
                    HPOS="448"
                    VPOS="1941"
                    WIDTH="276"
                    HEIGHT="119"
                    WC="0.9638638666697911"></String>
          </TextLine>
        </TextBlock>
        <TextBlock HPOS="411"
                   VPOS="2204"
                   WIDTH="334"
                   HEIGHT="608"
                   ID="eSc_textblock_20ec81fb"
                   TAGREFS="BT13">
          <Shape><Polygon POINTS="429 2204 411 2803 738 2812 745 2417 726 2358 722 2222"/></Shape>
          <TextLine ID="eSc_line_a7b09d50"
                    TAGREFS="LT8"
                    BASELINE="453 2272 711 2277" 
                    HPOS="448"
                    VPOS="2185"
                    WIDTH="262"
                    HEIGHT="104">
            <Shape><Polygon POINTS="448 2286 704 2289 710 2274 707 2206 546 2214 454 2185 451 2271 448 2286"/></Shape>
	    <String CONTENT="Le con¬"
                    HPOS="448"
                    VPOS="2185"
                    WIDTH="262"
                    HEIGHT="104"
                    WC="0.9999310970306396"></String>
          </TextLine>
          <TextLine ID="eSc_line_83f7847d"
                    TAGREFS="LT8"
                    BASELINE="455 2353 710 2358" 
                    HPOS="451"
                    VPOS="2283"
                    WIDTH="256"
                    HEIGHT="104">
            <Shape><Polygon POINTS="454 2351 451 2369 701 2387 707 2357 704 2286 454 2283 454 2351"/></Shape>
	    <String CONTENT="tẽnemẽt"
                    HPOS="451"
                    VPOS="2283"
                    WIDTH="256"
                    HEIGHT="104"
                    WC="0.9979342818260193"></String>
          </TextLine>
          <TextLine ID="eSc_line_0c088563"
                    TAGREFS="LT8"
                    BASELINE="453 2434 733 2440" 
                    HPOS="448"
                    VPOS="2351"
                    WIDTH="282"
                    HEIGHT="110">
            <Shape><Polygon POINTS="567 2354 564 2354 561 2354 558 2354 543 2357 499 2369 454 2351 451 2351 451 2431 448 2455 724 2461 730 2437 730 2372 588 2372 576 2360 570 2354 567 2354"/></Shape>
	    <String CONTENT="de nostre"
                    HPOS="448"
                    VPOS="2351"
                    WIDTH="282"
                    HEIGHT="110"
                    WC="0.9976778030395508"></String>
          </TextLine>
          <TextLine ID="eSc_line_dccff4b7"
                    TAGREFS="LT8"
                    BASELINE="451 2519 736 2524" 
                    HPOS="445"
                    VPOS="2449"
                    WIDTH="288"
                    HEIGHT="101">
            <Shape><Polygon POINTS="448 2517 445 2535 727 2550 733 2523 730 2449 448 2455 448 2517"/></Shape>
	    <String CONTENT="corps: est"
                    HPOS="445"
                    VPOS="2449"
                    WIDTH="288"
                    HEIGHT="101"
                    WC="0.9997986495494843"></String>
          </TextLine>
          <TextLine ID="eSc_line_2a037512"
                    TAGREFS="LT8"
                    BASELINE="449 2602 730 2607" 
                    HPOS="445"
                    VPOS="2523"
                    WIDTH="282"
                    HEIGHT="119">
            <Shape><Polygon POINTS="448 2600 445 2621 588 2642 591 2642 724 2627 727 2606 724 2550 448 2523 448 2600"/></Shape>
	    <String CONTENT="une sou¬"
                    HPOS="445"
                    VPOS="2523"
                    WIDTH="282"
                    HEIGHT="119"
                    WC="0.9558096453547478"></String>
          </TextLine>
          <TextLine ID="eSc_line_03bbb90e"
                    TAGREFS="LT8"
                    BASELINE="443 2684 706 2689" 
                    HPOS="439"
                    VPOS="2627"
                    WIDTH="265"
                    HEIGHT="89">
            <Shape><Polygon POINTS="442 2681 439 2701 698 2716 704 2687 704 2630 442 2627 442 2681"/></Shape>
	    <String CONTENT="ueraine"
                    HPOS="439"
                    VPOS="2627"
                    WIDTH="265"
                    HEIGHT="89"
                    WC="0.999565235206059"></String>
          </TextLine>
          <TextLine ID="eSc_line_9c9c63ac"
                    TAGREFS="LT8"
                    BASELINE="433 2769 721 2774" 
                    HPOS="427"
                    VPOS="2698"
                    WIDTH="292"
                    HEIGHT="110">
            <Shape><Polygon POINTS="430 2767 427 2791 713 2808 719 2773 719 2704 430 2698 430 2767"/></Shape>
	    <String CONTENT="uictoire."
                    HPOS="427"
                    VPOS="2698"
                    WIDTH="292"
                    HEIGHT="110"
                    WC="0.9975409309069315"></String>
          </TextLine>
        </TextBlock>
        <TextBlock HPOS="1854"
                   VPOS="2991"
                   WIDTH="267"
                   HEIGHT="104"
                   ID="eSc_textblock_ba522436"
                   TAGREFS="BT17">
          <Shape><Polygon POINTS="1854 2991 1854 3095 2121 3095 2121 2991"/></Shape>
          <TextLine ID="eSc_line_506fcbee"
                    TAGREFS="LT8"
                    BASELINE="1871 3052 2102 3056" 
                    HPOS="1869"
                    VPOS="2979"
                    WIDTH="233"
                    HEIGHT="126">
            <Shape><Polygon POINTS="1871 3052 1869 3087 1908 3103 1910 3103 1912 3105 1975 3105 1975 3103 1977 3103 1979 3103 1991 3093 1997 3091 2098 3099 2102 3056 2098 2983 2069 2996 2011 2986 1962 2979 1960 2979 1871 2992 1871 3052"/></Shape>
	    <String CONTENT="hors ⁊"
                    HPOS="1869"
                    VPOS="2979"
                    WIDTH="233"
                    HEIGHT="126"
                    WC="0.9801644583543142"></String>
          </TextLine>
        </TextBlock>
      </PrintSpace>
    </Page>
  </Layout>
</alto>
