2267 3563
487 136 980 172 de dieu. Chap̃.xii.

174 300 1409 113 uiẽt/ ie vous prie? Les escriptures ne noꝰ sont

172 393 1392 111 pas dõnnees/ poͬ les auoir seulement es liures:

176 481 1382 106 mais affin q̃ nous les grauõs en nostre cueur.

190 562 1378 111 Parquoy telle possession de liures est/ et tient

186 647 1390 99 de lãmbition Iudaicque: ausquelz les cõmande

172 721 1405 116 mens ont este dõnez en lettres mais a noꝰ nest

172 809 1402 111 pas ainsi/ ausquelz sont donnez es tables du

166 892 1398 103 cueur de chair. Ie ne deffendz poĩt dauoir des

172 975 1386 111 liures/ mais ladmonneste/ ⁊ en prie tres instã¬

166 1054 1384 109 ment que nous les ayons * ainsi toutesfoys q̃

175 1134 1378 124 souuent nous resumons en nostre esprit/ ⁊ les

166 1217 1384 113 lettres ⁊ les sens/ tellemẽt que par ainsi nous

172 1300 1390 128 soyons nettoyez. Car le diable ou le peche ne

166 1392 1390 101 attouchera point lame familiere a leuangi¬

172 1472 1381 110 le par continuelles lectures? Sainctisie dõc

172 1564 1393 113 lame/ sainctifie le corps: et ce aduiendra si tu

170 1648 1419 113 as tousiours leuangile en ton cueur ⁊ en ta

182 1733 281 111 langue.

267 1805 1225 119 ¶ Le mesme Chrysosto. en son oeuure

372 1898 932 107 imparfaicte/ au .uii. Chapitre.

178 1971 1386 119 ¶ La grace est une certaine ayde de la foibles¬

172 2062 1390 111 se humaine. Mais laide est dõnee a ceulx qui

168 2151 1398 107 ne dorment pas/ ⁊ a ceulx qͥ se hastent ⁊ qui ne

172 2226 1402 122 peuuẽt auoir uictoire. * Car cõme en la batail

172 2307 1402 115 le/ tout hõme qͥ cõbat nest pas uictorieux: tou

169 2402 1393 98 tesfoys nul ne peult estre uictorieux sil ne ba

180 2480 1374 113 taille. Ainsi tous ceulx qui lisent ⁊ estudiẽt ne

180 2565 1382 111 acquierent point la science spirituelle: toutes¬

184 2650 1388 113 foys nul ne la peult acquerir/ sinon celuy qͥ

180 2733 1388 113 sera laborieux a la lecture/ ⁊ cõtinuel a ouyr.

172 2805 1387 128 Les infideles aussi/ ⁊ ceulx qui ne craignent

175 2894 1372 146 pas dieu treuuent la sciẽce en lisant ⁊ en estu¬

1646 175 157 145 213

1601 685 241 152 Hier̃.31.f

1574 1036 282 116 la parol

1568 1128 283 101 le doibt

1565 1217 303 101 estre rete

1574 1306 282 95 nue au

1565 1380 303 107 cueͬ ⁊ en

1574 1466 294 119 la lãgue

1601 1546 244 149 Ps̈.1.a

1598 2197 261 127 La louẽ

1595 2301 253 112 ge de le¬

1583 2393 172 110 stude.

1574 2791 253 142 Rom̃.8.

1571 2897 176 122 a.⁊.b.

1229 2996 323 117 diãt/ mais
