2267 3563
118 302 1410 141 Iors ⁊ eshieue les louenges des iustes. Et quil

118 393 1394 131 ne brusle pas en toute cupidite par ardeur de

144 475 1356 118 uaine gloire/ ou par presumption desperãce/

140 558 1368 126 a cause de largent. Duquel les choses tristes

136 647 1372 113 ne peuuent destourner le courage/ ⁊ que iniu¬

130 726 1380 131 re ne le empesche point que nulle suspicion ne

130 809 1380 127 le sollicite/ que nulle libidinosite ne le excite/

142 898 1370 121 que les passions du corps ne le uainquissent

148 973 1368 127 point/ que lappetit des uanitez ne le trauail¬

146 1055 1370 124 lent point a cause de ses uoluntez. Mainte¬

142 1144 1374 112 nant si tu luy adiouste les uertus/ a scauoir

136 1214 1379 142 chastete/ sobriete/ ⁊ attrempãce: quil seit puis¬

145 1312 1370 125 sant de facilemẽt refrener les immoderees im¬

144 1389 1382 135 petuositez des passions legieres: ⁊ quil mette

148 1472 1384 117 mesure en ses delectations/ ⁊ cupiditez. Quil

154 1559 1396 123 distingue par equite les choses doubteuses: et

164 1640 1406 125 quil mette a fin les doudtes qor tronquilite

174 1720 1400 126 de pensee. Et comme apres auoir faict cesser et

174 1803 1388 119 auoir accorde toutes les noises du corps at de

172 1884 1372 131 lespritꝰ/ comme ung uon artitre/ quil tienne la

164 1971 1376 127 concorde sans estre offensee de lhomme exte¬

162 2058 1384 123 riore ⁊ de linteriore/ tellemẽt quilz soiẽt tran¬

160 2134 1382 125 quilles lung auec lautre.? Et si la cause le re¬

175 2220 1367 125 quiert/ que nulle crainte comme mauuais cõ¬

184 2310 1369 112 seiller ne le faice destourner de la gloire daf¬

193 2387 1381 124 fliction. Cefcuy certainement serareceu du ue

196 2476 1381 115 re/ non seudemẽt cõme arcry/ mois aussi cõme

188 2551 1403 125 filz: affin quil obtienne les richesses de gloire

180 2652 609 115 ⁊ de son heritaige.

187 2710 1384 170 Eccle .9.B. ¶ Mieulx uault le

184 2838 1372 205 chien uif/ q̃ le lyon qui est mort:car

418 157 883 175 ieune. Chap̃.xb.

1536 166 222 142 254

1542 1196 237 146 2.Tim̃.

1542 1312 106 101 4.b

1565 2131 277 137 Que la

1562 2229 286 107 craĩte ne

1580 2330 282 101 noꝰ reti¬

1595 2402 270 95 re pas de

1605 2490 250 107 la mort.

1589 2731 256 128 Iob.14.b

1580 2829 250 152 Ps̈.30.c

1378 2967 180 93 ceulx
