2267 3563
1019 160 770 134 De abstinence ⁊ de

732 298 1390 137 ceulx qui uiuẽt scaiuẽt quilz mour¬

740 419 1388 133 ront/ ⁊ les mortz ne scaiuẽt riẽs qui

732 534 1394 135 soit/ ⁊ nont plus de loyer. Car leur

710 649 1406 128 memoire uiẽt a estre oubliee. Mais

704 758 1410 140 aussi lamour diceulx ⁊ la hayne di¬

724 878 1384 137 ceulx ⁊ leur zele est maintenãt ꝑdu/

730 993 1384 133 ⁊ nont plus de part au siecle/ en tout

720 1096 1214 145 ce qui se faict soubz le soleil ⁊c.

835 1215 1156 119 ¶ Hierosme au .uii. Tome sur Eccle¬

1047 1306 695 103 siastes au .ix. chapitre.

738 1379 1370 109 ¶ Pource q̃ parauãt il auoit dit/ que le cueur

730 1460 1366 113 des filz des hõmes estoit rẽply de malice et de

739 1540 1352 116 ꝓcacite: ⁊ q̃ apres toutes ces choses estoiẽt ter¬

739 1636 1346 106 minez par la mort: maintenãt parfaict le mes

726 1712 1380 115 me/ ⁊ resume: que tãdis q̃ les hõmes uiuẽt/ ilz

739 1799 1364 101 peuuẽt estre faictz iustes * mais apres la mort

739 1876 1361 116 nulle occasion de bõne oeuure nest dõnee. Car

727 1956 1370 125 le pecheur uiuãt peult estre meilleur q̃ le iuste

707 2042 1381 122 qͥ est mort/ sil ueult passer es uertus diceluy:

700 2127 1386 115 ou urayement peult estre meilleur q̃ celuy qͥ se

704 2211 1378 118 uãtoit en sa malice ⁊ en sa ꝓcacite ⁊ en sa puis

722 2292 1374 116 sance/ leq̃l est mort: ⁊ peult estre meilleur que

710 2377 1370 119 luy/ q̃lque pouure ou uil qͥl soit. Pourquoy?

712 2466 1380 103 pource q̃ ceulx qui uiuẽt par la crainte de la

708 2555 1382 99 mort peuuent faire bonnes oeuures: mais les

706 2636 1388 107 mortz ne peuuẽt riẽs adiouster a ce qͥlz ont une

706 2713 1382 105 fois emporte auec eulx de ceste uie: et toutes

706 2791 1374 120 choses sõt mises en oubly: selõ ce qͥl est escript

704 2886 1363 133 au pseaulme. * Ie suis mis en oubly cõe celuy

439 1546 282 107 eccłs.9.c

430 1638 291 116 psał.6.a

427 1787 292 98 Apres la

424 1882 295 98 mort ny

418 1947 292 128 a nul me

430 2036 134 113 rite.

421 2829 235 169 psał.30.

1857 2979 217 116 qui est
