2267 3563
130 326 1400 125 qui est mort du cueur.? Mais aussi lamoue

127 412 1388 107 diceulx/ la hayne ⁊ leur emulation/ ⁊ tout ce

133 498 1382 107 quilz ont peu auoir en ce siecle/ est fine par la

139 576 1376 121 uenue de la mort: ⁊ ne peuuent nullemẽt faire

133 653 1382 124 iustemẽt/ ne pecher/ ⁊ ne peuuẽt adiouster uer¬

124 745 1391 124 tus ne uices. Cõbien que aucuns cõtredient a

130 831 1388 119 cefte expositiõ: affirmãt aussi q̃ apres la mort

140 918 1384 113 nous pouuõs accroistre ⁊ descroistre: ⁊ en ce qͥl

150 1001 1376 107 dit maintenãt. Et ne aurõs plus de part en ce

148 1080 1380 117 siecle/ de tout ce qui est faict soubz le soleil: ilz

140 1163 1382 113 lentendẽt ainsi/ qͥlz dient q̃ en ce siecle ⁊ soubz

142 1252 1384 111 le soleil que nous regardons/ ne auront plus

142 1336 1386 108 de cõmunion: mais quilz en aurõt soubz lau¬

139 1407 1385 131 tre siecle/ duquel le sauueur dit.? Ie ne suis

150 1498 1392 115 point de ce siecle: et soubz le soleil de iustice: et

146 1581 1412 115 dient q̃ lopiniõ de laq̃lle il cõtend nest pas sor

154 1664 1420 119 close/ q̃ apres q̃ nous lerõs paIe de ce monde/

168 1749 1404 111 que nous ꝯourrõs offenser les creatures rai¬

168 1838 827 111 sonnables/ ⁊ les desseruir.

163 1900 1373 142 ¶ Mais nous que uiuõs/ nous cõgnoissons

151 1992 1385 127 le pere le filz ⁊ le sainct esprit: mais ceulx qui

157 2072 1390 125 sont mortz ne scaiuẽt riens: ⁊ si nattẽdẽt q̃lque

157 2173 1396 107 promesse ne loyer: mais leur memoire est par¬

163 2241 1399 116 faicte. Et nont plus apres de souuenãce de ce

169 2324 1399 113 qͥlz debuoiẽt scauoir: ⁊ ne doibt plus mainte¬

166 2408 1400 121 nãt le seigͬ auoir recordatiõ deulx. Car aussi

168 2505 1402 101 la dilectiõ par laq̃lle ilz aymoiẽt dieu autrese

188 2583 1395 113 fois/ est perie: ⁊ aussi la hayne de laquelle idz

178 2663 1408 113 parloiẽt hardimẽt.? Seigͬ ne ay ie point hay

172 2740 1417 128 ceulx qͥ te hoyoiẽt: ⁊ ne me amortissoy ie poĩt

178 2817 1396 134 sur tes ennemys?. Aussi leͬ zede selõ leq̃l Phi¬

175 2906 1393 140 nees fut zelateur/ ⁊ q̃ les genoulx de Matha¬

410 163 953 166 ieune. Chap̃.xu.

1530 391 315 122 Les uer¬

1530 492 312 92 tus ⁊ les

1530 558 303 118 uices fi¬

1530 656 294 95 nẽt auec

1530 721 276 125 la mort.

1595 187 169 118 255

1547 1401 277 125 Ioan.18.

1562 1885 268 119 La me s

1562 1983 268 107 moire ðs

1562 2063 280 116 mortz est

1571 2143 271 119 ꝑfaicte a

1586 2241 250 104 pres ceste

1580 2327 167 101 mort.

1613 2624 202 134 Ps̈.138.

1604 2728 244 113 Nu.25.b

1589 2817 267 104 mala.2.c

1592 2906 241 113 Ps̈.15.a

1589 2995 184 116 ⁊ .17.d

1227 2989 341 116 thias trem¬
