2267 3563
752 308 1382 119 thias tremblerent. Il est maniseste que aussi

758 401 1380 113 leur part nest pas au siecle. Car ilz ne peuuẽt

756 482 790 117 dire. Le seigñr est ma part.

869 589 1116 107 ¶ Ambroise au premier Thome/ du

1029 673 820 106 bien de la mort au .ii. chap̃.

724 756 1400 110 ¶ Finablement aussi se hastoit le sainct Da¬

726 841 1396 107 uid de sortir hors du lieu de ce pelerinaige/ di¬

746 926 1376 105 sant. Ie suis estrangier enuers toy en la ter¬

738 1009 1386 105 re/ ⁊ pelerin cõme tous mes peres. Et pourtãt

734 1090 1380 107 comme ung pelerin/ se hastoit dader a ce pays

713 1163 1390 113 commun de tous les sainctz: en demandant a

719 1261 1393 87 cause de la souillure de ceste retardation/ que

716 1340 1406 103 les uechez luy fussent pardonnez par auant

742 1410 1373 116 qͥl se departist de ceste uie.? Car celuy qui ne

751 1508 1352 107 aura pas receu icy la remission des pechez: il

746 1591 1350 99 ne laura pas en lautre. Et ne laura point: car

744 1670 1362 97 il ne pourra paruenir a la uie eternelle/ pour¬

734 1753 1384 103 ce que la uie eternelle est la remission des pe¬

730 1834 1384 107 chez. Et pourtãt dit il.4 Pardonne moy/ af¬

732 1922 1382 106 fin que ie soye refrigere/ auãt que ie men uoi¬

718 2007 1384 101 se/ et que ie ne soye plrs. Porrequoy donc de¬

714 2082 1384 111 sirõs nous si grandemẽt ceste uie/ en laquelle

710 2169 1386 103 dautant que aucun y aura este plus longue¬

716 2248 1374 121 ment/ dautant est il charge de plus grãd faix

720 2335 396 103 de pechez ⁊c.

714 2432 1388 147 Prouerbi.12.C. ¶ La tristesse au

710 2555 1388 135 cueur de lhõme le humiliera: et sera

708 2670 986 134 resiouy de bonne parolle.

867 2808 1059 115 ¶ Hierosme sur le .xii. chapitre des

995 2897 798 127 Prouerbes au .uii.Tome.

1021 174 770 136 De abstinence ⁊ de

433 934 226 125 Ps̈.33.

421 1172 283 116 3.reg.19a

421 1276 268 107 Phit.1.d

442 1434 288 109 Le peche

439 1526 300 110 nest poĩ¬

441 1611 281 109 pardõne

441 1694 281 107 apres la

439 1795 198 81 mort.

425 1929 264 121 Ps̈.38.c

421 2106 250 140 Iob.10.g

1740 2983 329 118 ¶ Pource
