2267 3563
1100 178 515 140 De oraison.

742 1644 327 339 S

750 314 1388 113 nullemẽt acõplir. Et apres (dit il) que tu mas

754 405 1390 105 mõstre/ celle penitence/ ou la cõgnoissance de

752 492 1392 105 toy/ ou apres q̃ ie tay congneu: iay frappe ma

738 570 1404 114 cuisse. Ce qͥ est la demõstratiõ de dueil ⁊ de ge¬

733 647 1412 122 missemẽt/ et de celuy qͥ pleure sur son anciẽne

722 734 1408 115 erreur: q̃ de sa main il frappe sa cuisse/ et qͥl se

730 821 1396 109 cõfesse par auãt auoir este fol. Iay este (dit il)

740 902 1394 109 cõfus ⁊ ay este hõteux du iour de cõfusiõ. Car

744 989 1396 111 ce nest pas le tẽps de nostre consusion/ si nous

746 1072 1390 103 auõs recordation des anciẽs pechez: ⁊ q̃ nous

728 1154 1396 114 reduisõs a me/  oire toutes les choses q̃ nous

720 1247 561 102 auons mal faict.

748 1392 1373 187 ¶ De oraisõ. Cha.xxi.

1253 1601 606 140 ¶ Psal.36.A.

1063 1716 1058 133 Oyes subiect au seigneur/

1063 1829 369 151 si le prie.

736 1951 1396 145 Psal.4/. B. ¶ Loraison faicte au

716 2076 1404 121 dieu de ma uie est enuers moy: ie di¬

732 2191 1249 128 ray a dieu/ tu es mon suscepteur.

738 2300 1388 126 Ecclt̃.18. C. ¶ Ne empeschez poĩt

734 2414 1390 131 de tousiours prier. Deuãt loraison:

738 2535 1386 137 prepare ton ame: et ne soys point cõ¬

732 2652 1061 121 me lhomme qui tente dieu.

730 2759 1372 140 Mat.6. A .B. ¶ Et qnant uous

724 2880 1366 144 priez: uous ne ferez point cõme les

1710 2988 372 141 Hypocrites/
