2267 3563
342 168 1087 158 De oraison. Chap̃.xui.

138 306 1402 173 hypocrites/ qui aymẽt de prier tout

142 439 1378 146 debout es sinagogues ⁊ es angletz

148 548 1376 150 des rues/ affin quilz soyent ueuz des

142 661 1390 150 hõmes. En uerite ie uous dis ilz ont

138 783 1396 147 receu leur salaire. Mais toy/ quant

146 902 1382 139 tu prieras/ entre en ta chambre: ⁊ en

150 1021 1382 140 ayant lhuys ferme prie ton pere en

146 1126 1394 144 secret: ⁊ ton pere qui uoit en secret: le

142 1241 1390 148 te rendra. Mais quant uous priez/

142 1361 1400 145 ne parlez point beaucoup/ cõme font

142 1466 1402 147 les infideles. Car ilz estimẽt quilz

148 1591 1422 144 soyent exaulcez par beaucoup de pa¬

162 1698 1419 146 rolles. Ne uueillez donc estre sembla

164 1807 1396 146 bles a eulx. Car uostre pere scait q̃l¬

162 1929 1386 145 se chose uous est besoing/ deuant que

152 2044 1394 149 uous le priez. Uoꝰ prierez donc ainsi.

158 2167 1384 146 Nostre pere qͥ es es cieulx: ton nom

164 2286 659 144 soit sainctifie ⁊c.

350 2401 954 112 ¶ Ambroise au liure de Cain ⁊

500 2482 707 103 Abel/ au .ix. Chapitre.

160 2553 1431 141 ¶ Ta chambre est le secret de ta pẽsee/ ⁊ le re¬

154 2627 1435 152 cueil inferiore de ton couraige. * Entre en ceste

154 2710 1423 146 chãbre: cestadire/ entre au plus parfond de ton

157 2799 1405 134 cueur/ ⁊ y entre totallemẽt en yssãt hors de la¬

160 2886 1390 163 lee exteriore de ton corps: ⁊ ferme ton huys.

1586 160 175 139 257

1622 2603 214 131 La ma¬

1589 2704 253 110 niere ⁊ la

1583 2799 259 107 uertu de

1574 2877 265 133 oraison.

1033 2979 529 116 Gg Que cest
