2267 3563
1130 152 491 146 De oraison.

739 270 1373 145 Que cest de ton huys/ aprens le. * Seigneur

732 380 1382 116 metz garde a ma bouche/ ⁊ metz lhuys denui¬

730 459 1392 117 ronnement a mes leures. Garde toy que tu ne

720 542 1404 125 te eslieue en oraison. Car loraisõ de celuy qͥ se

712 629 1408 119 humilie/ perce les cieulx. Garde toy/ q̃ impru

702 718 1410 111 dentemẽt tu ne proferes les misteres du recueil

704 793 1410 121 de la foy/ ou de loraison dominicale. Ne scais

714 880 1406 119 tu pas q̃ cest chose fort griefue de attraire pe¬

724 963 1390 115 che en oraison/ la ou tu espere auoir remede?

730 1043 1384 116 Ueritablemẽt le seigñr a enseigne par le pro¬

718 1122 1382 123 phete/ q̃ ce est une griefue malediction/ disant.

707 1217 1396 113 * Et que son oraison soit faicte en peche. Si ce

698 1302 1414 101 nest q̃ par auenture tu nestime pas estre grand

732 1373 1396 113 chole/ q̃ de soy deffier. Cest ueritablemẽt de la

734 1456 1380 121 puissance de dieu mal estimer/ que tu ne seras

748 1532 1358 121 poĩt ouy/ si tu ne crie. * Que tes oeuures criẽt/

742 1618 1358 121 q̃ ta foy crie/ q̃ laffection crie/ q̃ tes afflictions

748 1710 1373 107 crient/ q̃ ton sang crie cõme le sãg de Abel: du

748 1793 1361 119 quel le seigñr dist a Cain. * La uoix du sang

751 1870 1370 128 de ton frere crie uers moy. Celuy qͥ nettoye en

745 1950 1370 122 secret/ oyt aussi en secret. Noꝰ ne pouuõs ouyr

724 2045 1388 122 ꝑsonne sil ne parle: mais enuers dieu parlent

716 2128 1390 107 les pẽsees/ ⁊ nõ point les parolles. * Aussi la¬

732 2209 1378 114 postre enseigne de prier sans ire ⁊ dissention:

738 2292 1392 113 affin q̃ tõ oraisõ ne soit pas troublee ne entre¬

736 2375 1396 117 mellee: ⁊ enseigne qͥl fault prier en tout lieu/ la

745 2455 1382 122 ou le sauueur dit. Entre en ta chãbre. * Mais

748 2529 1385 134 entẽdz la chambre/ non celle qͥ est fermee de pa

748 2621 1382 116 roitz/ la ou tes mẽbres sont enfermez: mais la

745 2716 1370 110 chambre qui est en toy/ en laquelle sont enfer¬

742 2794 1374 117 mees tes pensees/ en laquelle conuersent tes

736 2880 1380 134 sens. Ceste chambre de ton oraison est partout

454 255 265 148 Ps̈.140.

421 1175 244 149 Ps̈.108.

445 1508 276 128 Que la

451 1615 244 98 oraison

457 1701 270 107 soit fai¬

445 1784 265 92 cte sans

439 1870 288 89 clameur

439 1953 288 92 de uoix.

433 2022 259 118 Geñ.4.

421 2119 280 104 1.tim̃.2.c.

454 2452 256 104 Quelle

445 2532 285 110 est la chã

436 2615 297 107 bre de o¬

427 2710 259 125 raison.

1813 2983 309 112 auec toy:
