2267 3563
374 130 1099 163 De oraison. Chap̃.xui.

164 298 1394 101 auec toy: ⁊ partout est elle secrette/ la ou il ny

166 376 1386 112 a nul arbitre sinon dieu seul. Tu es enseigne

169 460 1370 110 aussi principalement de prier pour le peuple:

172 544 1370 113 cest adire pour tout le corps/ ⁊ pour tous les

168 621 1376 121 mẽbres de ta mere: auquel est la noblesse de cõ

158 708 1390 115 mune charite. Car si tu prie pour toy: tu prie¬

156 793 1390 115 ras seulemẽt pour toy. Et si tous prient seu¬

164 882 1380 105 lement pour toy: la grace du pecheur est moin

170 963 1374 107 dre/ que celle du priãt. Mais pour ce que ung

158 1047 1392 110 chascun maintenant prie pour tous/ aussi

156 1130 1047 113 tous prient pour ung chascun ⁊c.

174 1211 1374 133 Iob.31.D. ¶ Qui me donnera

156 1324 1382 148 ung adiuteur/ que le tout puissãt oye

160 1452 439 127 mon desir?

247 1553 1184 115 ¶ Gregoire en ses Morales/ au .xxii.

425 1644 824 103 liure/ au .xuiii. Chapitre.

184 1716 1390 116 ¶ Il fault aussi noter/ que nullement nest icy

172 1807 1374 105 dit/ prierez: mais q̃ le tout puissamt ouye mon

166 1894 1370 105 desir. * Donc la uraye req̃ste nest pas es uoix

160 1973 1374 107 de la bouche: mais est es pensees du cueͬ. Car

154 2056 1374 111 aussi noz parolles ne sõt point les fortes uoix

152 2141 1388 105 enuers les tresfortes ouyes de dieu/ mais ce

164 2218 1376 115 sont les desirs/ dequoy dit le seigñr en leuãgi

164 2306 1392 110 le. * Entre en ta chãbre. Celuy faict sa reque¬

162 2387 1394 111 ste en sa chãbre a lhuys ferme/ qͥ la ou la bou¬

158 2472 1382 111 che se taist/ respand laffection de sa pensee en

164 2559 1118 95 la presence de la bonte supernelle ⁊c.

443 2640 843 99 ¶ Augustin au liure de prier

591 2727 531 105 dieu ad Probam.

164 2796 1390 119 ¶ Ia naduiẽne quen oraisõ y ait beaucoup de

160 2889 1390 119 parolles: mais q̃ grosse precation de cueur ne

1593 150 159 133 258

1562 430 292 146 Iaco.5.d

1552 1848 279 115 La uraie

1560 1941 237 105 oraison

1556 2030 265 95 est es pẽ¬

1574 2116 229 98 sees du

1568 2197 209 79 cueur.

1576 2280 215 97 mat.6.

954 2969 586 122 Gg .ii. y deffaille/
