2267 3563
1170 166 514 136 De oraison.

742 304 1386 119 y deffaille/ si lintention perseuere en ferueur.

738 393 1394 113 Car beaucoup parler/ est en priãt faire la cho

757 472 1373 112 se necessaire/ par parolles suꝑflues. Mais fai

732 568 1400 106 re grosse deprecation/ cest frapper ⁊ hurter a

720 645 1412 111 dieu leq̃l nous prions par continuelle ⁊ fidele

716 736 1405 98 excitation de cueur. Et le plꝰ souuẽt cest affai

718 815 1402 109 re se faict plus par gemissemẽs q̃ par parolles

732 898 1392 105 plus par pleur/ q̃ par ditz. Et met noz larmes

736 981 1398 109 en sa p̃sence: ⁊ nostre gemissemẽt nest pas mu¬

736 1060 1396 111 ce de luy/ lequel a toutes choses saict par sa

722 1146 1402 108 parolle/ ⁊ ne demande point les parolles hu¬

716 1226 1405 113 maines. * Certainemẽt aussi cõme aucuns esti

727 1303 1406 116 mẽt/ ce nes pas prier/ quãt par plusieͬs parol

751 1383 1382 125 les on prie lõguemẽt. On dit que les freres en

754 1478 1373 101 Egipte font souuẽt oraison: mais toutesfoys

754 1555 1367 113 sont tres briefues/ ⁊ aucunemẽt iettees hastiue

744 1644 1380 107 mẽt: affin que celle qui est iettee par le cueͬ en¬

744 1724 1394 116 tentif/ qui est fort necessaire a celuy qͥ prie/ elle

746 1815 1390 112 ne se esuanuye par trop lõgue demeure/ ⁊ que

744 1894 806 99 lintention ne soit hebetee.

916 1977 953 107 ¶ Bernard sur les Cantiques/

1118 2060 562 95 au .lxuii. sermon.

724 2141 1396 107 ¶ Les affections ont leur uoix: par lesquelles

734 2228 1386 105 se manifestent aussi quãt elles ne ueullẽt pas

736 2313 1392 107 cõme (poͬ exẽple:) la crainte a des uoix crain

736 2397 1392 99 tiues: douleur/ des lamẽtables: ⁊ amour/ des

736 2478 1386 101 ioyeuses. Nest il pas uray ou q̃ lusaige cree/

738 2563 1388 103 ou q̃ la raison excite/ ou q̃ la deliberation or¬

740 2642 1382 105 dõne/ ou q̃ la p̃meditation forme les plaintes

738 2723 1374 111 des doullãs/ ou les gemissemẽs des plourãs/

740 2808 1372 111 ou les subites ⁊ cruelles exclamatiõs de ceulx

732 2891 1378 129 qͥ sõt batus ou espouuãtez/ ou aussi les rotte¬

457 457 279 124 Luc.18.a

457 730 244 107 1.reg.1.b

439 1196 238 134 Oraisõ

430 1315 277 104 nest pas

442 1392 288 101 en beau¬

451 1469 259 104 coup de

460 1561 220 113 ꝑolles.

1783 2986 335 127 mens des
