2267 3563
974 164 845 140 Lutilite de la parolle

724 302 1384 123 diant/ mais non pas celle qui est de dieu/ laq̃lle

724 393 1398 115 est dõnee par lesprit/ mais celle qui est de la na

718 484 1396 109 ture charnelle/ laquelle est acquise par lexerci

708 566 1404 110 ce de la chair/ que aussi les estudiãs gẽtilz ont

696 647 1410 117 eue. Et ya grande difference entre ces sciences

704 724 1405 125 icy. * Car celuy qui nest pas cõtinuel en orai¬

721 804 1385 122 son ne en bõnes oeuures: mais est seullement

733 887 1376 122 faict saige par la seulle lecture des escriptu¬

733 970 1376 128 res: quãt cestuy presche aux autres/ luy mes¬

730 1062 1378 117 me ne sent pas en soy ce quil annõce. Sil par¬

720 1142 1378 120 le de lire de dieu: il est uerite que par aduẽture

704 1233 1406 107 il peult espouẽter les autres/ mais par aduẽ¬

698 1316 1414 113 ture aussi ne craĩt il pas luy mesme. Sil par¬

718 1395 1398 115 le de la misericorde/ par aduẽture cõsole il les

732 1474 1368 121 autres/ la ou luy mesme nest pas ioyeulx.

732 1559 1368 115 Sil enseigne aucunesfoys les autres: sa con¬

732 1642 1370 107 science luy rit par dedens de ses parolles. Car

745 1731 1370 100 la science qui est acquise par seulles lectures/

726 1809 1392 103 elle procede de la bouche. Mais celle qͥ est du

736 1892 1378 111 sainct esprit: icelle est ꝓferee du cueur. Et pour

718 1975 1398 113 tant est ce q̃ la science spirituelle nest pas seul¬

706 2062 1402 109 lement dicte mais aussi est sentue: elle nest pas

706 2143 1396 119 seullement leute es escriptures/ mais aussi est

730 2228 693 105 suggeree du cueur/ ⁊c.

823 2333 1234 115 ¶ Le mesme Chrysostome/ au mesme li¬

894 2422 1062 113 ure au .xxi. chap̃. Sur ce passaige.

724 2505 1384 143 Matt.21.C. ¶ Lequel des deux

724 2618 1154 139 a faict la uolunte du pere? ⁊c.

728 2733 1378 115 ¶ Lhõme seculier apres le peche facilement re

724 2820 1376 109 tourne a penitence: car iceluy estant occupe en

710 2903 1398 127 la negligence seculiere/ la ou suffisamment il

445 647 241 181 La diffe

427 816 238 95 rẽce des

418 881 256 116 doctri¬

418 994 158 86 nes.

442 1689 279 145 1.cor.8.a

1645 3000 471 107 nentend point
