3480 4560
2281 385 319 88 Fueil. .ciii.

955 374 912 94 contenues en la saincte Bible.

209 467 814 76 que leuangile de Christ/ sont a reiecter. ii.

197 516 822 103 Iehan.i.c/ dõt la malice est. ii.Pier.ii.a b c

494 577 218 71 ¶ Prier.

276 625 753 89 Christ prie pour nous. Iehan.xui.f

205 684 810 91 xuii.b Ebri.uii.d ix.f: car il scait quil est

210 762 720 63 exaulce enuers son pere. Iehan.xi.e

251 798 775 98 Nous ne scauons quelle chose nous de¬

205 858 814 95 uons prier: mais lesperit ayde nostre infir¬

207 927 393 83 mite. Roma.uiii.e

254 972 765 95 Celuy qui ueult prier/ doibt pardonner.

215 1051 269 73 Marc.xi.c

251 1086 764 84 Il fault prier de uoix/ et de pensee. i.Co

201 1143 822 92 rinth.xiiii.c/ ⁊ auec grande fiance. Psalme

205 1200 825 88 xxu: car si deux ou troys sont assẽblez au

220 1265 810 84 nom de Christ/ ilz obtiendrõt tout ce quilz

205 1322 821 80 demanderont. Iacq.i.a Matth.xuiii.c:

207 1388 827 68 uoire silz prient en foy/ et recongnoissent

207 1438 599 82 leur peche. i.Roys.uiii.d e f

468 1499 269 76 ¶ Princes.

258 1539 757 98 Les princes sont ministres de Dieu.

220 1596 799 98 Roma.xiii.a b/ qui doiuent estre sages/ dis¬

207 1677 827 68 cretz ⁊ expers. Deute.i.b/ ausquelz Ieheze

212 1717 807 99 kiel faict exhortatiõ. Iehezek.xxii.f xlu.

216 1778 795 91 c: Item zopho.iii.a: Item Amos.ui.a: Itẽ

207 1851 375 69 Micheah.iii.a c

258 1877 761 106 Aux mauuais princes/ sõt mauuais mi

210 1965 697 74 nistres. Prouer.xxix.b Eccli.x.a

258 1998 768 95 Christ est le prince des pasteurs. i.Pier

205 2067 814 87 re.u.b/ ⁊ le chef de toute principaulte. Co¬

220 2128 183 81 loss.ii.b

262 2139 757 122 Le prince de ce mode/ cest le diable/ qui

212 2252 824 68 est uaincu ⁊ surmõte par Christ. Ieh.xii.e

212 2310 239 66 Ephes.ii.a

471 2363 296 66 ¶ Prochain.

258 2397 757 88 Quicõque a necessite ⁊ affaire de nous/

212 2462 814 84 est nostre prochain/ a qui nous deuons sub¬

210 2530 829 69 uenir/ comme Christ nous enseigne par

210 2586 829 71 la parabole du Samaritain. Luc.x.e/ ayãt

210 2649 826 69 soing et cure de luy. Eccli.xuii.b/ sans le

212 2700 824 71 diffamer. Ecclesiastiq.xix.b/ ne cõtemner

212 2747 1674 87 Malach.ii.b/ ne iuger. Iacq.iiii.b: mais

216 2808 810 87 luy complaire a son edification. Roma.xu.

201 2853 829 92 a/ et laymer comme soymesme. Leui.xix.c

209 2926 810 91 Matt.xxii.d: car en ce faisant la loy est ac¬

217 2991 444 79 complie. Roma.xiii.c

468 3047 310 76 ¶ Prophetie.

254 3089 761 91 Prophetie/ cest don de Dieu/ baille par

201 3146 822 80 le sainct esperit: non point par aucune uo¬

201 3203 825 87 lunte humaine. Roma.xii.b i.Corin.xii.

201 3264 814 87 b. ii.Pier.i.b: lequel esperit porte tesmoin

193 3325 826 87 gnage de Christ. Apoca.xix.c/ ce qui est au

190 3385 825 80 cunesfoys donne aux meschantz. Matth.

201 3435 825 83 uii.d: Exemple de Saul. i.Samuel.xuiii:

201 3499 810 88 Item de Caiphe. Matth.xi.g: pour ceulx

202 3561 781 66 qui ne ueullent croire. i.Roys.xxii.c d

254 3610 753 83 Il y a deux signes de uraye prophetie/

201 3655 810 95 lung si ce que le prophete a predit/ aduient.

197 3712 810 95 Deuter.xuiii. lautre si point ne retire le

197 3777 818 80 peuple de la uraye adoration/ qui est seruir

197 3845 829 76 en esperit et uerite a ung seul Dieu. Deu¬

197 3887 822 87 te.xiii. Telz prophetes ne peuuẽt parler/

197 3952 814 140 fors ce que Dieu a mis en leur bouche. i.

1061 475 798 64 Roys.xxii.c: et ne sont point sans auctori¬

1057 509 802 95 te. Micheah.iii.c/ mesme enuers les roys.

1051 582 261 69 ii.Roys.u.c

1100 638 780 68 Prophetizer/ poͬ enseigner en explicant

1045 680 814 95 les mysteres de la saincte escriture. i.Cor

1068 741 350 91 xi.a xii.d xiiii.f

1095 798 776 87 Paul met differẽce entre prophete ⁊ do¬

1049 858 822 80 cteur: car Prophete/ cest celuy qui enseigne

1057 915 810 84 ce que Dieu luy reuele par sõ esperit/ a ledi

1045 969 826 83 fication de leglise. Ephes.iiii: mais le Do¬

1049 1026 810 87 cteur/ cest celuy qui enseigne la seulle parol

1064 1083 807 87 le de Dieu/ ayãt este premieremẽt instruict

1057 1140 814 87 par les hommes ce quil ne peult faire tou¬

1057 1200 802 88 tesfoys sans le don de Dieu: car cest ung

1064 1265 788 87 mesme esperit qui oeuure tout/ en tous. i.

1057 1318 281 80 Corin.xii.d

1095 1368 776 91 Iadis les Prophetes estoient appellez

1053 1421 818 95 Uoyãs. i.Samuel.ix.b: par lesquelz Dieu

1061 1485 806 95 souloit respondre a ceulx qui alloient au

1057 1546 806 88 conseil a eulx. i.Samuel.xxuiii.a/ et les

1049 1603 784 76 retirer de leur idolatrie. ii.Roys.xuii.b

1110 1656 757 84 Quatre cens faulx prophetes conseil¬

1057 1717 806 88 lent au Roy Ahab/ de faire guerre contre

1045 1767 830 95 Ramoth Golaad: mais ung seul Mi¬

1057 1827 810 88 cheah prophete du Seigneur conseille le

1057 1900 814 76 contraire. i.roys.xxii.a: On ne doibt poĩt

1068 1941 799 149 donc contemner les propheties. i.Thess.

1045 2002 826 88 u.d: aincois prier de auoir ung tel dõ. i.Co

1053 2063 319 87 rinth.xiiii.a

1114 2071 753 136 Contre les prophetesses menteresses.

1068 2173 343 91 Iehezekiel.xiii.c

1106 2234 753 80 Ieremiah se cõplainct des faulx Pro¬

1061 2300 819 68 phetes. Ieremi.xiiii.b: desquelz on se doibt

1059 2358 821 68 donner garde. Matth.uii.b: car leur doctri

1057 2401 806 88 ne/ et celle des prebstres est pleine de men¬

1061 2462 806 84 songe/ et de auarice. Ieremi.uiii. pourtant

1053 2519 814 91 quilz ne preschent que pour la queste. i.

1061 2584 264 81 Roys.xiii.b

1312 2642 325 71 ¶ Prouidence.

1106 2682 769 95 La prouidence de Dieu enuers ses ser¬

1057 2736 810 102 uiteurs. Psal.cxlu.b Prouer.xu.a.xix.c

1064 2804 795 87 Malach.iii.d: Il ne fault point donc nyer

1057 2861 806 91 la prouidence de Dieu. Ecclesiastes.u.b:

1053 2922 791 87 car Isaiah reprent ceulx qui la nyẽt. xl.g

1110 2975 749 87 Par la prouidence de Dieu/ tout nous

1049 3040 829 73 aduient. Eccłes.xi.b: Exẽple aux Samari

1064 3093 803 83 tains/ qui nont uoulu croire aux ladres qui

1064 3154 792 79 annonceoient la grande famine aduenir

1053 3207 810 87 par la prouidẽce de Dieu. ii.Roys.uii.b c:

1064 3264 799 80 Item par la prouidence de Dieu Abime¬

1064 3328 799 80 lech ne coucha point auec Sarah. Genese

1053 3374 814 91 xx.b: Item par la prouidence de Dieu/ rien

1057 3435 814 83 ne deffault au peuple Disrael. Deute.ii.b:

1057 3496 814 83 Item par la prouidence de Dieu/ Isai en¬

1057 3545 802 95 uoya Dauid en lost de Saul. i.Sam.xuii.

1064 3602 795 95 b. Dautres exemples de prouidence/ uoyez

1053 3674 806 84 i.Samuel.xix.c xxui.b xxix.b xxx.c:

1049 3727 810 80 Item. ii.Samuel.xxuii.g. Item. i.Roys

1049 3781 780 87 xiii.e xuii.a: Item. ii.Roys.u.a uiii.a

1102 3838 761 83 Il nest rien qui cõsole plus le fidele/ que

1045 3895 822 182 considerer que rien ne luy aduient sans la

1053 3959 806 137 prouidence de Dieu/ uoire iusque a tomber

1901 467 814 76 ung cheueu de sa teste. Maith.x.d/ et qui

1901 509 806 102 na point foy a la prouidẽce de Dieu/ il nest

1900 577 654 79 pas digne de uiure. Psalme.ciiii.

2156 638 274 76 ¶ Prudence.

1944 699 778 73 Prudẽce est aucunesfoys prinse en lescri

1900 752 819 73 ture pour une finesse/ par laquelle lhomme

1913 805 802 88 charnel se gouuerne cautement en ses af¬

1913 862 802 88 faires. Luc.xui/ que sainct Paul appelle

1897 915 810 92 prudence charnelle qui est mort enuers

1913 972 806 84 Dieu. Roma.uiii.a. Baruch.iii.c/ par la¬

1913 1037 791 80 quelle on ne se doibt gouuerner. Prouerb.

1905 1086 806 92 iii.a: dõt aussi estoit plein Ionadab. ii.Sa¬

1897 1147 822 91 muel.xiii.a: Item prudence est mise pour

1909 1204 810 91 ung aduisement/ par lequel chascun se don

1913 1265 806 84 ne garde de oultrepasser ce a quoy il est ap¬

1903 1332 819 68 pelle: affin quil puisse seruir a la gloire de

1913 1379 802 87 Dieu/ ⁊ au proffit du prochain: et a ce faire

1913 1436 806 91 Christ nous admõneste. Matth.x.b: Itẽ

1909 1497 513 83 s. Pierre. i.Pierre.iiii.b

1956 1560 771 74 Prudence ⁊ sapience/ ordinairemẽt sont

1906 1616 818 78 ioinctz en lescriture/ dont sapience faict en

1901 1664 818 99 tendre les choses qui sont de Dieu. i.Co¬

1916 1725 799 91 rinth.i. ⁊. ii. ⁊ prudẽce perseuerer en icelles.

1920 1786 799 91 Ephes.i. Prouerb.xiiii.d: a quoy nous som

1916 1846 803 80 mes exhortez. Prouer.i.a iii.b uii.a ix.a

1898 1905 829 81 xui.b: Exemple de Dauid. i.Samuel

1913 1953 209 83 xuiii.b c

1966 2019 766 73 Par psalmes/ hymnes/ et cantiques il

1913 2079 814 79 fault chãter a Dieu/ auec action de graces/

1901 2120 822 95 en esperit et en pensee. Iuges.u.a i.Corin.

1911 2193 816 76 xiiii.c Ephes.u.d Coloss.iii.c Psalme

1905 2238 563 87 uiii.d x.a Iehudith.xui.a

2164 2307 307 69 ¶ Publicains.

1949 2350 780 87 Publicains/ ou fermiers sont ceulx qui

1900 2421 829 71 gouuernent les thresors publiques/ princi¬

1900 2477 827 76 palement les tailles/ lesquelz estoiẽt iadis

1901 2523 814 91 de grande recõmandation enuers les Ro¬

1906 2594 818 71 mains: mais odieux aux Pharisiẽs/ pour¬

1900 2649 822 76 ce quilz recueilloient tributz sus les Iuifz

1909 2698 806 91 au nom de Lẽpereur de Rõme: ⁊ pource ilz

1895 2766 827 71 reprochoient aux apostres que Christ mã

1893 2822 831 76 geoit auec les publicains. Luc.u.f/ et quil

1900 2877 505 69 estoit leur amy. Luc.uii.e

1966 2933 753 86 Des publicains/ ou fermiers/ uoyez

1916 2967 643 107 Matth.xuiii.b xxi.c Luc.iii.c

2139 3055 301 71 ¶ Purgatoire.

1956 3105 763 81 Ce mot: Purgatoire/ nest point en la

1905 3146 810 99 Bible: mais la purgation et remission de

1909 3214 806 92 noz pechez/ nous est faicte par labondante

1905 3268 799 95 misericorde de Dieu. Luc.i.g Marc.ii.a/

1916 3332 788 95 par ung seul Christ. Matth.i. et leffusion

1909 3378 795 110 de son sang. Matth.xxui.c Marc.xiiii.c

1897 3442 799 95 Luc.xxii.b Actes.xiii.g Ephe.i.b Ebri.

1901 3484 803 110 i.a ix.d i.Pierre.iii.c i.Iehan.i.c ii.b.

1901 3560 803 88 Apoca.i.b: car il est la propiciation de tous

1913 3617 794 91 les pechez de tout le monde. i.Iehan.ii.a

1905 3663 795 102 iiii.c: ⁊ sest manifeste uestant nostre chair/

1897 3727 807 95 aussi mourant en portãt noz pechez en son

1897 3784 803 99 corps pour les abolir. i.Iehan.iii.a Rom̃.

1897 3838 810 231 iiii.d i.Pierre.ii. affin de nous purger des

1901 3902 795 91 pechez (ausquelz ce mõde estoit oblige. Ga

1916 3963 780 103 la.i.a i.Timoth.i.d) croyans en celuy qui

2425 4030 147 86 ss .iii.
