3480 4560
1517 334 958 122 Indice des principales matieres

760 1060 168 266 R

718 418 822 95 est laigneau. Iehan.i.d/ une foys offert par

718 478 826 80 une seulle oblation/ si que nulle aultre ne

726 543 821 84 reste par cy apres pour nous purger de noz

734 596 813 80 pechez. Ebri.ix.g x.c. Celuy dõc qͥ ueult

730 646 821 87 purger les pechez par feu/ ou par autre cho

730 714 821 87 se que par la passion de Christ/ renye ladi¬

737 763 818 92 cte passion/ cõme appert par les lieux preal

737 820 814 92 leguez: ⁊ sera griefuemẽt puny/ par ce quil

742 894 804 76 a mesprise une si grande grace. Ebri.x.e

1082 942 61 76 R

993 1000 233 79 ¶ Rabbi.

931 1056 616 84 Abbi en Ebrieu/ signifie mon

930 1119 633 69 maistre. Ieh.i.e/ ce quon ne doibt

935 1175 628 84 desirer destre appelle. Matthieu

937 1233 188 81 xxiii.a

998 1292 249 68 ¶ Raison.

798 1337 753 84 On ne se doibt point fier au iugement

735 1408 821 81 de sa propre raison. Deute.xii.a Prouerb.

735 1464 385 78 iii.a xii.c xiiii.b

787 1512 772 84 Raison doibt estre rendue a tous ceulx

735 1573 823 88 qui la demandent de nostre esperance que

735 1644 717 73 nous auons en Christ. i.Pier.iii.c

790 1694 771 79 Raison sera rendue par ung chascun de

730 1748 829 91 nous deuãt le siege iudicial de Christ. Ro¬

745 1818 311 76 mains.xiiii.b

993 1874 350 66 ¶ Redemption.

785 1912 773 86 La redẽption qui debuoit estre faicte par

730 1976 829 91 le sang de Christ estoit ordõnee deuant la

737 2046 634 71 cõstitution du monde. i.Pier.i.d

783 2082 764 99 De nostre redemption/ uoyez Ephes.i.b

745 2163 296 76 Ebrieux.ix.c

778 2216 780 69 Christ est redempteur de tous. i.Corĩ.

735 2274 823 66 i.d i.Timot.ii.d: lequel a mis sa uie pour

734 2318 825 91 la redemption de plusieurs. Matth.xx.d

734 2378 817 76 Marc.x.c/ qui estoit monstre en la deliurã¬

737 2449 821 71 ce des enfans Disrael. Exo.xu.c Deute.

735 2502 466 69 ix.d ii.Samuel.uii.d

1013 2558 241 69 ̃¶ Refuge.

795 2604 773 86 Dieu est nostre refuge. ii.Samu.xxii.

742 2672 826 69 a Psalme.x.b xlui.a xciiii.d cxliiii.a

750 2736 309 76 Ieremi.xui.d

802 2781 749 95 Les citez de refuge. Iehos.xx.g xxix.

747 2852 778 63 a Nomb.xxxu.a Deute.iiii.a xix.a

1036 2898 233 78 ¶ Reffus.

806 2943 767 89 Lhõme peult refuser ou reiecter sa fem¬

745 3009 818 88 me pour cause de fornication. Matth.u.e

749 3070 806 99 xix.a Marc.x.a: Uoyez Deuter.xxiiii.a

1041 3141 228 61 ¶ Reigle.

802 3184 753 80 En une mesme reigle nous deuõs per¬

755 3245 824 78 seuerer/ sentãs/ ⁊ tendans/ et croyans une

756 3306 810 83 mesme chose: ascauoir/ que par nulle oeu¬

753 3351 817 84 ure externe/ ne pouõs auoir le salut eternel

753 3412 813 80 qui nous est promis. Philip.iii.d: Ceste est

756 3473 814 80 la reigle de Christ/ ⁊ qui suyura la paix de

756 3526 814 87 Dieu sera sus luy. Gala.ui.d ii.Cor.x.d

806 3592 775 73 Reigle/ poͬ aulne/ uerge/ ou perche doibt

755 3642 484 84 estre iuste. Leuiti.xix.g

1013 3701 269 73 ¶ Religion.

813 3746 753 95 Religion/ pour obseruãce (non point de

752 3822 829 76 moynnerie) mais de choses ordonnees de

752 3868 821 99 Dieu. Exode.xii.d Leuitiq.uii.d xui.g

752 3934 342 119 Nombres.xix.a

1593 418 787 79 Religion/ pour secte des Pharisiẽs/ qui

1574 475 799 87 estoiẽt orgueilleux hypocrites/ ⁊ pleins de

1574 532 795 87 ceremonies/ de laquelle fut premierement

1589 592 521 88 sainct Paul. Actes.xxui.b

1650 642 734 91 Cornille estant Capitaine de la bẽde

1585 706 780 88 Italienne est dit homme religieux/ ⁊ si na

1593 763 784 88 uoit point de uoeuz monastiques. Act.x.a

1616 817 764 87 La uraye religion chrestienne ne cõsiste

1578 877 818 88 point en diuersite dhabitz/ ou de uoeuz:

1578 934 802 80 mais a uisiter les orphelins/ ⁊ les uefues

1578 991 806 88 en leurs tribulatiõs/ et se garder pur de la

1582 1052 677 91 meschancete de ce monde. Iacq.i.d

1824 1109 330 79 ¶ Remission.

1616 1155 772 91 La remission des pechez par ung seul

1585 1219 803 92 Christ. Act.ii.f Coloss.i.c/ qui a este pres¬

1585 1280 795 84 chee par les apostres/ comme auoit predict

1589 1337 407 91 Dauid. Psalme.xix.

1832 1400 238 76 ¶ Repos.

1632 1449 755 86 Nul repos a ceulx qui nobeissent aux

1585 1504 769 92 cõmandemẽs de Dieu. Deute.xxuiii.g

1620 1565 764 84 Repos est promis a ceulx qui portent le

1573 1634 576 70 ioug de Christ. Matth.xi.d

1629 1692 773 71 Nous entrerons au repos de Dieu/ si

1574 1736 822 88 nous croyons. Ebrie.iiii.a Apocaly.iiii.c:

1578 1797 814 91 car apres tribulation Dieu donne repos.

1571 1864 299 79 ii.Thessa.i.c

1629 1917 766 74 Reposer/ pour habiter en paix sans tu¬

1578 1968 414 84 multe. Psalme.xu.

1627 2029 772 72 Reposer/ ou dormir/ pour la mort natu¬

1582 2082 806 87 relle. ii.des Roys.iiii. Psal.iiii. i.Cor.xu.

1581 2148 542 73 i.Thessalo.iiii. Actes.uii.

1829 2206 333 71 ¶ Republique.

1635 2257 768 83 La Republique florit/ prospere/ et se por

1589 2314 791 87 tẽt bien/ lors que les iustes regnẽt. Prouer.

1593 2375 384 87 xxuiii.b xxix.a b

1631 2424 772 84 La Republique est gardee par bon con¬

1585 2489 803 91 seil ⁊ non par tyrannie/ force/ ⁊ cõtreincte.

1581 2553 312 76 Prouerb.xi.b

1837 2594 355 83 ¶ Resurrection.

1634 2649 768 87 Nous deuons croire la resurrection de

1585 2705 818 95 Christ/ comme luy mesme la reuelee. Luc

1582 2766 821 80 xxiiii.a Roma.x.b Iehã.xx.c Matth.

1593 2823 810 95 xxuiii.a: ⁊ Dauid la predicte. Psal.xui.

1591 2890 383 74 xlix. Actes.ii.d e

1647 2943 760 79 La uertu et efficace de la resurrectiõ de

1589 2998 799 87 Christ. Hoseah.ui.a i.Corin.xu.c Ro¬

1593 3055 806 83 mains.iiii.d ui.a i.Pierre.i.a: laquelle a

1589 3119 810 88 este tesmoingnee par signes et miracles.

1585 3176 324 88 Actes.iiii.g

1639 3184 764 129 La uolũte du pere est de resusciter ceulx

1593 3290 810 88 qui croyent en luy. Iehã.ui.d: ce que a con¬

1604 3351 799 88 gneu Iob.xiiii.b: Itẽ/ Daniel.xii.a: Item/

1612 3397 795 95 Iehudah le Machabeen qͥ feit faire offran

1601 3461 802 92 de/ iustement ⁊ sainctement/ pensant de la

1616 3522 551 88 resurrection. Machab.xii.g

1647 3572 771 83 Quelle/ cõment/ et quãd elle doibt estre/

1601 3632 802 88 uoyez. i.Corinth.xu.b Philipp.iii.d i.

1597 3693 814 91 Thessalo.iiii.d: ⁊ comment les fideles la

1612 3750 456 91 desirent. ii.Corin.u.a

1855 3815 345 71 ¶ Retribution.

1650 3868 773 73 Dieu retribue a ung chascun selon sa

1597 3925 814 106 iustice et foy. i.Samuel.xxui.d ii.Sa¬

2411 429 270 68 muel.xxii.b

2468 467 741 137 Retribuer pour donner/ ou faire. Psal¬

2407 524 202 91 me.cxix.

2653 585 279 96 ¶ Richesses.

2472 638 753 103 Dieu est riche. Rom̃.x.c/ qui enrichit ⁊

2418 706 529 88 appaourit. i.Samuel.ii.b

2448 770 776 73 Dieu a esleu les paoures en ce monde/

2411 820 551 80 riches en foy. Iacques.ii.a

2458 879 771 88 Les fideles faictz riches par Iesus

2415 923 749 99 Christ. i.Corin.i.a ii.Corin.uiii.b

2422 991 806 84 Des richesses/ uoyez. i.Timo.ui.b d

2445 1048 784 81 Richesses mal acquises/ perissent. Pro¬

2411 1102 258 87 uerb.xuiii.b

2472 1159 760 95 Les richesses temporelles/ que Christ

2418 1223 807 91 appelle mãmon diniquite/ cõme matiere de

2415 1280 813 88 tout mal/ on doibt dõner aux paoures. Luc

2405 1345 824 83 xui.a: car on ne peult seruir a Dieu et aux

2405 1406 679 68 richesses. Matth.ui.c Luc.xui.c

2681 1464 203 68 ¶ Rome.

2463 1504 768 97 Rome/ propre nom de la concubine Na

2411 1573 395 72 chor. Gene.xxii.d

2438 1631 793 71 Balaã ꝓphetise de Rome. Nõb.xxiiii.d

2430 1682 801 86 Les Romains ne condẽnoiẽt nul sans

2426 1740 810 84 estre ouy. Act.xxu.e: ⁊ nẽpeschoient point

2422 1801 803 83 Paul de prescher Leuangile a tous ceulx

2415 1859 816 89 qͥ uenoiẽt a luy en sa maisõ. Act.xxuiii.e g

2668 1930 196 61 ¶ Rosee.

2466 1968 765 81 La rosee au desert/ cest la manne. Exo.

2418 2021 388 91 xui.c Nomb.xi.b

2463 2082 773 78 Par la rosee du ciel Gedeon congnoit

2412 2140 819 79 que Dieu ueult deliurer son peuple. Iuges

2410 2204 824 73 ui.a Moseh prie que la doctrine de Dieu

2426 2261 396 79 coulle comme rosee.

2694 2318 177 73 ¶ Roy.

2471 2361 763 86 Quel doibt estre le roy. Deute.xuii.d

2422 2428 818 114 i.Samuel.xii.c/ dõt le coeur est en la main

2430 2485 494 83 de Dieu. Prouerb.xxi.a

2468 2540 766 79 Le iuste Roy/ est la force de sõ royaume.

2412 2614 814 63 Prouer.xxix.a b Sapiẽ.ui.d Eccłi.x.a

2466 2667 768 66 Le Roy ne doibt point estre yurongne.

2434 2709 802 84 Prouer.xxxi.a: ne auoir plusieurs fẽmes/

2434 2770 802 87 affin quelles (par leur generatiõ) ne retirẽt

2422 2827 814 110 son coeur de la fiance quil doibt auoir en

2423 2893 420 65 Dieu. Deute.xuii.d

2466 2946 778 81 Le Roy doibt lire le Deuteronome/ cest

2430 2994 810 95 la loy de Dieu/ ⁊ a elle seulle se tenir. Deu

2426 3066 810 72 ter.xuii.d: Exẽple de Iosiah. i.Roys.xxii.

2434 3119 794 92 c/ et la prescher au peuple: Exemple de Sa

2423 3179 423 71 lomoh. i.Roys.uiii.f

2483 3230 749 91 Roys heureux/ par misericorde. Prouer.

2441 3290 795 88 xxu.a. Exemple de Dauid/ Hezechiah et

2434 3347 806 149 Iosiah. Eccłi.xlix.a: Item en Iosaphat et

2437 3412 525 80 Asa. i.Roys.xu.b xxii.e

2483 3468 766 68 Honnorons le roy. i.Pier.ii.c/ ⁊ prions

2441 3518 479 95 pour luy. i.Timoth.ii.a

2468 3582 786 68 Le roy Ieroboam/ pource quil portoit

2445 3632 791 88 les images/ et soubstenoit idolatrie en son

2449 3689 802 88 royaume/ induysant son peuple auoir fian

2430 3756 824 71 ce en aultre q̃ en Dieu/ est horriblemẽt me¬

2437 3803 658 84 nace. i.Roys.xxiiii.b c xui.a b

2483 3849 768 179 Les pires desirent de regner. Exemple

2437 3910 822 129 de la ronce. Iuges.ix.b/ desq̃lz le droict est.

3042 3990 213 98 i.Samuel
