3480 4560
2236 357 312 114 Fueil. .ciiii.

965 354 885 104 contenues en la saincte Bible.

182 414 814 125 i.Samuel.uiii.b. On se doibt dõner garde

174 509 822 76 de leur fureur. Prouerb.xui.b: car ilz ont

178 562 822 91 faict fornication auec la paillarde. Apoca.

174 623 833 91 xuii.a/ soubz eulx nya q̃ malheur. Eccłes

178 680 822 91 x. Que silz perseuerẽt en leur malice ilz se¬

174 741 826 83 ront pugnis auec le peuple. i.Samu.xii.d

239 790 749 84 Au roy des siecles immortel/ inuisible/

172 858 806 71 ⁊ seul sage/ honneur ⁊ gloire. i.Timo.i.d

216 908 780 83 Les Chrestiẽs sont roys ⁊ sacrificateͬs

171 969 825 87 de Dieu le pere/ establis par Iesus Christ.

177 1033 535 76 Apoca.i.b u.c i.Pier.ii.b

441 1086 270 88 ¶ Royaume.

232 1094 764 137 Dieu regnera eternellement. Exode

174 1205 127 74 xu.e

228 1197 768 136 Le regne de Christ est descrit en la be¬

171 1307 825 95 nediction de Iehudah. Genese.xlix.b: Itẽ

185 1373 342 88 Isaiah.xxxii.a

233 1395 780 109 Le regne de Christ eternel. Isaiah.ix.

182 1478 810 95 b Daniel.uii.g: Il fault donc quil regne

182 1531 822 103 iusque a tant quil aura faict de ses enne¬

174 1608 713 71 mys son marchepied. i.Corin.xu.d

232 1660 760 80 Du royaume de Christ/ uoyez. Luc

179 1720 824 86 xxii.c Matth.xxu.c Actes.xiiii.d ii.

182 1773 251 89 Thessa.i.b

228 1826 780 79 Du royaume de Dieu sõt priuez ceulx

177 1884 826 92 qui obeyssent a leur chair. Gala.u.d: qͥ trõ¬

174 1945 826 84 pent leurs freres. i.Corin.ui.b/ ⁊ qui sont

177 2003 672 84 corrõpus par uices. i.Corin.xu.f

239 2055 753 84 Le royaume des cieulx/ ou le royaume

182 2109 822 95 de Dieu/ cest la cõgnoissance de Leuãgile/

171 2169 829 80 ou leglise assemblee par Leuãgile. Matth.

179 2236 824 76 xiii.g. Dont ceulx a qui il est donne/ entẽ¬

174 2287 818 88 dent les mysteres. Matt.iiii.b Luc.xi.b:

178 2337 807 87 pour leq̃l prescher/ aucuns se chastrẽt: cest/

174 2397 818 80 uiuẽt chastemẽt. Matth.xix.b/ ce quil ne

171 2458 817 84 peuuẽt faire si ne leur est donne de Dieu.

177 2518 322 76 Sapien.uiii.d

235 2546 757 102 Le royaume de Dieu ne consiste point

171 2633 817 80 en uiandes ou breuuages/ ny en parolle:

171 2690 833 76 mais en uertu qui assubiectist les coeͬs des

177 2746 826 76 hõmes a Dieu. Roma.xiiii.c i.Corĩ.iiii.

174 2796 818 92 d: et par ainsi le royaume de Dieu est de¬

174 2857 803 84 dans le croyant/ duquel Christ est la uer¬

177 2920 314 79 tu. Luc.xiiii.e

220 2971 765 84 Les uiolentz rauissent le royaume des

167 3028 814 88 cieulx. Matth.xi.b: cest/ ont si grand desir

174 3095 829 71 quilz contemnent leur propre uie/ et aban¬

167 3138 818 95 donnent tout: uoire pere et mere/ pour le

167 3203 825 84 grand desir quilz ont de receuoir Leuan¬

167 3260 825 80 gile de Christ/ ⁊ estre participãs du royau¬

172 3321 246 76 me celeste.

220 3374 778 86 Ueoir le royaume de Dieu/ cest posseder/

172 3442 727 76 auoir/ ⁊ estre participant. Iehan.iii.a

532 3488 91 84 S

357 3546 461 71 ¶ Sabbath/ ou repos.

403 3587 578 91 Abbath/ ou iour de repos quãd

395 3651 601 92 a lobseruation literale estoit

395 3708 586 88 moult estroictement cõmande

391 3769 605 95 aux Iuifz. Exod.xui.e xx.b

174 3840 834 81 xxxi.a xxxiiii.xxxu.a Leuiti.xix.a f

174 3887 822 95 xxiii.a xxui.a Deute.u.b Iere.xuii.c:

177 3954 821 104 Pource q̃ Dieu se reposa au septiesme ioͬ:

197 3602 175 266 S

1034 452 791 76 cest/ cessa de creer choses nouuelles. Gene.

1030 497 795 80 ii.a Exo.xx.b: Itẽ en memoire du repos

1030 551 803 91 quil auoit donne aux enfans Disrael/ les

1034 615 806 88 deliurans Degypte. Deuter.u.b: Itẽ pour

1034 676 791 87 faire reposer les bestes ⁊ les seruiteͬs. Exo

1030 729 795 88 de.xxiii.b. Ceste ceremonie iudaique est

1030 786 803 80 cessee: car il ne fault plus obseruer les ioͬs.

1023 843 817 88 Gala.iiii.a Matt.xii.a: mais lesperit de

1023 900 806 88 uerite cõtenu soubz cest umbre/ doibt tous¬

1026 950 810 87 iours estre en nous: cest/ de reposer/ et nous

1019 1010 810 88 abstenir des oeuures de nostre propre uolũ

1021 1081 821 71 te. Isaiah.lui.a luiii.d/ ce qui nous doibt

1019 1124 814 84 estre perpetuel. Isaiah.lxui.g Ebri.iiii.d/

1019 1185 825 80 ⁊ nous appliquer aux oeuures de foy: cest/

1030 1238 795 92 soubuenir lũg a lautre par charite ⁊c. Mat

1019 1299 631 91 thi.xii.a Marc.iii.a Luc.ui.a

1272 1378 337 60 ¶ Sacrement.

1042 1413 794 80 Sacremẽt/ Archane/ Mystere/ poͬ cho¬

1034 1463 791 91 se cachee/ secrette/ ⁊ incongneue: laq̃lle tou

1030 1523 806 88 tesfoys est reuelee en certain temps/ quand

1026 1598 821 76 cest le bon plaisir du Seigñr. i.Corin.iiii.a

1023 1641 810 84 Coloss.i.d Ephe.i.b iii.a u.g i.Timo.

1015 1698 818 99 iii.d Tobiah.xii.b Sapi.ii.b uiii. Da¬

1031 1775 482 81 niel.ii.c Apoca.xuii.b

1279 1818 297 84 ¶ Sacrifice.

1061 1854 775 99 Sacrifice en lescriture signifie generale

1034 1934 799 95 mẽt tout ce qui estoit offert a lautel. Dont

1026 1991 824 91 en parle Exo.xxix.f Leui.ii.b ui.c d x.

1026 2044 795 95 xxiii.c Nõbr.u.uii.c xu.a xui.c xxu.

1030 2109 803 136 xxuiii.a. xxix.c Deuterono.xuiii.a. Ie

1030 2166 308 91 hosuah.xiii.b

1072 2219 757 83 Item lescriture nõme aucunesfoys pe¬

1034 2276 799 87 che/ Sacrifice/ cõme appert Hoseah.iiii. Et

1030 2333 806 87 ainsi la mort de Christ/ a cause que cestoit

1030 2390 787 121 ung sacrifice est nommee peche. Romains

1026 2443 141 91 uiii.a

1076 2496 757 91 Item mãger le sacrifice des mortz: cest

1030 2565 795 83 mãger des choses presẽtees ⁊ offertes aux

1030 2622 803 87 idoles/ images/ ⁊ choses mortes. Psal.cui.

1030 2679 681 83 e. cõe on faict. i.Corin.uiii.b x.d.e

1072 2728 764 99 Item sacrifice/ ⁊ hostie de foy/ cest la bõ¬

1038 2800 802 80 ne cõuersation des fideles. Philip.ii.c: car

1030 2853 803 92 en tout lieu ilz sont en souef odeur au Sei¬

1030 2910 810 145 gneur.ii. Corinth.ii.d/ cest: plaisantz et

1026 2967 814 84 aggreables par Iesus Christ. Psal.xx.

1030 3032 141 87 xl.li.

1076 3081 760 88 Les sacrifices nont peu empescher la

1030 3142 795 88 punition de Eli. i.Samuel.iii.c: car Dieu

1026 3199 799 84 ne regarde poĩt les sacrifices des meschãs.

1030 3256 795 91 Eccłi.xxxiiii.c/ mesme il sen mocque. Ho¬

1034 3260 194 144 seah.u.b

1072 3370 753 76 Le pain ⁊ le uin receuz en la Cene de

1030 3416 806 95 Christ/ ne sont point sacrifice (car Christ

1015 3480 810 88 sest une foys offert suffisamment pour noz

1030 3541 814 88 pechez. Ebri.x.b) mais une saincte memoi¬

1034 3591 791 91 re de la mort de Christ. Matth.xxui. Nul

1034 3659 791 87 sacrifice donc ne nous est laisse apres la

1034 3716 791 87 mort de Christ. Ebri.uiii.a ix.c/ fors le sa

1030 3773 799 87 crifice de iustice. Psal.iiii.b/ et de louenge.

1042 3826 791 88 Psal.l.d: Uoyez/ quelz sacrifices Dieu re¬

1034 3883 605 91 quiert maintenãt. Miche.ui.b

1080 3940 756 129 Misericorde/ ⁊ aymer Dieu/ et son pro¬

1859 444 807 88 chain est chose oultrepassant tous sacrifi¬

1871 497 779 92 ces. Matth.u. ix.b xii.a Marc.xii.c

1856 551 182 95 Luc.u.f

1906 620 757 76 Le sacrifice des fideles. Malach.iii.a

2073 689 375 71 ¶ Sacrificateurs/

2121 734 264 79 ou prebstres.

1908 790 768 76 Des sacrificateurs/ uoyez Leuiti.x.b

1867 847 806 91 xui.a xxi.c xxui.a Exode.xxix.g i.

1863 908 308 80 Chroniq.ix.a

1908 967 765 71 Dieu estoit lheritage des sacrificateͬs.

1859 1007 320 91 Deute.xuiii.a

1895 1084 784 76 Lordre de sacrificature (quon dit de preb

1867 1121 810 98 strise) est trãslate/ cest aboly/ cesse ⁊ finy tel¬

1867 1197 802 79 lemẽt quil nen fault plus nulz. Ebr.uii.b:

1856 1250 817 76 car nous sommes tous prebstres a Dieu/

1857 1309 822 79 qui nous deuõs nous mesmes offrir hostie

1855 1370 826 76 spirituelle/ ainsi que Christ sest offert

1867 1417 802 91 soymesme: ce qui sera aggreable a Dieu

1871 1482 798 91 par Iesus Christ. i.Pierre.ii. Apocalyp.

1856 1535 182 91 i.b u.c

1911 1588 773 84 Aux sacrificateurs sont enuoyez les

1875 1649 791 95 ladres/ non point pour leur confesser: mais

1863 1702 814 99 affin quilz declarassent lesdictz ladres estre

1857 1768 824 78 guaris/ ⁊ quilz offrissent ce qui estoit com¬

1863 1820 814 95 mãde en la loy. Leuiti.xiii.a xiiii.a Mat.

1867 1877 376 95 uiii.a Luc.xuii.d

1918 1943 766 83 Des prebstres de Baal. i.Roys.xuiii.e

1916 2003 765 74 Les cuysines des prebstres. Iehezeki.

1867 2052 814 91 xlui.f/ leur auarice. Malach.i.c Isaiah

1863 2112 814 88 iii.b. Leur trahison. Daniel.xiiii.b d

1860 2178 821 69 Leur conseil contre Christ. Matthieu

1863 2226 814 88 xxui.a Luc.xix.f.xx. Leur enuie. Mat

1867 2287 795 84 thieu.xxuii.c. Leur indignation. Mat¬

1867 2340 802 92 thieu.xxi.b Leur malice/ car ilz ont este

1859 2386 822 106 tousiours esloingnez de charite/ comme

1857 2462 824 73 monstre Christ en la parabole du Sa¬

1871 2515 802 88 maritain. Luc.x.f. Pourtant ilz doiuent

1875 2572 798 80 estre destruictz selon la prophetie de Aza¬

1859 2625 822 80 riah.ii. Chroniq.xu.a: car Christ est

1852 2692 827 76 nostre seul sacrificateur selon lordre de

1863 2736 806 91 Melchikedek/ tousiours uiuant au ciel/

1859 2796 810 92 pour prier pour nous enuers Dieu son pe¬

1871 2865 593 80 Ebri.u.ui.uii.uiii.a. Psal.ci.

2111 2923 236 68 ¶ Sainct.

1916 2941 761 121 Ce mot: Sainct/ est prins en diuerses

1867 3021 810 95 manieres en la Bible: ascauoir/ pour le

1863 3081 806 95 sainct lieu du temple/ auquel le peuple

1859 3146 795 84 iudaique debuoit louer Dieu. Psalme.xx.

1867 3203 791 87 xxi.cl. ce qui a este mal entendu par les

1856 3249 817 95 Sophistes/ qui ont glose ce passage des

1859 3309 810 88 prieres des sainctz/ contre sainct Ierosme

1863 3370 806 91 qui a translate: louez le Seigneur en son

1867 3439 799 79 Sainct: cest/ sainct lieu/ ou sainct Christ

1856 3484 566 84 qui est le Sainct des sainctz.

1916 3545 753 91 Item pour tous ceulx qui sont droictz

1867 3598 787 91 en coeur par la foy de Christ/ par lequel

1859 3659 795 148 ih sont sanctifiez. Iehan.xuii. Romaĩs.i.

1859 3708 795 95 i.Corinth.i. ii.Corinth.ii. Ephesi.i.b

1867 3773 787 87 Philip.i. et ca et la parmy les psalmes/ cõ¬

1848 3830 829 87 me Psalme.cxlix. Psal.xui. Tous fide¬

1859 3883 810 175 les donc sont sainctz. Deute.xiiii.a Nõb.

1848 3948 829 114 xu.d Exo.xix.a Roma.uiii.e xui.a b.

2377 4012 165 89 ss .iiii.
