<?xml version="1.0" encoding="UTF-8"?>
<alto xmlns:xsi="http://www.w3.org/2001/XMLSchema-instance"
      xmlns="http://www.loc.gov/standards/alto/ns-v4#"
      xsi:schemaLocation="http://www.loc.gov/standards/alto/ns-v4# http://www.loc.gov/standards/alto/v4/alto-4-2.xsd">
  <Description>
    <MeasurementUnit>pixel</MeasurementUnit>
    <sourceImageInformation>
      <fileName>855_66228_default.jpg</fileName>
      <fileIdentifier>https://www.e-rara.ch/i3f/v20/1965375/full/full/0/default.jpg</fileIdentifier>
    </sourceImageInformation>
  </Description>
  <Tags>
    <OtherTag ID="BT7" LABEL="CustomZone" DESCRIPTION="block type CustomZone"/><OtherTag ID="BT8" LABEL="DamageZone" DESCRIPTION="block type DamageZone"/><OtherTag ID="BT9" LABEL="DigitizationArtefactZone" DESCRIPTION="block type DigitizationArtefactZone"/><OtherTag ID="BT10" LABEL="DropCapitalZone" DESCRIPTION="block type DropCapitalZone"/><OtherTag ID="BT11" LABEL="GraphicZone" DESCRIPTION="block type GraphicZone"/><OtherTag ID="BT12" LABEL="MainZone" DESCRIPTION="block type MainZone"/><OtherTag ID="BT13" LABEL="MarginTextZone" DESCRIPTION="block type MarginTextZone"/><OtherTag ID="BT14" LABEL="MusicZone" DESCRIPTION="block type MusicZone"/><OtherTag ID="BT15" LABEL="NumberingZone" DESCRIPTION="block type NumberingZone"/><OtherTag ID="BT17" LABEL="QuireMarksZone" DESCRIPTION="block type QuireMarksZone"/><OtherTag ID="BT18" LABEL="RunningTitleZone" DESCRIPTION="block type RunningTitleZone"/><OtherTag ID="BT19" LABEL="SealZone" DESCRIPTION="block type SealZone"/><OtherTag ID="BT20" LABEL="StampZone" DESCRIPTION="block type StampZone"/><OtherTag ID="BT21" LABEL="TableZone" DESCRIPTION="block type TableZone"/><OtherTag ID="BT22" LABEL="TitlePageZone" DESCRIPTION="block type TitlePageZone"/>
    <OtherTag ID="LT7" LABEL="CustomLine" DESCRIPTION="line type CustomLine"/><OtherTag ID="LT8" LABEL="DefaultLine" DESCRIPTION="line type DefaultLine"/><OtherTag ID="LT9" LABEL="DropCapitalLine" DESCRIPTION="line type DropCapitalLine"/><OtherTag ID="LT10" LABEL="HeadingLine" DESCRIPTION="line type HeadingLine"/><OtherTag ID="LT11" LABEL="InterlinearLine" DESCRIPTION="line type InterlinearLine"/><OtherTag ID="LT12" LABEL="MusicLine" DESCRIPTION="line type MusicLine"/><OtherTag ID="LT1112" LABEL="default" DESCRIPTION="line type default"/>
  </Tags>
  <Layout>
    <Page WIDTH="3480"
          HEIGHT="4560"
          PHYSICAL_IMG_NR="37"
          ID="eSc_dummypage_">
      <PrintSpace HPOS="0"
                  VPOS="0"
                  WIDTH="3480"
                  HEIGHT="4560">
        <TextBlock HPOS="1121"
                   VPOS="328"
                   WIDTH="1908"
                   HEIGHT="147"
                   ID="eSc_textblock_2479a827"
                   TAGREFS="BT18">
          <Shape><Polygon POINTS="1121 328 1121 475 3029 475 3029 328"/></Shape>
          <TextLine ID="eSc_line_27229939"
                    TAGREFS="LT8"
                    BASELINE="1138 433 2978 445" 
                    HPOS="1135"
                    VPOS="364"
                    WIDTH="1843"
                    HEIGHT="104">
            <Shape><Polygon POINTS="2970 387 2613 387 2603 380 2582 380 2557 380 2532 380 2511 377 2453 385 2311 385 2293 374 2278 374 2260 374 2240 382 1774 380 1753 369 1746 369 1720 369 1695 369 1675 369 1581 377 1485 367 1467 367 1442 367 1416 367 1391 364 1373 364 1165 372 1163 374 1138 390 1138 433 1135 463 2973 468 2978 445 2975 390 2970 387"/></Shape>
            <String CONTENT="Indice des principales matieres contenues en la saincte Bible."
                    HPOS="1135"
                    VPOS="364"
                    WIDTH="1843"
                    HEIGHT="104"
                    WC="0.9858227468306019"></String>
          </TextLine>
        </TextBlock>
        <TextBlock HPOS="733"
                   VPOS="446"
                   WIDTH="860"
                   HEIGHT="3622"
                   ID="eSc_textblock_ecc76ed2"
                   TAGREFS="BT12">
          <Shape><Polygon POINTS="758 446 733 4068 1593 4068 1593 446"/></Shape>
          <TextLine ID="eSc_line_1f189f58"
                    TAGREFS="LT8"
                    BASELINE="762 511 1470 504 1580 505" 
                    HPOS="756"
                    VPOS="448"
                    WIDTH="822"
                    HEIGHT="91">
            <Shape><Polygon POINTS="1555 448 1517 448 1479 448 1441 448 1403 448 1365 448 1327 448 1296 448 787 452 756 482 760 509 760 539 1574 524 1578 501 1570 448 1555 448"/></Shape>
            <String CONTENT="Ephe.i.a ii. Timoth.i.a i. Iehan.ii.d: la¬"
                    HPOS="756"
                    VPOS="448"
                    WIDTH="822"
                    HEIGHT="91"
                    WC="0.9846566376231966"></String>
          </TextLine>
          <TextLine ID="eSc_line_3694999c"
                    TAGREFS="LT8"
                    BASELINE="765 567 1580 562" 
                    HPOS="760"
                    VPOS="513"
                    WIDTH="818"
                    HEIGHT="79">
            <Shape><Polygon POINTS="764 566 764 592 1574 589 1578 558 1566 513 760 516 764 566"/></Shape>
            <String CONTENT="quelle auõs/ ayãs congnoissãce de Christ."
                    HPOS="760"
                    VPOS="513"
                    WIDTH="818"
                    HEIGHT="79"
                    WC="0.9886701296676289"></String>
          </TextLine>
          <TextLine ID="eSc_line_75ae09c7"
                    TAGREFS="LT8"
                    BASELINE="765 625 1084 623" 
                    HPOS="762"
                    VPOS="570"
                    WIDTH="322"
                    HEIGHT="93">
            <Shape><Polygon POINTS="765 625 765 651 996 663 998 663 1084 646 1084 623 1079 585 803 570 800 570 798 570 762 582 765 625"/></Shape>
            <String CONTENT="Iehan.xuii.a"
                    HPOS="762"
                    VPOS="570"
                    WIDTH="322"
                    HEIGHT="93"
                    WC="0.9866917431354523"></String>
          </TextLine>
          <TextLine ID="eSc_line_1df72ac4"
                    TAGREFS="LT8"
                    BASELINE="1013 684 1254 681" 
                    HPOS="1011"
                    VPOS="628"
                    WIDTH="243"
                    HEIGHT="76">
            <Shape><Polygon POINTS="1013 684 1013 704 1252 699 1254 681 1249 643 1031 628 1029 628 1026 628 1023 628 1011 635 1013 684"/></Shape>
            <String CONTENT="¶ Uierge."
                    HPOS="1011"
                    VPOS="628"
                    WIDTH="243"
                    HEIGHT="76"
                    WC="0.9981741971439786"></String>
          </TextLine>
          <TextLine ID="eSc_line_3e062088"
                    TAGREFS="LT8"
                    BASELINE="823 742 1563 734" 
                    HPOS="817"
                    VPOS="680"
                    WIDTH="742"
                    HEIGHT="91">
            <Shape><Polygon POINTS="1236 684 1198 684 1179 684 817 684 821 741 821 767 1551 771 1559 733 1547 680 1236 680 1236 684"/></Shape>
            <String CONTENT="Ce que saĩct Paul ueult quon face de¬"
                    HPOS="817"
                    VPOS="680"
                    WIDTH="742"
                    HEIGHT="91"
                    WC="0.9990053584701136"></String>
          </TextLine>
          <TextLine ID="eSc_line_e0e14bac"
                    TAGREFS="LT8"
                    BASELINE="767 798 1358 798" 
                    HPOS="767"
                    VPOS="747"
                    WIDTH="591"
                    HEIGHT="76">
            <Shape><Polygon POINTS="767 798 767 823 1358 823 1358 798 1358 754 767 747 767 798"/></Shape>
            <String CONTENT="uierges. i.Corinth .uii.e f g"
                    HPOS="767"
                    VPOS="747"
                    WIDTH="591"
                    HEIGHT="76"
                    WC="0.9864663625585621"></String>
          </TextLine>
          <TextLine ID="eSc_line_96257780"
                    TAGREFS="LT8"
                    BASELINE="813 856 1563 851" 
                    HPOS="806"
                    VPOS="794"
                    WIDTH="753"
                    HEIGHT="91">
            <Shape><Polygon POINTS="1338 801 1300 801 1262 801 1224 801 1186 801 1175 801 806 805 810 855 810 881 1551 885 1559 847 1547 794 1338 798 1338 801"/></Shape>
            <String CONTENT="Uoyez la matiere des uierges ⁊ de uirg"
                    HPOS="806"
                    VPOS="794"
                    WIDTH="753"
                    HEIGHT="91"
                    WC="0.978035486058185"></String>
          </TextLine>
          <TextLine ID="eSc_line_35cebd46"
                    TAGREFS="LT8"
                    BASELINE="767 909 1563 911" 
                    HPOS="764"
                    VPOS="858"
                    WIDTH="795"
                    HEIGHT="88">
            <Shape><Polygon POINTS="764 908 764 942 1555 946 1559 908 1555 858 764 858 764 908"/></Shape>
            <String CONTENT="nite. Leuitiq.xxi. c Exo.xxii. c Iug.xi."
                    HPOS="764"
                    VPOS="858"
                    WIDTH="795"
                    HEIGHT="88"
                    WC="0.9878535374999047"></String>
          </TextLine>
          <TextLine ID="eSc_line_8c2d0ee7"
                    TAGREFS="LT8"
                    BASELINE="770 975 1520 967" 
                    HPOS="767"
                    VPOS="927"
                    WIDTH="753"
                    HEIGHT="73">
            <Shape><Polygon POINTS="770 975 770 995 1515 1000 1520 967 1513 927 767 932 770 975"/></Shape>
            <String CONTENT="xxi.b d Nomb.xxxi. Deute.xxii.c"
                    HPOS="767"
                    VPOS="927"
                    WIDTH="753"
                    HEIGHT="73"
                    WC="0.9960661665085824"></String>
          </TextLine>
          <TextLine ID="eSc_line_10105c58"
                    TAGREFS="LT8"
                    BASELINE="1026 1028 1239 1028" 
                    HPOS="1026"
                    VPOS="990"
                    WIDTH="213"
                    HEIGHT="56">
            <Shape><Polygon POINTS="1026 1028 1026 1046 1239 1046 1239 1028 1239 990 1026 990 1026 1028"/></Shape>
            <String CONTENT="¶ Uigne."
                    HPOS="1026"
                    VPOS="990"
                    WIDTH="213"
                    HEIGHT="56"
                    WC="0.9999159127473831"></String>
          </TextLine>
          <TextLine ID="eSc_line_93ff41eb"
                    TAGREFS="LT8"
                    BASELINE="840 1101 1576 1093" 
                    HPOS="832"
                    VPOS="1026"
                    WIDTH="742"
                    HEIGHT="110">
            <Shape><Polygon POINTS="1213 1029 1194 1029 832 1029 836 1098 836 1136 1570 1109 1574 1090 1563 1026 1213 1026 1213 1029"/></Shape>
            <String CONTENT="Christ est la uraye uigne. Iehan.xu.a."
                    HPOS="832"
                    VPOS="1026"
                    WIDTH="742"
                    HEIGHT="110"
                    WC="0.9880935471308859"></String>
          </TextLine>
          <TextLine ID="eSc_line_640d55a9"
                    TAGREFS="LT8"
                    BASELINE="1029 1142 1330 1137" 
                    HPOS="1026"
                    VPOS="1094"
                    WIDTH="304"
                    HEIGHT="76">
            <Shape><Polygon POINTS="1029 1142 1029 1170 1328 1157 1330 1137 1325 1096 1026 1094 1029 1142"/></Shape>
            <String CONTENT="¶ Uiue Dieu."
                    HPOS="1026"
                    VPOS="1094"
                    WIDTH="304"
                    HEIGHT="76"
                    WC="0.9587822457154592"></String>
          </TextLine>
          <TextLine ID="eSc_line_2632b59c"
                    TAGREFS="LT8"
                    BASELINE="806 1198 1575 1201" 
                    HPOS="798"
                    VPOS="1136"
                    WIDTH="776"
                    HEIGHT="91">
            <Shape><Polygon POINTS="1182 1140 1144 1140 1106 1140 1068 1140 1030 1140 1026 1136 802 1136 802 1197 798 1223 1566 1227 1574 1200 1570 1143 1186 1140 1182 1140"/></Shape>
            <String CONTENT="uiue Dieu/ cestoit le iuremẽt des peres."
                    HPOS="798"
                    VPOS="1136"
                    WIDTH="776"
                    HEIGHT="91"
                    WC="0.9841598679379719"></String>
          </TextLine>
          <TextLine ID="eSc_line_af671fdf"
                    TAGREFS="LT8"
                    BASELINE="770 1256 1563 1256" 
                    HPOS="770"
                    VPOS="1213"
                    WIDTH="793"
                    HEIGHT="79">
            <Shape><Polygon POINTS="770 1256 770 1281 1561 1292 1563 1256 1563 1213 770 1213 770 1256"/></Shape>
            <String CONTENT="Ruth .iii. c Iuges .uiii.d .ii. Samuel.ii.d"
                    HPOS="770"
                    VPOS="1213"
                    WIDTH="793"
                    HEIGHT="79"
                    WC="0.9840159097383189"></String>
          </TextLine>
          <TextLine ID="eSc_line_99c54cf6"
                    TAGREFS="LT8"
                    BASELINE="1041 1312 1203 1312" 
                    HPOS="1041"
                    VPOS="1266"
                    WIDTH="162"
                    HEIGHT="71">
            <Shape><Polygon POINTS="1041 1312 1041 1337 1203 1337 1203 1312 1201 1266 1041 1269 1041 1312"/></Shape>
            <String CONTENT="¶ Uin."
                    HPOS="1041"
                    VPOS="1266"
                    WIDTH="162"
                    HEIGHT="71"
                    WC="0.9999401966730753"></String>
          </TextLine>
          <TextLine ID="eSc_line_664c9f7f"
                    TAGREFS="LT8"
                    BASELINE="811 1373 1579 1373" 
                    HPOS="811"
                    VPOS="1324"
                    WIDTH="768"
                    HEIGHT="79">
            <Shape><Polygon POINTS="811 1373 811 1398 1576 1403 1579 1373 1579 1324 811 1324 811 1373"/></Shape>
            <String CONTENT="Le uin resiouyst le coeur de lhõme. Iehu"
                    HPOS="811"
                    VPOS="1324"
                    WIDTH="768"
                    HEIGHT="79"
                    WC="0.9925500343485576"></String>
          </TextLine>
          <TextLine ID="eSc_line_d082690d"
                    TAGREFS="LT8"
                    BASELINE="765 1428 1432 1428" 
                    HPOS="765"
                    VPOS="1380"
                    WIDTH="667"
                    HEIGHT="74">
            <Shape><Polygon POINTS="765 1428 765 1454 1432 1454 1432 1428 1432 1380 765 1380 765 1428"/></Shape>
            <String CONTENT="dith.ix.b Psal.ciiii.b Eccli.iii.d"
                    HPOS="765"
                    VPOS="1380"
                    WIDTH="667"
                    HEIGHT="74"
                    WC="0.9935784708051121"></String>
          </TextLine>
          <TextLine ID="eSc_line_97bd0778"
                    TAGREFS="LT8"
                    BASELINE="808 1484 1582 1486" 
                    HPOS="802"
                    VPOS="1432"
                    WIDTH="776"
                    HEIGHT="76">
            <Shape><Polygon POINTS="806 1482 802 1504 1570 1508 1578 1485 1574 1436 806 1432 806 1482"/></Shape>
            <String CONTENT="On ne doibt boire uin ꝑ exces. Eph.u.d"
                    HPOS="802"
                    VPOS="1432"
                    WIDTH="776"
                    HEIGHT="76"
                    WC="0.9998538258828615"></String>
          </TextLine>
          <TextLine ID="eSc_line_d409f2c1"
                    TAGREFS="LT8"
                    BASELINE="767 1545 1582 1547" 
                    HPOS="760"
                    VPOS="1489"
                    WIDTH="818"
                    HEIGHT="88">
            <Shape><Polygon POINTS="764 1542 760 1577 1574 1577 1578 1546 1574 1493 764 1489 764 1542"/></Shape>
            <String CONTENT="Prouer.xx. a i.Tim̃.iii. c u.d Tite.ii. a"
                    HPOS="760"
                    VPOS="1489"
                    WIDTH="818"
                    HEIGHT="88"
                    WC="0.9949051010899428"></String>
          </TextLine>
          <TextLine ID="eSc_line_a18833f7"
                    TAGREFS="LT8"
                    BASELINE="798 1598 1492 1603" 
                    HPOS="795"
                    VPOS="1555"
                    WIDTH="697"
                    HEIGHT="68">
            <Shape><Polygon POINTS="798 1598 795 1621 1487 1623 1492 1603 1490 1560 798 1555 798 1598"/></Shape>
            <String CONTENT="Uin de cõpunction/ q̃ cest. Psal.lx. a"
                    HPOS="795"
                    VPOS="1555"
                    WIDTH="697"
                    HEIGHT="68"
                    WC="0.9967270096143087"></String>
          </TextLine>
          <TextLine ID="eSc_line_f832af72"
                    TAGREFS="LT8"
                    BASELINE="1016 1654 1244 1659" 
                    HPOS="1013"
                    VPOS="1611"
                    WIDTH="231"
                    HEIGHT="68">
            <Shape><Polygon POINTS="1016 1654 1013 1679 1241 1679 1244 1659 1241 1616 1016 1611 1016 1654"/></Shape>
            <String CONTENT="¶ Uisiter."
                    HPOS="1013"
                    VPOS="1611"
                    WIDTH="231"
                    HEIGHT="68"
                    WC="0.9998732388019562"></String>
          </TextLine>
          <TextLine ID="eSc_line_1bef5e6c"
                    TAGREFS="LT8"
                    BASELINE="803 1715 1581 1715" 
                    HPOS="803"
                    VPOS="1666"
                    WIDTH="778"
                    HEIGHT="82">
            <Shape><Polygon POINTS="803 1715 803 1745 1579 1748 1581 1715 1581 1674 803 1666 803 1715"/></Shape>
            <String CONTENT="Uisiter/ poͬ auoir recordatiõ. Exo.xx. a"
                    HPOS="803"
                    VPOS="1666"
                    WIDTH="778"
                    HEIGHT="82"
                    WC="0.992021613004731"></String>
          </TextLine>
          <TextLine ID="eSc_line_b4ff4cb9"
                    TAGREFS="LT8"
                    BASELINE="762 1778 1145 1775" 
                    HPOS="760"
                    VPOS="1725"
                    WIDTH="385"
                    HEIGHT="73">
            <Shape><Polygon POINTS="762 1778 762 1798 1145 1793 1145 1775 1138 1725 760 1730 762 1778"/></Shape>
            <String CONTENT=".xxxii.g Luc.i.g"
                    HPOS="760"
                    VPOS="1725"
                    WIDTH="385"
                    HEIGHT="73"
                    WC="0.9869144558906555"></String>
          </TextLine>
          <TextLine ID="eSc_line_00d03d2b"
                    TAGREFS="LT8"
                    BASELINE="803 1834 1570 1834" 
                    HPOS="802"
                    VPOS="1774"
                    WIDTH="764"
                    HEIGHT="95">
            <Shape><Polygon POINTS="1144 1778 1106 1778 1068 1778 1030 1778 992 1778 954 1778 916 1778 878 1778 840 1778 802 1778 802 1831 802 1869 1566 1869 1566 1831 1563 1774 1144 1774 1144 1778"/></Shape>
            <String CONTENT="Uisicer/ poͬ auoir sollicitude. Hose.iiii.d"
                    HPOS="802"
                    VPOS="1774"
                    WIDTH="764"
                    HEIGHT="95"
                    WC="0.9894474107165669"></String>
          </TextLine>
          <TextLine ID="eSc_line_f30df756"
                    TAGREFS="LT8"
                    BASELINE="806 1892 1556 1887" 
                    HPOS="803"
                    VPOS="1839"
                    WIDTH="753"
                    HEIGHT="76">
            <Shape><Polygon POINTS="806 1892 806 1912 1553 1915 1556 1887 1548 1839 803 1841 806 1892"/></Shape>
            <String CONTENT="Uisiter/ pour prẽdre uengeãce. Isai.x.c"
                    HPOS="803"
                    VPOS="1839"
                    WIDTH="753"
                    HEIGHT="76"
                    WC="0.9843399481075567"></String>
          </TextLine>
          <TextLine ID="eSc_line_a8164e5f"
                    TAGREFS="LT8"
                    BASELINE="1018 1943 1229 1948" 
                    HPOS="1016"
                    VPOS="1897"
                    WIDTH="213"
                    HEIGHT="66">
            <Shape><Polygon POINTS="1018 1943 1016 1958 1224 1963 1229 1948 1226 1902 1018 1897 1018 1943"/></Shape>
            <String CONTENT="¶ Uiure."
                    HPOS="1016"
                    VPOS="1897"
                    WIDTH="213"
                    HEIGHT="66"
                    WC="0.9987407252192497"></String>
          </TextLine>
          <TextLine ID="eSc_line_129d8ed6"
                    TAGREFS="LT8"
                    BASELINE="816 2001 1437 2001" 
                    HPOS="816"
                    VPOS="1958"
                    WIDTH="621"
                    HEIGHT="68">
            <Shape><Polygon POINTS="816 2001 816 2026 1437 2026 1437 2001 1437 1958 816 1958 816 2001"/></Shape>
            <String CONTENT="Tous uiuẽt a Dieu. Luc.xx.f"
                    HPOS="816"
                    VPOS="1958"
                    WIDTH="621"
                    HEIGHT="68"
                    WC="0.9942349344491959"></String>
          </TextLine>
          <TextLine ID="eSc_line_eb4c0601"
                    TAGREFS="LT8"
                    BASELINE="811 2059 1570 2061" 
                    HPOS="806"
                    VPOS="1998"
                    WIDTH="760"
                    HEIGHT="103">
            <Shape><Polygon POINTS="1418 2002 1380 2002 1342 2002 1304 2002 1266 2002 1228 2002 1190 2002 1152 2002 1114 2002 1076 2002 1038 2002 1000 2002 962 2002 924 2002 886 2002 848 2002 844 1998 810 1998 810 2055 806 2086 1559 2101 1566 2059 1559 1998 1418 1998 1418 2002"/></Shape>
            <String CONTENT="Pource que Christ uit/ nous uiurons"
                    HPOS="806"
                    VPOS="1998"
                    WIDTH="760"
                    HEIGHT="103"
                    WC="0.9937598177364895"></String>
          </TextLine>
          <TextLine ID="eSc_line_29641144"
                    TAGREFS="LT8"
                    BASELINE="752 2115 1153 2120" 
                    HPOS="750"
                    VPOS="2072"
                    WIDTH="403"
                    HEIGHT="71">
            <Shape><Polygon POINTS="752 2115 750 2143 1150 2143 1153 2120 1150 2077 752 2072 752 2115"/></Shape>
            <String CONTENT="tous. Iehan .xiiii.c"
                    HPOS="750"
                    VPOS="2072"
                    WIDTH="403"
                    HEIGHT="71"
                    WC="0.9817045956850052"></String>
          </TextLine>
          <TextLine ID="eSc_line_f93bdfb8"
                    TAGREFS="LT8"
                    BASELINE="808 2176 1570 2176" 
                    HPOS="806"
                    VPOS="2124"
                    WIDTH="760"
                    HEIGHT="87">
            <Shape><Polygon POINTS="806 2173 806 2200 1563 2211 1566 2173 1566 2124 806 2124 806 2173"/></Shape>
            <String CONTENT="Nous uiuons tous ⁊ mourons a la gloi"
                    HPOS="806"
                    VPOS="2124"
                    WIDTH="760"
                    HEIGHT="87"
                    WC="0.9972067127625147"></String>
          </TextLine>
          <TextLine ID="eSc_line_d96ba55e"
                    TAGREFS="LT8"
                    BASELINE="752 2231 1285 2231" 
                    HPOS="752"
                    VPOS="2191"
                    WIDTH="533"
                    HEIGHT="66">
            <Shape><Polygon POINTS="752 2206 752 2231 752 2257 1285 2257 1285 2231 1285 2191 755 2191 752 2206"/></Shape>
            <String CONTENT="re de Dieu. Roma.xiiii.b"
                    HPOS="752"
                    VPOS="2191"
                    WIDTH="533"
                    HEIGHT="66"
                    WC="0.9733845988909403"></String>
          </TextLine>
          <TextLine ID="eSc_line_fae0ce4e"
                    TAGREFS="LT8"
                    BASELINE="806 2290 1570 2288" 
                    HPOS="802"
                    VPOS="2226"
                    WIDTH="764"
                    HEIGHT="92">
            <Shape><Polygon POINTS="1258 2234 1220 2234 1182 2234 1144 2234 1106 2234 1068 2234 1053 2234 802 2234 802 2287 802 2318 1566 2318 1566 2287 1563 2226 1258 2230 1258 2234"/></Shape>
            <String CONTENT="Le Chrestien ne uit point a soy/ mais a"
                    HPOS="802"
                    VPOS="2226"
                    WIDTH="764"
                    HEIGHT="92"
                    WC="0.9850060985638545"></String>
          </TextLine>
          <TextLine ID="eSc_line_877c1800"
                    TAGREFS="LT8"
                    BASELINE="750 2348 1186 2348" 
                    HPOS="750"
                    VPOS="2305"
                    WIDTH="436"
                    HEIGHT="73">
            <Shape><Polygon POINTS="750 2348 750 2378 1186 2371 1186 2348 1186 2305 750 2305 750 2348"/></Shape>
            <String CONTENT="Christ.ii. Corin.u.c"
                    HPOS="750"
                    VPOS="2305"
                    WIDTH="436"
                    HEIGHT="73"
                    WC="0.9753254354000092"></String>
          </TextLine>
          <TextLine ID="eSc_line_15a30353"
                    TAGREFS="LT8"
                    BASELINE="806 2399 1558 2406" 
                    HPOS="798"
                    VPOS="2348"
                    WIDTH="757"
                    HEIGHT="84">
            <Shape><Polygon POINTS="802 2397 798 2428 1547 2432 1555 2405 1551 2352 802 2348 802 2397"/></Shape>
            <String CONTENT="Uiure en Dieu/ cest mourir a peche."
                    HPOS="798"
                    VPOS="2348"
                    WIDTH="757"
                    HEIGHT="84"
                    WC="0.9986742632729667"></String>
          </TextLine>
          <TextLine ID="eSc_line_44c73872"
                    TAGREFS="LT8"
                    BASELINE="755 2459 1069 2454" 
                    HPOS="752"
                    VPOS="2414"
                    WIDTH="317"
                    HEIGHT="71">
            <Shape><Polygon POINTS="752 2421 755 2459 755 2485 1069 2485 1069 2454 1064 2416 755 2414 752 2421"/></Shape>
            <String CONTENT="Romains.ui.b"
                    HPOS="752"
                    VPOS="2414"
                    WIDTH="317"
                    HEIGHT="71"
                    WC="0.9977030356725057"></String>
          </TextLine>
          <TextLine ID="eSc_line_5dc5258e"
                    TAGREFS="LT8"
                    BASELINE="806 2515 1558 2515" 
                    HPOS="802"
                    VPOS="2466"
                    WIDTH="753"
                    HEIGHT="87">
            <Shape><Polygon POINTS="802 2511 802 2549 1551 2553 1555 2511 1555 2466 802 2466 802 2511"/></Shape>
            <String CONTENT="Uiure en delices/ est mort. i.Timo.u.e"
                    HPOS="802"
                    VPOS="2466"
                    WIDTH="753"
                    HEIGHT="87"
                    WC="0.9978814391713393"></String>
          </TextLine>
          <TextLine ID="eSc_line_404ccd9a"
                    TAGREFS="LT8"
                    BASELINE="1018 2573 1269 2576" 
                    HPOS="1016"
                    VPOS="2528"
                    WIDTH="253"
                    HEIGHT="66">
            <Shape><Polygon POINTS="1018 2573 1016 2591 1264 2594 1269 2576 1267 2530 1018 2528 1018 2573"/></Shape>
            <String CONTENT="¶ Unction."
                    HPOS="1016"
                    VPOS="2528"
                    WIDTH="253"
                    HEIGHT="66"
                    WC="0.9982098639011383"></String>
          </TextLine>
          <TextLine ID="eSc_line_65144716"
                    TAGREFS="LT8"
                    BASELINE="808 2632 1485 2629" 
                    HPOS="806"
                    VPOS="2586"
                    WIDTH="679"
                    HEIGHT="68">
            <Shape><Polygon POINTS="808 2632 808 2654 1482 2652 1485 2629 1477 2586 806 2589 808 2632"/></Shape>
            <String CONTENT="Unction de Christ. Daniel.ix. g"
                    HPOS="806"
                    VPOS="2586"
                    WIDTH="679"
                    HEIGHT="68"
                    WC="0.9999336888713222"></String>
          </TextLine>
          <TextLine ID="eSc_line_41fdab78"
                    TAGREFS="LT8"
                    BASELINE="806 2685 1558 2688" 
                    HPOS="798"
                    VPOS="2629"
                    WIDTH="757"
                    HEIGHT="91">
            <Shape><Polygon POINTS="802 2682 798 2713 1547 2720 1555 2686 1547 2629 802 2629 802 2682"/></Shape>
            <String CONTENT="Lunction de Christ/ cest le sainct espe¬"
                    HPOS="798"
                    VPOS="2629"
                    WIDTH="757"
                    HEIGHT="91"
                    WC="0.9858069583773613"></String>
          </TextLine>
          <TextLine ID="eSc_line_9bf4aff0"
                    TAGREFS="LT8"
                    BASELINE="752 2741 1568 2748" 
                    HPOS="750"
                    VPOS="2695"
                    WIDTH="818"
                    HEIGHT="73">
            <Shape><Polygon POINTS="752 2741 750 2761 1563 2768 1568 2748 1566 2695 752 2695 752 2741"/></Shape>
            <String CONTENT="rit/ leq̃l receoiuẽt tous les fideles. i. Iehan"
                    HPOS="750"
                    VPOS="2695"
                    WIDTH="818"
                    HEIGHT="73"
                    WC="0.9925093750158945"></String>
          </TextLine>
          <TextLine ID="eSc_line_cee230a3"
                    TAGREFS="LT8"
                    BASELINE="755 2799 1570 2802" 
                    HPOS="749"
                    VPOS="2747"
                    WIDTH="817"
                    HEIGHT="80">
            <Shape><Polygon POINTS="753 2796 749 2823 1559 2827 1566 2800 1563 2751 753 2747 753 2796"/></Shape>
            <String CONTENT="ii.d: ⁊ qui nous enseigne toutes choses a sa"
                    HPOS="749"
                    VPOS="2747"
                    WIDTH="817"
                    HEIGHT="80"
                    WC="0.9836609417741949"></String>
          </TextLine>
          <TextLine ID="eSc_line_56186577"
                    TAGREFS="LT8"
                    BASELINE="755 2855 1570 2857" 
                    HPOS="753"
                    VPOS="2804"
                    WIDTH="813"
                    HEIGHT="91">
            <Shape><Polygon POINTS="753 2853 753 2888 1563 2895 1566 2853 1566 2804 753 2804 753 2853"/></Shape>
            <String CONTENT="lut. Nous nauons plus dõc de unction cor"
                    HPOS="753"
                    VPOS="2804"
                    WIDTH="813"
                    HEIGHT="91"
                    WC="0.981119799904707"></String>
          </TextLine>
          <TextLine ID="eSc_line_1f10be86"
                    TAGREFS="LT8"
                    BASELINE="755 2913 1570 2916" 
                    HPOS="749"
                    VPOS="2861"
                    WIDTH="817"
                    HEIGHT="84">
            <Shape><Polygon POINTS="753 2910 749 2941 1559 2945 1566 2914 1563 2865 753 2861 753 2910"/></Shape>
            <String CONTENT="porelle/ faicte dhuyles: mais spirituelle par"
                    HPOS="749"
                    VPOS="2861"
                    WIDTH="817"
                    HEIGHT="84"
                    WC="0.9754594418737623"></String>
          </TextLine>
          <TextLine ID="eSc_line_b6bad9fe"
                    TAGREFS="LT8"
                    BASELINE="755 2974 1107 2974" 
                    HPOS="755"
                    VPOS="2936"
                    WIDTH="352"
                    HEIGHT="63">
            <Shape><Polygon POINTS="755 2974 755 2999 1107 2999 1107 2974 1107 2936 755 2936 755 2974"/></Shape>
            <String CONTENT="le sainct esperit."
                    HPOS="755"
                    VPOS="2936"
                    WIDTH="352"
                    HEIGHT="63"
                    WC="0.9944107168250613"></String>
          </TextLine>
          <TextLine ID="eSc_line_8b939dc1"
                    TAGREFS="LT8"
                    BASELINE="1021 3037 1254 3034" 
                    HPOS="1018"
                    VPOS="2986"
                    WIDTH="236"
                    HEIGHT="76">
            <Shape><Polygon POINTS="1021 3037 1021 3062 1252 3060 1254 3034 1249 2989 1018 2986 1021 3037"/></Shape>
            <String CONTENT="¶ Union."
                    HPOS="1018"
                    VPOS="2986"
                    WIDTH="236"
                    HEIGHT="76"
                    WC="0.9937840178608894"></String>
          </TextLine>
          <TextLine ID="eSc_line_bee55f16"
                    TAGREFS="LT8"
                    BASELINE="811 3088 1575 3090" 
                    HPOS="806"
                    VPOS="3032"
                    WIDTH="768"
                    HEIGHT="84">
            <Shape><Polygon POINTS="1190 3036 1152 3036 1114 3036 1076 3036 1038 3036 1034 3032 810 3032 810 3085 806 3116 1570 3116 1574 3089 1574 3040 1190 3036 1190 3036"/></Shape>
            <String CONTENT="Union nous est recõmãdee. Philip.i.d"
                    HPOS="806"
                    VPOS="3032"
                    WIDTH="768"
                    HEIGHT="84"
                    WC="0.9879085703899986"></String>
          </TextLine>
          <TextLine ID="eSc_line_66345f37"
                    TAGREFS="LT8"
                    BASELINE="757 3148 1094 3143" 
                    HPOS="755"
                    VPOS="3093"
                    WIDTH="339"
                    HEIGHT="91">
            <Shape><Polygon POINTS="755 3110 757 3148 757 3174 773 3184 775 3184 778 3184 780 3184 783 3184 823 3171 864 3184 866 3184 869 3184 871 3184 927 3171 1092 3176 1094 3143 1089 3105 767 3093 765 3093 762 3093 760 3093 760 3095 757 3095 755 3110"/></Shape>
            <String CONTENT="ii.a i.Pier.iii.b"
                    HPOS="755"
                    VPOS="3093"
                    WIDTH="339"
                    HEIGHT="91"
                    WC="0.970099109060624"></String>
          </TextLine>
          <TextLine ID="eSc_line_6327fb1c"
                    TAGREFS="LT8"
                    BASELINE="813 3204 1575 3204" 
                    HPOS="810"
                    VPOS="3157"
                    WIDTH="764"
                    HEIGHT="80">
            <Shape><Polygon POINTS="810 3203 810 3237 1574 3237 1574 3203 1574 3157 810 3157 810 3203"/></Shape>
            <String CONTENT="Luniõ des chrestiẽs est de Christ. Ieh."
                    HPOS="810"
                    VPOS="3157"
                    WIDTH="764"
                    HEIGHT="80"
                    WC="0.9880142110150035"></String>
          </TextLine>
          <TextLine ID="eSc_line_b721e846"
                    TAGREFS="LT8"
                    BASELINE="757 3262 1575 3262" 
                    HPOS="756"
                    VPOS="3211"
                    WIDTH="818"
                    HEIGHT="83">
            <Shape><Polygon POINTS="756 3260 756 3294 1574 3294 1574 3260 1574 3211 756 3211 756 3260"/></Shape>
            <String CONTENT="xuii.d/ laq̃lle estoit aux p̃miers. Ac.xiiii.f:"
                    HPOS="756"
                    VPOS="3211"
                    WIDTH="818"
                    HEIGHT="83"
                    WC="0.9770652055740356"></String>
          </TextLine>
          <TextLine ID="eSc_line_7a62955d"
                    TAGREFS="LT8"
                    BASELINE="760 3318 1249 3323" 
                    HPOS="757"
                    VPOS="3278"
                    WIDTH="492"
                    HEIGHT="66">
            <Shape><Polygon POINTS="760 3318 757 3338 1244 3344 1249 3323 1247 3283 760 3278 760 3318"/></Shape>
            <String CONTENT="qui est louee. Ephe .iiii. a"
                    HPOS="757"
                    VPOS="3278"
                    WIDTH="492"
                    HEIGHT="66"
                    WC="0.9818210176059178"></String>
          </TextLine>
          <TextLine ID="eSc_line_ce65699f"
                    TAGREFS="LT8"
                    BASELINE="780 3374 1563 3376" 
                    HPOS="775"
                    VPOS="3325"
                    WIDTH="784"
                    HEIGHT="91">
            <Shape><Polygon POINTS="779 3370 775 3416 1555 3416 1559 3374 1555 3325 779 3325 779 3370"/></Shape>
            <String CONTENT="Noꝰ sõmes tous ung/ en christ. Gal.iii.d"
                    HPOS="775"
                    VPOS="3325"
                    WIDTH="784"
                    HEIGHT="91"
                    WC="0.9985690131420042"></String>
          </TextLine>
          <TextLine ID="eSc_line_65b8578d"
                    TAGREFS="LT8"
                    BASELINE="1013 3437 1295 3437" 
                    HPOS="1013"
                    VPOS="3394"
                    WIDTH="282"
                    HEIGHT="69">
            <Shape><Polygon POINTS="1013 3437 1013 3460 1292 3463 1295 3437 1295 3399 1013 3394 1013 3437"/></Shape>
            <String CONTENT="¶ Uocation."
                    HPOS="1013"
                    VPOS="3394"
                    WIDTH="282"
                    HEIGHT="69"
                    WC="0.999985012141141"></String>
          </TextLine>
          <TextLine ID="eSc_line_5c90a486"
                    TAGREFS="LT8"
                    BASELINE="798 3490 1419 3496" 
                    HPOS="795"
                    VPOS="3450"
                    WIDTH="624"
                    HEIGHT="68">
            <Shape><Polygon POINTS="798 3490 795 3518 1416 3516 1419 3496 1416 3455 798 3450 798 3490"/></Shape>
            <String CONTENT="Uocation que cest. Roma.xii.d"
                    HPOS="795"
                    VPOS="3450"
                    WIDTH="624"
                    HEIGHT="68"
                    WC="0.9757551571418499"></String>
          </TextLine>
          <TextLine ID="eSc_line_c1117033"
                    TAGREFS="LT8"
                    BASELINE="800 3554 1563 3550" 
                    HPOS="794"
                    VPOS="3496"
                    WIDTH="765"
                    HEIGHT="91">
            <Shape><Polygon POINTS="798 3553 798 3587 1555 3583 1559 3549 1547 3496 794 3499 798 3553"/></Shape>
            <String CONTENT="Nous sommes appellez de Dieu. Rom̃."
                    HPOS="794"
                    VPOS="3496"
                    WIDTH="765"
                    HEIGHT="91"
                    WC="0.9977330854960851"></String>
          </TextLine>
          <TextLine ID="eSc_line_4d420597"
                    TAGREFS="LT8"
                    BASELINE="755 3604 1563 3604" 
                    HPOS="753"
                    VPOS="3556"
                    WIDTH="806"
                    HEIGHT="84">
            <Shape><Polygon POINTS="753 3602 753 3636 1555 3640 1559 3602 1559 3556 753 3556 753 3602"/></Shape>
            <String CONTENT="ix.a ii.Timoth.i. c .ii. Pier.i. a/ cõme ap¬"
                    HPOS="753"
                    VPOS="3556"
                    WIDTH="806"
                    HEIGHT="84"
                    WC="0.9832580963770549"></String>
          </TextLine>
          <TextLine ID="eSc_line_59d30044"
                    TAGREFS="LT8"
                    BASELINE="755 3668 1411 3668" 
                    HPOS="755"
                    VPOS="3617"
                    WIDTH="656"
                    HEIGHT="84">
            <Shape><Polygon POINTS="755 3668 755 3701 1411 3701 1411 3668 1409 3617 755 3625 755 3668"/></Shape>
            <String CONTENT="pert en la parabole. Matth.xx.a"
                    HPOS="755"
                    VPOS="3617"
                    WIDTH="656"
                    HEIGHT="84"
                    WC="0.9961256327167634"></String>
          </TextLine>
          <TextLine ID="eSc_line_d480dd34"
                    TAGREFS="LT8"
                    BASELINE="813 3721 1563 3721" 
                    HPOS="810"
                    VPOS="3670"
                    WIDTH="749"
                    HEIGHT="88">
            <Shape><Polygon POINTS="810 3720 810 3750 1555 3758 1559 3720 1555 3670 810 3670 810 3720"/></Shape>
            <String CONTENT="La uocation des Gentilz et des Iuifz."
                    HPOS="810"
                    VPOS="3670"
                    WIDTH="749"
                    HEIGHT="88"
                    WC="0.9955140223374238"></String>
          </TextLine>
          <TextLine ID="eSc_line_f3e4a560"
                    TAGREFS="LT8"
                    BASELINE="752 3777 1077 3782" 
                    HPOS="750"
                    VPOS="3724"
                    WIDTH="327"
                    HEIGHT="78">
            <Shape><Polygon POINTS="752 3777 750 3797 1072 3802 1077 3782 1074 3729 752 3724 752 3777"/></Shape>
            <String CONTENT="Romains.xu.c"
                    HPOS="750"
                    VPOS="3724"
                    WIDTH="327"
                    HEIGHT="78"
                    WC="0.9999915063381195"></String>
          </TextLine>
          <TextLine ID="eSc_line_f2dc8289"
                    TAGREFS="LT8"
                    BASELINE="798 3838 1551 3838" 
                    HPOS="794"
                    VPOS="3777"
                    WIDTH="753"
                    HEIGHT="91">
            <Shape><Polygon POINTS="794 3838 794 3864 1544 3868 1547 3838 1544 3777 794 3784 794 3838"/></Shape>
            <String CONTENT="Dieu a preordonnez ceulx quil appelle"
                    HPOS="794"
                    VPOS="3777"
                    WIDTH="753"
                    HEIGHT="91"
                    WC="0.9978789574391133"></String>
          </TextLine>
          <TextLine ID="eSc_line_03f59281"
                    TAGREFS="LT8"
                    BASELINE="752 3891 1551 3898" 
                    HPOS="745"
                    VPOS="3830"
                    WIDTH="802"
                    HEIGHT="95">
            <Shape><Polygon POINTS="1509 3841 1471 3841 1433 3841 1395 3841 1357 3841 1319 3841 1281 3841 1243 3841 1205 3841 1167 3841 1129 3841 1091 3841 1053 3841 1015 3841 977 3841 939 3841 901 3841 863 3841 825 3841 817 3830 749 3830 749 3887 745 3917 1540 3925 1547 3895 1544 3838 1509 3841"/></Shape>
            <String CONTENT="Rom̃.uiii.f Gala.i. a: ⁊ iceulx loyẽt quãt"
                    HPOS="745"
                    VPOS="3830"
                    WIDTH="802"
                    HEIGHT="95"
                    WC="0.9836019087921489"></String>
          </TextLine>
          <TextLine ID="eSc_line_c11c7988"
                    TAGREFS="LT8"
                    BASELINE="757 3952 1317 3954" 
                    HPOS="755"
                    VPOS="3898"
                    WIDTH="562"
                    HEIGHT="81">
            <Shape><Polygon POINTS="757 3952 755 3979 1315 3974 1317 3954 1315 3903 757 3898 757 3952"/></Shape>
            <String CONTENT="ilz sont appellez. Iehan.x.c"
                    HPOS="755"
                    VPOS="3898"
                    WIDTH="562"
                    HEIGHT="81"
                    WC="0.9993680651698794"></String>
          </TextLine>
          <TextLine ID="eSc_line_b2a8c6ca"
                    TAGREFS="LT8"
                    BASELINE="790 4010 1551 4008" 
                    HPOS="783"
                    VPOS="3948"
                    WIDTH="764"
                    HEIGHT="159">
            <Shape><Polygon POINTS="1277 3955 1239 3955 1201 3955 1163 3955 1156 3955 783 3959 787 4009 787 4107 935 4107 935 4104 939 4104 1015 4073 1057 4092 1061 4092 1064 4092 1068 4092 1133 4066 1281 4066 1361 4104 1365 4104 1369 4104 1372 4104 1490 4066 1540 4092 1547 4005 1536 3948 1304 3952 1277 3955"/></Shape>
            <String CONTENT="Dieu nous oasppeiez a sa alotre paeg"
                    HPOS="783"
                    VPOS="3948"
                    WIDTH="764"
                    HEIGHT="159"
                    WC="0.9254935789439414"></String>
          </TextLine>
        </TextBlock>
        <TextBlock HPOS="1584"
                   VPOS="456"
                   WIDTH="845"
                   HEIGHT="3632"
                   ID="eSc_textblock_5e399df2"
                   TAGREFS="BT12">
          <Shape><Polygon POINTS="1586 456 1584 4078 2429 4088 2429 461"/></Shape>
          <TextLine ID="eSc_line_4122f076"
                    TAGREFS="LT8"
                    BASELINE="1623 506 2070 511" 
                    HPOS="1616"
                    VPOS="448"
                    WIDTH="452"
                    HEIGHT="91">
            <Shape><Polygon POINTS="1620 505 1616 539 2065 535 2068 509 2065 456 1620 448 1620 505"/></Shape>
            <String CONTENT="sus Christ. i.Pier.u.c"
                    HPOS="1616"
                    VPOS="448"
                    WIDTH="452"
                    HEIGHT="91"
                    ></String>
          </TextLine>
          <TextLine ID="eSc_line_efb2a2a2"
                    TAGREFS="LT8"
                    BASELINE="1875 567 2085 570" 
                    HPOS="1873"
                    VPOS="521"
                    WIDTH="212"
                    HEIGHT="71">
            <Shape><Polygon POINTS="1875 567 1873 592 2083 587 2085 570 2085 529 1875 521 1875 567"/></Shape>
            <String CONTENT="¶ Uoye."
                    HPOS="1873"
                    VPOS="521"
                    WIDTH="212"
                    HEIGHT="71"
                    WC="0.9915011865752084"></String>
          </TextLine>
          <TextLine ID="eSc_line_871c5ceb"
                    TAGREFS="LT8"
                    BASELINE="1657 623 2407 631" 
                    HPOS="1650"
                    VPOS="558"
                    WIDTH="753"
                    HEIGHT="110">
            <Shape><Polygon POINTS="2072 570 2034 570 1996 570 1958 570 1920 570 1882 570 1878 562 1654 566 1654 619 1650 646 2396 668 2403 630 2399 558 2278 577 2228 558 2224 558 2221 558 2072 558 2072 570"/></Shape>
            <String CONTENT="Christ est la uoye/ par laquelle on ua au"
                    HPOS="1650"
                    VPOS="558"
                    WIDTH="753"
                    HEIGHT="110"
                    ></String>
          </TextLine>
          <TextLine ID="eSc_line_3359f331"
                    TAGREFS="LT8"
                    BASELINE="1618 684 1997 684" 
                    HPOS="1616"
                    VPOS="627"
                    WIDTH="380"
                    HEIGHT="91">
            <Shape><Polygon POINTS="1616 684 1616 718 1996 706 1996 684 1996 634 1616 627 1616 684"/></Shape>
            <String CONTENT="pere. Iehan.xiiii.a"
                    HPOS="1616"
                    VPOS="627"
                    WIDTH="380"
                    HEIGHT="91"
                    ></String>
          </TextLine>
          <TextLine ID="eSc_line_0534cc8b"
                    TAGREFS="LT8"
                    BASELINE="1644 737 2407 746" 
                    HPOS="1639"
                    VPOS="680"
                    WIDTH="764"
                    HEIGHT="91">
            <Shape><Polygon POINTS="1985 687 1947 687 1909 687 1871 687 1833 687 1795 687 1757 687 1719 687 1681 687 1643 687 1643 733 1639 767 2396 771 2403 744 2396 680 1985 680 1985 687"/></Shape>
            <String CONTENT="La uoye de Dieu est iuste. Deut.xxxii."
                    HPOS="1639"
                    VPOS="680"
                    WIDTH="764"
                    HEIGHT="91"
                    ></String>
          </TextLine>
          <TextLine ID="eSc_line_96f15012"
                    TAGREFS="LT8"
                    BASELINE="1618 795 2407 802" 
                    HPOS="1612"
                    VPOS="744"
                    WIDTH="791"
                    HEIGHT="84">
            <Shape><Polygon POINTS="2377 744 2339 744 2300 744 2262 744 2224 744 2186 744 1616 744 1616 794 1612 817 2396 828 2403 801 2399 744 2377 744"/></Shape>
            <String CONTENT="a Apoca.xu.b Roma.xi.d/ pourtant il la"
                    HPOS="1612"
                    VPOS="744"
                    WIDTH="791"
                    HEIGHT="84"
                    ></String>
          </TextLine>
          <TextLine ID="eSc_line_6b7fdb29"
                    TAGREFS="LT8"
                    BASELINE="1618 851 2407 861" 
                    HPOS="1612"
                    VPOS="798"
                    WIDTH="791"
                    HEIGHT="87">
            <Shape><Polygon POINTS="2377 801 2339 801 2300 801 2262 801 2224 801 2186 801 2148 801 2110 801 2072 801 2034 801 1996 798 1958 798 1920 798 1882 798 1844 798 1806 798 1768 798 1730 798 1692 798 1654 798 1616 798 1616 847 1612 881 2396 885 2403 858 2399 801 2377 801"/></Shape>
            <String CONTENT="fault suyuir. ii.Samu.xxii.c: ce que ne fõt"
                    HPOS="1612"
                    VPOS="798"
                    WIDTH="791"
                    HEIGHT="87"
                    ></String>
          </TextLine>
          <TextLine ID="eSc_line_47807787"
                    TAGREFS="LT8"
                    BASELINE="1618 912 2412 914" 
                    HPOS="1616"
                    VPOS="862"
                    WIDTH="795"
                    HEIGHT="80">
            <Shape><Polygon POINTS="1616 912 1616 942 2411 942 2411 912 2407 862 1616 862 1616 912"/></Shape>
            <String CONTENT="les idolatres. Exode.ix.b c Deute.ix.c"
                    HPOS="1616"
                    VPOS="862"
                    WIDTH="795"
                    HEIGHT="80"
                    ></String>
          </TextLine>
          <TextLine ID="eSc_line_88d0eb48"
                    TAGREFS="LT8"
                    BASELINE="1870 972 2065 972" 
                    HPOS="1870"
                    VPOS="927"
                    WIDTH="195"
                    HEIGHT="76">
            <Shape><Polygon POINTS="1870 972 1870 1003 2065 993 2065 972 2065 934 1870 927 1870 972"/></Shape>
            <String CONTENT="¶ Uoix."
                    HPOS="1870"
                    VPOS="927"
                    WIDTH="195"
                    HEIGHT="76"
                    WC="0.9998753155980792"></String>
          </TextLine>
          <TextLine ID="eSc_line_280433bc"
                    TAGREFS="LT8"
                    BASELINE="1655 1026 2420 1026" 
                    HPOS="1655"
                    VPOS="980"
                    WIDTH="765"
                    HEIGHT="78">
            <Shape><Polygon POINTS="1655 1026 1655 1051 2418 1058 2420 1026 2420 985 1655 980 1655 1026"/></Shape>
            <String CONTENT="La uoix de Dieu doibt estre ouye. Exo"
                    HPOS="1655"
                    VPOS="980"
                    WIDTH="765"
                    HEIGHT="78"
                    WC="0.9963745523143459"></String>
          </TextLine>
          <TextLine ID="eSc_line_2e1bb6d4"
                    TAGREFS="LT8"
                    BASELINE="1618 1087 2405 1086" 
                    HPOS="1612"
                    VPOS="1079"
                    WIDTH="791"
                    HEIGHT="42">
            <Shape><Polygon POINTS="2373 1079 2335 1079 2297 1079 2259 1079 2221 1079 2183 1079 2145 1079 2107 1079 2068 1079 2030 1079 1992 1079 1954 1079 1916 1079 1878 1079 1840 1079 1802 1079 1764 1079 1726 1079 1688 1079 1650 1079 1612 1079 1616 1086 1616 1121 2399 1109 2403 1083 2399 1079 2373 1079"/></Shape>
            <String CONTENT="de.xu.g Deuter.xiii.a xxuii.b xxx.d"
                    HPOS="1612"
                    VPOS="1079"
                    WIDTH="791"
                    HEIGHT="42"
                    ></String>
          </TextLine>
          <TextLine ID="eSc_line_bdd76fbc"
                    TAGREFS="LT8"
                    BASELINE="1662 1145 2392 1142 2414 1142" 
                    HPOS="1654"
                    VPOS="1086"
                    WIDTH="757"
                    HEIGHT="92">
            <Shape><Polygon POINTS="1658 1143 1658 1170 2403 1178 2411 1140 2403 1086 1654 1094 1658 1143"/></Shape>
            <String CONTENT="On ne oyoit poĩt la uoix de Hannah/"
                    HPOS="1654"
                    VPOS="1086"
                    WIDTH="757"
                    HEIGHT="92"
                    WC="0.9702031628953086"></String>
          </TextLine>
          <TextLine ID="eSc_line_2617f47e"
                    TAGREFS="LT8"
                    BASELINE="1618 1201 2230 1203" 
                    HPOS="1616"
                    VPOS="1140"
                    WIDTH="612"
                    HEIGHT="91">
            <Shape><Polygon POINTS="1768 1143 1730 1143 1692 1143 1688 1140 1616 1140 1616 1200 1616 1231 2228 1231 2228 1200 2228 1155 1768 1143 1768 1143"/></Shape>
            <String CONTENT="lors quelle prioit. i.Samuel.i.b"
                    HPOS="1616"
                    VPOS="1140"
                    WIDTH="612"
                    HEIGHT="91"
                    ></String>
          </TextLine>
          <TextLine ID="eSc_line_e38781c7"
                    TAGREFS="LT8"
                    BASELINE="1670 1259 2414 1259" 
                    HPOS="1669"
                    VPOS="1208"
                    WIDTH="742"
                    HEIGHT="84">
            <Shape><Polygon POINTS="1669 1257 1669 1292 2411 1292 2411 1257 2411 1208 1669 1208 1669 1257"/></Shape>
            <String CONTENT="On doibt euiter les nouueaultez de"
                    HPOS="1669"
                    VPOS="1208"
                    WIDTH="742"
                    HEIGHT="84"
                    WC="0.9927872682318968"></String>
          </TextLine>
          <TextLine ID="eSc_line_a3a19d25"
                    TAGREFS="LT8"
                    BASELINE="1606 1317 2415 1312" 
                    HPOS="1604"
                    VPOS="1264"
                    WIDTH="811"
                    HEIGHT="76">
            <Shape><Polygon POINTS="1606 1317 1606 1340 2412 1335 2415 1312 2410 1271 1604 1264 1606 1317"/></Shape>
            <String CONTENT="uoix et questiõs inutiles. i.Timo.ui.b d"
                    HPOS="1604"
                    VPOS="1264"
                    WIDTH="811"
                    HEIGHT="76"
                    WC="0.9828997966719837"></String>
          </TextLine>
          <TextLine ID="eSc_line_42545137"
                    TAGREFS="LT8"
                    BASELINE="1860 1378 2108 1373" 
                    HPOS="1857"
                    VPOS="1330"
                    WIDTH="251"
                    HEIGHT="68">
            <Shape><Polygon POINTS="1860 1378 1860 1398 2106 1393 2108 1373 2101 1330 1857 1332 1860 1378"/></Shape>
            <String CONTENT="¶ Uolunte."
                    HPOS="1857"
                    VPOS="1330"
                    WIDTH="251"
                    HEIGHT="68"
                    WC="0.9998276054859161"></String>
          </TextLine>
          <TextLine ID="eSc_line_df6dd67c"
                    TAGREFS="LT8"
                    BASELINE="1662 1428 2418 1433" 
                    HPOS="1660"
                    VPOS="1385"
                    WIDTH="758"
                    HEIGHT="71">
            <Shape><Polygon POINTS="1662 1428 1660 1449 2412 1456 2418 1433 2418 1385 1662 1385 1662 1428"/></Shape>
            <String CONTENT="Dieu a tout faict par sa uolunte. Ephe."
                    HPOS="1660"
                    VPOS="1385"
                    WIDTH="758"
                    HEIGHT="71"
                    WC="0.975851561778631"></String>
          </TextLine>
          <TextLine ID="eSc_line_97164ff5"
                    TAGREFS="LT8"
                    BASELINE="1609 1486 2411 1489" 
                    HPOS="1608"
                    VPOS="1428"
                    WIDTH="799"
                    HEIGHT="95">
            <Shape><Polygon POINTS="1608 1485 1608 1523 2407 1520 2407 1485 2407 1440 1608 1428 1608 1485"/></Shape>
            <String CONTENT="i.b Apoc.iiii.d/ laquelle est immuable. Pro"
                    HPOS="1608"
                    VPOS="1428"
                    WIDTH="799"
                    HEIGHT="95"
                    ></String>
          </TextLine>
          <TextLine ID="eSc_line_5a89d113"
                    TAGREFS="LT8"
                    BASELINE="1609 1548 2411 1550" 
                    HPOS="1608"
                    VPOS="1497"
                    WIDTH="799"
                    HEIGHT="80">
            <Shape><Polygon POINTS="1608 1546 1608 1573 2403 1577 2407 1546 2407 1497 1608 1497 1608 1546"/></Shape>
            <String CONTENT="uerb.xix.c: ⁊ a laquelle on ne peult resister."
                    HPOS="1608"
                    VPOS="1497"
                    WIDTH="799"
                    HEIGHT="80"
                    ></String>
          </TextLine>
          <TextLine ID="eSc_line_78c5301e"
                    TAGREFS="LT8"
                    BASELINE="1601 1603 2411 1601" 
                    HPOS="1597"
                    VPOS="1550"
                    WIDTH="810"
                    HEIGHT="87">
            <Shape><Polygon POINTS="2396 1550 2358 1550 2320 1550 2281 1550 2243 1550 2205 1550 2167 1550 2129 1550 2091 1550 2053 1550 2015 1550 1977 1550 1939 1550 1901 1550 1863 1550 1825 1550 1787 1550 1749 1550 1711 1550 1673 1550 1635 1550 1597 1550 1597 1599 1597 1626 2403 1637 2407 1599 2407 1550 2396 1550"/></Shape>
            <String CONTENT="Gene.l.c: Exẽple de Ahab. ii.Chroniq."
                    HPOS="1597"
                    VPOS="1550"
                    WIDTH="810"
                    HEIGHT="87"
                    ></String>
          </TextLine>
          <TextLine ID="eSc_line_fd074fff"
                    TAGREFS="LT8"
                    BASELINE="1599 1661 2405 1661" 
                    HPOS="1599"
                    VPOS="1621"
                    WIDTH="806"
                    HEIGHT="66">
            <Shape><Polygon POINTS="1599 1661 1599 1687 2405 1682 2405 1661 2405 1621 1599 1621 1599 1661"/></Shape>
            <String CONTENT="xuiii.g: Item de Balaam. Nomb.xxii.d"
                    HPOS="1599"
                    VPOS="1621"
                    WIDTH="806"
                    HEIGHT="66"
                    ></String>
          </TextLine>
          <TextLine ID="eSc_line_baf646e0"
                    TAGREFS="LT8"
                    BASELINE="1650 1715 2415 1720" 
                    HPOS="1647"
                    VPOS="1666"
                    WIDTH="768"
                    HEIGHT="71">
            <Shape><Polygon POINTS="1650 1715 1647 1735 2410 1737 2415 1720 2410 1666 1650 1669 1650 1715"/></Shape>
            <String CONTENT="La uolunte de Dieu doibt estre faicte ⁊"
                    HPOS="1647"
                    VPOS="1666"
                    WIDTH="768"
                    HEIGHT="71"
                    WC="0.9966892156845484"></String>
          </TextLine>
          <TextLine ID="eSc_line_c80dea3c"
                    TAGREFS="LT8"
                    BASELINE="1606 1773 2419 1779" 
                    HPOS="1601"
                    VPOS="1717"
                    WIDTH="817"
                    HEIGHT="88">
            <Shape><Polygon POINTS="1604 1770 1601 1805 2415 1805 2418 1778 2418 1725 1604 1717 1604 1770"/></Shape>
            <String CONTENT="cõgneue. Roma.xii.a Ephe.u.d: car qui la"
                    HPOS="1601"
                    VPOS="1717"
                    WIDTH="817"
                    HEIGHT="88"
                    ></String>
          </TextLine>
          <TextLine ID="eSc_line_04da0b20"
                    TAGREFS="LT8"
                    BASELINE="1606 1834 2418 1834" 
                    HPOS="1604"
                    VPOS="1782"
                    WIDTH="811"
                    HEIGHT="83">
            <Shape><Polygon POINTS="1604 1831 1604 1862 2411 1865 2415 1831 2415 1782 1604 1782 1604 1831"/></Shape>
            <String CONTENT="faict/ est chrestien. Matth.uii.c: Exẽple de"
                    HPOS="1604"
                    VPOS="1782"
                    WIDTH="811"
                    HEIGHT="83"
                    ></String>
          </TextLine>
          <TextLine ID="eSc_line_bc33bf8c"
                    TAGREFS="LT8"
                    BASELINE="1606 1892 2314 1887" 
                    HPOS="1601"
                    VPOS="1839"
                    WIDTH="711"
                    HEIGHT="83">
            <Shape><Polygon POINTS="1604 1888 1604 1922 2308 1911 2312 1884 2300 1839 1601 1839 1604 1888"/></Shape>
            <String CONTENT="Iehosuah/ ⁊ Caleb. Nomb.xxxii.b"
                    HPOS="1601"
                    VPOS="1839"
                    WIDTH="711"
                    HEIGHT="83"
                    WC="0.9916502525729518"></String>
          </TextLine>
          <TextLine ID="eSc_line_5d222f31"
                    TAGREFS="LT8"
                    BASELINE="1655 1948 2419 1949" 
                    HPOS="1654"
                    VPOS="1896"
                    WIDTH="764"
                    HEIGHT="80">
            <Shape><Polygon POINTS="1654 1945 1654 1976 2418 1976 2418 1945 2418 1900 1654 1896 1654 1945"/></Shape>
            <String CONTENT="Cest la uolunte de Dieu q̃ nous soyõs"
                    HPOS="1654"
                    VPOS="1896"
                    WIDTH="764"
                    HEIGHT="80"
                    WC="0.981529962075384"></String>
          </TextLine>
          <TextLine ID="eSc_line_db67c47e"
                    TAGREFS="LT8"
                    BASELINE="1606 2001 2410 2008" 
                    HPOS="1601"
                    VPOS="1941"
                    WIDTH="806"
                    HEIGHT="92">
            <Shape><Polygon POINTS="2403 1949 2365 1949 2327 1949 2289 1949 2251 1949 2213 1949 2175 1949 2137 1949 2099 1949 2061 1949 2023 1949 1985 1949 1947 1949 1909 1949 1871 1949 1833 1949 1795 1949 1757 1949 1719 1949 1681 1949 1673 1941 1604 1941 1604 1998 1601 2033 2403 2033 2407 2006 2403 1949 2403 1949"/></Shape>
            <String CONTENT="sãctifiez ⁊ purgez de noz pechez ꝑ Christ."
                    HPOS="1601"
                    VPOS="1941"
                    WIDTH="806"
                    HEIGHT="92"
                    ></String>
          </TextLine>
          <TextLine ID="eSc_line_a3c3598e"
                    TAGREFS="LT8"
                    BASELINE="1606 2062 2419 2064" 
                    HPOS="1601"
                    VPOS="2010"
                    WIDTH="817"
                    HEIGHT="76">
            <Shape><Polygon POINTS="1604 2059 1601 2086 2415 2086 2418 2063 2415 2014 1604 2010 1604 2059"/></Shape>
            <String CONTENT="Ebrie.ii.c: affin que nous soyons sainctz."
                    HPOS="1601"
                    VPOS="2010"
                    WIDTH="817"
                    HEIGHT="76"
                    ></String>
          </TextLine>
          <TextLine ID="eSc_line_c5c82c86"
                    TAGREFS="LT8"
                    BASELINE="1606 2120 2419 2124" 
                    HPOS="1601"
                    VPOS="2063"
                    WIDTH="817"
                    HEIGHT="84">
            <Shape><Polygon POINTS="1604 2116 1601 2147 2415 2143 2418 2120 2415 2067 1604 2063 1604 2116"/></Shape>
            <String CONTENT="i.Thessa.iiii.a u.c: ⁊ que en bien faisant"
                    HPOS="1601"
                    VPOS="2063"
                    WIDTH="817"
                    HEIGHT="84"
                    ></String>
          </TextLine>
          <TextLine ID="eSc_line_03211f48"
                    TAGREFS="LT8"
                    BASELINE="1599 2176 2410 2176" 
                    HPOS="1597"
                    VPOS="2124"
                    WIDTH="810"
                    HEIGHT="87">
            <Shape><Polygon POINTS="1597 2173 1597 2211 2407 2204 2407 2173 2407 2128 1597 2124 1597 2173"/></Shape>
            <String CONTENT="nous faisiõs taire les meschãs. i.Pier.ii.c"
                    HPOS="1597"
                    VPOS="2124"
                    WIDTH="810"
                    HEIGHT="87"
                    ></String>
          </TextLine>
          <TextLine ID="eSc_line_5a9fe6dd"
                    TAGREFS="LT8"
                    BASELINE="1647 2234 2419 2232" 
                    HPOS="1646"
                    VPOS="2185"
                    WIDTH="772"
                    HEIGHT="79">
            <Shape><Polygon POINTS="1646 2230 1646 2261 2415 2264 2418 2230 2418 2185 1646 2185 1646 2230"/></Shape>
            <String CONTENT="Nous deuons prier que la uolunte de"
                    HPOS="1646"
                    VPOS="2185"
                    WIDTH="772"
                    HEIGHT="79"
                    WC="0.9952579089573451"></String>
          </TextLine>
          <TextLine ID="eSc_line_15c1d742"
                    TAGREFS="LT8"
                    BASELINE="1599 2288 2410 2285" 
                    HPOS="1593"
                    VPOS="2238"
                    WIDTH="814"
                    HEIGHT="87">
            <Shape><Polygon POINTS="1597 2287 1597 2325 2403 2318 2407 2283 2396 2238 1593 2238 1597 2287"/></Shape>
            <String CONTENT="Dieu soit faicte. Matth.ui: a lexemple de"
                    HPOS="1593"
                    VPOS="2238"
                    WIDTH="814"
                    HEIGHT="87"
                    WC="0.9994402774950353"></String>
          </TextLine>
          <TextLine ID="eSc_line_9c140231"
                    TAGREFS="LT8"
                    BASELINE="1606 2345 2419 2349" 
                    HPOS="1601"
                    VPOS="2287"
                    WIDTH="817"
                    HEIGHT="88">
            <Shape><Polygon POINTS="1604 2344 1601 2375 2415 2371 2418 2348 2411 2287 1604 2287 1604 2344"/></Shape>
            <String CONTENT="Christ. Iehã.iiii.d Matth.xxui: Item de"
                    HPOS="1601"
                    VPOS="2287"
                    WIDTH="817"
                    HEIGHT="88"
                    ></String>
          </TextLine>
          <TextLine ID="eSc_line_2b610bad"
                    TAGREFS="LT8"
                    BASELINE="1606 2404 2405 2401" 
                    HPOS="1601"
                    VPOS="2352"
                    WIDTH="802"
                    HEIGHT="91">
            <Shape><Polygon POINTS="1604 2401 1604 2443 2399 2443 2403 2397 2392 2352 1601 2352 1604 2401"/></Shape>
            <String CONTENT="Paul. ii.Thessa.i.b Ebrie.xiii.d: Item de"
                    HPOS="1601"
                    VPOS="2352"
                    WIDTH="802"
                    HEIGHT="91"
                    ></String>
          </TextLine>
          <TextLine ID="eSc_line_62e1aa33"
                    TAGREFS="LT8"
                    BASELINE="1606 2462 2087 2462" 
                    HPOS="1604"
                    VPOS="2413"
                    WIDTH="480"
                    HEIGHT="83">
            <Shape><Polygon POINTS="1604 2458 1604 2496 2084 2485 2084 2458 2084 2413 1604 2413 1604 2458"/></Shape>
            <String CONTENT="Epaphras. Coloss.iiii.c"
                    HPOS="1604"
                    VPOS="2413"
                    WIDTH="480"
                    HEIGHT="83"
                    ></String>
          </TextLine>
          <TextLine ID="eSc_line_10d692ae"
                    TAGREFS="LT8"
                    BASELINE="1647 2518 2415 2518" 
                    HPOS="1647"
                    VPOS="2475"
                    WIDTH="768"
                    HEIGHT="65">
            <Shape><Polygon POINTS="1647 2518 1647 2540 2415 2538 2415 2518 2412 2475 1647 2475 1647 2518"/></Shape>
            <String CONTENT="Tout doibt estre cõmis a la uolunte de"
                    HPOS="1647"
                    VPOS="2475"
                    WIDTH="768"
                    HEIGHT="65"
                    WC="0.9943390916555356"></String>
          </TextLine>
          <TextLine ID="eSc_line_ca407075"
                    TAGREFS="LT8"
                    BASELINE="1625 2574 2410 2576" 
                    HPOS="1624"
                    VPOS="2515"
                    WIDTH="783"
                    HEIGHT="95">
            <Shape><Polygon POINTS="2384 2519 2346 2519 2308 2519 2270 2519 2232 2519 2194 2519 2156 2519 2118 2519 2080 2519 2042 2519 2004 2519 1966 2519 1928 2519 1890 2519 1852 2519 1814 2519 1776 2519 1738 2519 1700 2519 1662 2519 1658 2515 1624 2515 1624 2572 1624 2610 2407 2606 2407 2572 2407 2519 2384 2519"/></Shape>
            <String CONTENT="Dieu. Iacq.iiii.d: Exẽple de Ioseph. Geñ."
                    HPOS="1624"
                    VPOS="2515"
                    WIDTH="783"
                    HEIGHT="95"
                    ></String>
          </TextLine>
          <TextLine ID="eSc_line_683b4c76"
                    TAGREFS="LT8"
                    BASELINE="1611 2632 2412 2629" 
                    HPOS="1604"
                    VPOS="2580"
                    WIDTH="807"
                    HEIGHT="83">
            <Shape><Polygon POINTS="1608 2629 1608 2663 2411 2652 2411 2625 2399 2580 1604 2584 1608 2629"/></Shape>
            <String CONTENT="xlu.b l.c: Item de Paul. Romains.xu.g."
                    HPOS="1604"
                    VPOS="2580"
                    WIDTH="807"
                    HEIGHT="83"
                    ></String>
          </TextLine>
          <TextLine ID="eSc_line_72fc7611"
                    TAGREFS="LT8"
                    BASELINE="1606 2688 2025 2690" 
                    HPOS="1604"
                    VPOS="2637"
                    WIDTH="419"
                    HEIGHT="91">
            <Shape><Polygon POINTS="1604 2686 1604 2728 2023 2717 2023 2686 2019 2637 1604 2637 1604 2686"/></Shape>
            <String CONTENT="i.Corin.iiii.d.xui.a"
                    HPOS="1604"
                    VPOS="2637"
                    WIDTH="419"
                    HEIGHT="91"
                    WC="0.9403130173683166"></String>
          </TextLine>
          <TextLine ID="eSc_line_80e7d74b"
                    TAGREFS="LT8"
                    BASELINE="1647 2748 2409 2743" 
                    HPOS="1643"
                    VPOS="2682"
                    WIDTH="764"
                    HEIGHT="95">
            <Shape><Polygon POINTS="1646 2747 1646 2777 2403 2777 2407 2739 2396 2682 1643 2694 1646 2747"/></Shape>
            <String CONTENT="On ne doibt faire sa ꝓpre uolũte. Eccłi"
                    HPOS="1643"
                    VPOS="2682"
                    WIDTH="764"
                    HEIGHT="95"
                    ></String>
          </TextLine>
          <TextLine ID="eSc_line_8b1a44f8"
                    TAGREFS="LT8"
                    BASELINE="1606 2802 2409 2805" 
                    HPOS="1601"
                    VPOS="2743"
                    WIDTH="806"
                    HEIGHT="88">
            <Shape><Polygon POINTS="2023 2747 1985 2747 1947 2747 1909 2747 1871 2747 1833 2747 1795 2747 1757 2747 1719 2747 1681 2747 1643 2747 1639 2743 1604 2743 1604 2800 1601 2831 2403 2827 2407 2804 2399 2743 2042 2743 2023 2747"/></Shape>
            <String CONTENT="xuiii.d: mais la uolunte de Dieu: car qui"
                    HPOS="1601"
                    VPOS="2743"
                    WIDTH="806"
                    HEIGHT="88"
                    ></String>
          </TextLine>
          <TextLine ID="eSc_line_cdd48e38"
                    TAGREFS="LT8"
                    BASELINE="1606 2858 2407 2860" 
                    HPOS="1604"
                    VPOS="2808"
                    WIDTH="799"
                    HEIGHT="87">
            <Shape><Polygon POINTS="1604 2857 1604 2895 2403 2888 2403 2857 2399 2808 1604 2808 1604 2857"/></Shape>
            <String CONTENT="la faict il demeure a tousiours. i.Iehã.ii.c/"
                    HPOS="1604"
                    VPOS="2808"
                    WIDTH="799"
                    HEIGHT="87"
                    WC="0.9827996064787325"></String>
          </TextLine>
          <TextLine ID="eSc_line_9d0c4ec4"
                    TAGREFS="LT8"
                    BASELINE="1606 2916 2326 2918" 
                    HPOS="1604"
                    VPOS="2861"
                    WIDTH="719"
                    HEIGHT="110">
            <Shape><Polygon POINTS="1604 2914 1604 2952 1829 2971 1833 2971 1836 2971 1878 2948 2205 2948 2320 2971 2323 2914 2320 2861 1604 2865 1604 2914"/></Shape>
            <String CONTENT="et qui ne la faict sera battu. Luc.xii.f"
                    HPOS="1604"
                    VPOS="2861"
                    WIDTH="719"
                    HEIGHT="110"
                    WC="0.9951675727963447"></String>
          </TextLine>
          <TextLine ID="eSc_line_76b25153"
                    TAGREFS="LT8"
                    BASELINE="1850 2979 2070 2979" 
                    HPOS="1850"
                    VPOS="2938"
                    WIDTH="220"
                    HEIGHT="64">
            <Shape><Polygon POINTS="1850 2979 1850 3002 2070 3002 2070 2979 2070 2943 1850 2938 1850 2979"/></Shape>
            <String CONTENT="¶ Uoeuz."
                    HPOS="1850"
                    VPOS="2938"
                    WIDTH="220"
                    HEIGHT="64"
                    WC="0.9999864995479584"></String>
          </TextLine>
          <TextLine ID="eSc_line_f9d22e27"
                    TAGREFS="LT8"
                    BASELINE="1629 3034 2409 3032" 
                    HPOS="1629"
                    VPOS="2989"
                    WIDTH="780"
                    HEIGHT="73">
            <Shape><Polygon POINTS="1629 2989 2409 2992 2409 3062 1629 3062"/></Shape>
            <String CONTENT="Uoeuz/ uulgairemẽt sont prieres. Psal."
                    HPOS="1629"
                    VPOS="2989"
                    WIDTH="780"
                    HEIGHT="73"
                    WC="0.9892503237112974"></String>
          </TextLine>
          <TextLine ID="eSc_line_1905ed6e"
                    TAGREFS="LT8"
                    BASELINE="1601 3090 2387 3098" 
                    HPOS="1593"
                    VPOS="3036"
                    WIDTH="791"
                    HEIGHT="83">
            <Shape><Polygon POINTS="1597 3089 1593 3119 2380 3116 2384 3097 2380 3036 1597 3040 1597 3089"/></Shape>
            <String CONTENT="lxi. louẽges ⁊ actiõs de graces. Psal.lxu."
                    HPOS="1593"
                    VPOS="3036"
                    WIDTH="791"
                    HEIGHT="83"
                    WC="0.9948410080237822"></String>
          </TextLine>
          <TextLine ID="eSc_line_d1477522"
                    TAGREFS="LT8"
                    BASELINE="1642 3151 2407 3143" 
                    HPOS="1639"
                    VPOS="3105"
                    WIDTH="768"
                    HEIGHT="69">
            <Shape><Polygon POINTS="1642 3151 1642 3174 2405 3169 2407 3143 2400 3105 1639 3110 1642 3151"/></Shape>
            <String CONTENT="Uoeu/ souuentesfoys est pris pour dons"
                    HPOS="1639"
                    VPOS="3105"
                    WIDTH="768"
                    HEIGHT="69"
                    WC="0.9987627503119016"></String>
          </TextLine>
          <TextLine ID="eSc_line_b8f18303"
                    TAGREFS="LT8"
                    BASELINE="1601 3204 2409 3204" 
                    HPOS="1597"
                    VPOS="3150"
                    WIDTH="810"
                    HEIGHT="87">
            <Shape><Polygon POINTS="1597 3203 1597 3237 2407 3237 2407 3203 2403 3150 1597 3154 1597 3203"/></Shape>
            <String CONTENT="que on souloit offrir/ ascauoir quelques cho"
                    HPOS="1597"
                    VPOS="3150"
                    WIDTH="810"
                    HEIGHT="87"
                    WC="0.997628768736666"></String>
          </TextLine>
          <TextLine ID="eSc_line_21b0e5d9"
                    TAGREFS="LT8"
                    BASELINE="1601 3262 2412 3262" 
                    HPOS="1597"
                    VPOS="3207"
                    WIDTH="814"
                    HEIGHT="95">
            <Shape><Polygon POINTS="1597 3260 1597 3302 2411 3290 2411 3260 2411 3211 1597 3207 1597 3260"/></Shape>
            <String CONTENT="ses externes/ ⁊ ceremonieuses/ cõme estoit"
                    HPOS="1597"
                    VPOS="3207"
                    WIDTH="814"
                    HEIGHT="95"
                    WC="0.986982008745504"></String>
          </TextLine>
          <TextLine ID="eSc_line_20a575f3"
                    TAGREFS="LT8"
                    BASELINE="1604 3323 2407 3316" 
                    HPOS="1597"
                    VPOS="3264"
                    WIDTH="806"
                    HEIGHT="87">
            <Shape><Polygon POINTS="1601 3321 1601 3351 2399 3344 2403 3313 2392 3264 1597 3271 1601 3321"/></Shape>
            <String CONTENT="raire ses cheueulx/ ne gouster point de uin/"
                    HPOS="1597"
                    VPOS="3264"
                    WIDTH="806"
                    HEIGHT="87"
                    WC="0.9891644729809328"></String>
          </TextLine>
          <TextLine ID="eSc_line_159283ed"
                    TAGREFS="LT8"
                    BASELINE="1604 3377 2405 3379" 
                    HPOS="1597"
                    VPOS="3317"
                    WIDTH="806"
                    HEIGHT="95">
            <Shape><Polygon POINTS="1601 3374 1597 3401 2396 3412 2403 3378 2396 3317 1601 3321 1601 3374"/></Shape>
            <String CONTENT="ce que les Racabites auoiẽt uoue. Ierem̃."
                    HPOS="1597"
                    VPOS="3317"
                    WIDTH="806"
                    HEIGHT="95"
                    WC="0.9956097773143223"></String>
          </TextLine>
          <TextLine ID="eSc_line_fb283bae"
                    TAGREFS="LT8"
                    BASELINE="1604 3440 2407 3432" 
                    HPOS="1597"
                    VPOS="3382"
                    WIDTH="806"
                    HEIGHT="87">
            <Shape><Polygon POINTS="1601 3439 1601 3469 2399 3461 2403 3431 2392 3382 1597 3389 1601 3439"/></Shape>
            <String CONTENT="xxxu.a/ lesq̃lles choses on peult garder ou"
                    HPOS="1597"
                    VPOS="3382"
                    WIDTH="806"
                    HEIGHT="87"
                    ></String>
          </TextLine>
          <TextLine ID="eSc_line_02e9452e"
                    TAGREFS="LT8"
                    BASELINE="1604 3490 2399 3494" 
                    HPOS="1597"
                    VPOS="3435"
                    WIDTH="799"
                    HEIGHT="87">
            <Shape><Polygon POINTS="1981 3439 1943 3439 1905 3439 1867 3439 1829 3439 1791 3439 1753 3439 1715 3439 1677 3439 1639 3439 1601 3439 1601 3488 1597 3522 2392 3518 2396 3492 2388 3435 2000 3435 1981 3439"/></Shape>
            <String CONTENT="laisser/ cõe lunction enseigne pour mieulx"
                    HPOS="1597"
                    VPOS="3435"
                    WIDTH="799"
                    HEIGHT="87"
                    WC="0.988056174544401"></String>
          </TextLine>
          <TextLine ID="eSc_line_b2121ae4"
                    TAGREFS="LT8"
                    BASELINE="1604 3550 2399 3546" 
                    HPOS="1597"
                    VPOS="3499"
                    WIDTH="799"
                    HEIGHT="84">
            <Shape><Polygon POINTS="1601 3549 1601 3583 2392 3583 2396 3545 2384 3499 1597 3499 1601 3549"/></Shape>
            <String CONTENT="auancer la parolle de Dieu: mais quon ne"
                    HPOS="1597"
                    VPOS="3499"
                    WIDTH="799"
                    HEIGHT="84"
                    WC="0.9965691566467285"></String>
          </TextLine>
          <TextLine ID="eSc_line_1cff0629"
                    TAGREFS="LT8"
                    BASELINE="1604 3604 2410 3604" 
                    HPOS="1601"
                    VPOS="3553"
                    WIDTH="806"
                    HEIGHT="91">
            <Shape><Polygon POINTS="1601 3602 1601 3644 2407 3632 2407 3602 2403 3553 1601 3553 1601 3602"/></Shape>
            <String CONTENT="attribue point de merite/ ou de sanctifica¬"
                    HPOS="1601"
                    VPOS="3553"
                    WIDTH="806"
                    HEIGHT="91"
                    WC="0.9907240853753201"></String>
          </TextLine>
          <TextLine ID="eSc_line_6fda8e67"
                    TAGREFS="LT8"
                    BASELINE="1604 3668 2415 3663" 
                    HPOS="1597"
                    VPOS="3613"
                    WIDTH="814"
                    HEIGHT="88">
            <Shape><Polygon POINTS="1601 3667 1601 3701 2407 3697 2411 3659 2399 3613 1597 3617 1601 3667"/></Shape>
            <String CONTENT="tion a loeuure: Exemple de celuy qui se feit"
                    HPOS="1597"
                    VPOS="3613"
                    WIDTH="814"
                    HEIGHT="88"
                    WC="0.9883854077620939"></String>
          </TextLine>
          <TextLine ID="eSc_line_98d66067"
                    TAGREFS="LT8"
                    BASELINE="1604 3721 2387 3721" 
                    HPOS="1601"
                    VPOS="3667"
                    WIDTH="783"
                    HEIGHT="87">
            <Shape><Polygon POINTS="1601 3720 1601 3754 2384 3750 2384 3720 2380 3667 1601 3670 1601 3720"/></Shape>
            <String CONTENT="raire la teste en Cenchray. Actes.xuiii.e"
                    HPOS="1601"
                    VPOS="3667"
                    WIDTH="783"
                    HEIGHT="87"
                    WC="0.9996700519468726"></String>
          </TextLine>
          <TextLine ID="eSc_line_fddb64ab"
                    TAGREFS="LT8"
                    BASELINE="1642 3782 2407 3772" 
                    HPOS="1639"
                    VPOS="3736"
                    WIDTH="768"
                    HEIGHT="71">
            <Shape><Polygon POINTS="1642 3782 1642 3807 2405 3805 2407 3772 2400 3736 1639 3739 1642 3782"/></Shape>
            <String CONTENT="Uouer a Dieu/ pour sanctifier et consa¬"
                    HPOS="1639"
                    VPOS="3736"
                    WIDTH="768"
                    HEIGHT="71"
                    WC="0.9918674093026382"></String>
          </TextLine>
          <TextLine ID="eSc_line_632d5ac7"
                    TAGREFS="LT8"
                    BASELINE="1607 3838 2407 3838" 
                    HPOS="1604"
                    VPOS="3781"
                    WIDTH="799"
                    HEIGHT="91">
            <Shape><Polygon POINTS="1604 3838 1604 3872 2403 3864 2403 3838 2399 3781 1604 3784 1604 3838"/></Shape>
            <String CONTENT="crer est pris ordinairement en Leui.xxui."
                    HPOS="1604"
                    VPOS="3781"
                    WIDTH="799"
                    HEIGHT="91"
                    ></String>
          </TextLine>
          <TextLine ID="eSc_line_5fe997ba"
                    TAGREFS="LT8"
                    BASELINE="1644 3898 2410 3891" 
                    HPOS="1642"
                    VPOS="3845"
                    WIDTH="768"
                    HEIGHT="79">
            <Shape><Polygon POINTS="1644 3898 1644 3924 2407 3924 2410 3891 2402 3845 1642 3855 1644 3898"/></Shape>
            <String CONTENT="Les uoeuz sont en liberte: Exemple de"
                    HPOS="1642"
                    VPOS="3845"
                    WIDTH="768"
                    HEIGHT="79"
                    WC="0.9872504762701086"></String>
          </TextLine>
          <TextLine ID="eSc_line_03af0ea6"
                    TAGREFS="LT8"
                    BASELINE="1597 3957 2410 3949" 
                    HPOS="1589"
                    VPOS="3898"
                    WIDTH="818"
                    HEIGHT="92">
            <Shape><Polygon POINTS="1593 3955 1593 3990 2403 3974 2407 3948 2396 3898 1589 3902 1593 3955"/></Shape>
            <String CONTENT="Hannah qͥ uoua de dõner a Dieu le filz que"
                    HPOS="1589"
                    VPOS="3898"
                    WIDTH="818"
                    HEIGHT="92"
                    WC="0.991911978222603"></String>
          </TextLine>
          <TextLine ID="eSc_line_4acbf31f"
                    TAGREFS="LT8"
                    BASELINE="1597 4008 2410 4005" 
                    HPOS="1589"
                    VPOS="3955"
                    WIDTH="818"
                    HEIGHT="111">
            <Shape><Polygon POINTS="1932 3955 1894 3955 1856 3955 1817 3955 1779 3955 1741 3955 1703 3955 1665 3955 1627 3955 1589 3955 1593 4005 1593 4066 2407 4050 2407 4001 2399 3955 1970 3955 1932 3955"/></Shape>
            <String CONTENT="le Seigneur luy dõneroit. Ce uoeu ne fut"
                    HPOS="1589"
                    VPOS="3955"
                    WIDTH="818"
                    HEIGHT="111"
                    WC="0.9932628288501646"></String>
          </TextLine>
        </TextBlock>
        <TextBlock HPOS="2427"
                   VPOS="458"
                   WIDTH="897"
                   HEIGHT="3615"
                   ID="eSc_textblock_512d39ca"
                   TAGREFS="BT12">
          <Shape><Polygon POINTS="2427 458 2427 4066 3324 4073 3314 461"/></Shape>
          <TextLine ID="eSc_line_aaa03a2f"
                    TAGREFS="LT8"
                    BASELINE="2441 514 3264 524" 
                    HPOS="2434"
                    VPOS="459"
                    WIDTH="829"
                    HEIGHT="92">
            <Shape><Polygon POINTS="3236 463 3198 463 3160 463 3122 463 3084 463 3046 463 3008 463 2970 463 2932 463 2894 463 2856 467 2818 467 2780 467 2742 467 2704 467 2666 467 2628 467 2590 467 2552 467 2513 467 2475 467 2437 459 2437 513 2434 543 3255 551 3263 520 3255 463 3236 463"/></Shape>
            <String CONTENT="poĩt perpetuel: car Samuel estoit ministre"
                    HPOS="2434"
                    VPOS="459"
                    WIDTH="829"
                    HEIGHT="92"
                    WC="0.9993671553079472"></String>
          </TextLine>
          <TextLine ID="eSc_line_6cd06349"
                    TAGREFS="LT8"
                    BASELINE="2441 570 3264 585" 
                    HPOS="2434"
                    VPOS="516"
                    WIDTH="829"
                    HEIGHT="88">
            <Shape><Polygon POINTS="2437 570 2434 592 3255 604 3263 581 3259 524 2437 516 2437 570"/></Shape>
            <String CONTENT="de Eli/ qui depuis le .xxxe. an debuoit"
                    HPOS="2434"
                    VPOS="516"
                    WIDTH="829"
                    HEIGHT="88"
                    ></String>
          </TextLine>
          <TextLine ID="eSc_line_e8ee0393"
                    TAGREFS="LT8"
                    BASELINE="2441 631 3267 640" 
                    HPOS="2434"
                    VPOS="581"
                    WIDTH="829"
                    HEIGHT="87">
            <Shape><Polygon POINTS="3236 581 3198 581 3160 581 3122 581 3084 581 3046 581 3008 581 2437 581 2437 630 2434 653 3255 668 3263 638 3259 581 3236 581"/></Shape>
            <String CONTENT="ministrer au tẽple (selon la loy de Dieu qui"
                    HPOS="2434"
                    VPOS="581"
                    WIDTH="829"
                    HEIGHT="87"
                    ></String>
          </TextLine>
          <TextLine ID="eSc_line_205f1daa"
                    TAGREFS="LT8"
                    BASELINE="2443 686 3267 696" 
                    HPOS="2440"
                    VPOS="646"
                    WIDTH="827"
                    HEIGHT="76">
            <Shape><Polygon POINTS="2443 686 2440 706 3262 722 3267 696 3256 653 2443 646 2443 686"/></Shape>
            <String CONTENT="est escripte Nomb.iiii.) iusque au cinquan¬"
                    HPOS="2440"
                    VPOS="646"
                    WIDTH="827"
                    HEIGHT="76"
                    WC="0.9973465994346974"></String>
          </TextLine>
          <TextLine ID="eSc_line_7230bd5b"
                    TAGREFS="LT8"
                    BASELINE="2441 747 3262 757" 
                    HPOS="2434"
                    VPOS="684"
                    WIDTH="825"
                    HEIGHT="95">
            <Shape><Polygon POINTS="3046 695 3008 695 2996 691 2848 691 2818 691 2780 691 2742 691 2715 687 2643 687 2628 687 2590 687 2552 687 2513 687 2475 687 2472 684 2437 684 2437 744 2434 767 3251 779 3259 756 3259 699 3054 695 3046 695"/></Shape>
            <String CONTENT="tiesme/ ⁊ puis apres il luy estoit loysible de"
                    HPOS="2434"
                    VPOS="684"
                    WIDTH="825"
                    HEIGHT="95"
                    WC="0.998599102963572"></String>
          </TextLine>
          <TextLine ID="eSc_line_e1c30980"
                    TAGREFS="LT8"
                    BASELINE="2441 803 3262 810" 
                    HPOS="2434"
                    VPOS="748"
                    WIDTH="825"
                    HEIGHT="95">
            <Shape><Polygon POINTS="3236 756 3198 756 3160 756 3122 756 3084 756 3046 756 3008 756 2970 752 2932 752 2894 752 2856 752 2818 752 2780 752 2742 752 2704 748 2666 748 2628 748 2590 748 2552 748 2513 748 2475 748 2437 748 2437 801 2434 836 3251 843 3259 809 3255 756 3236 756"/></Shape>
            <String CONTENT="soy retirer/ comme lhystoire le declaire: car"
                    HPOS="2434"
                    VPOS="748"
                    WIDTH="825"
                    HEIGHT="95"
                    ></String>
          </TextLine>
          <TextLine ID="eSc_line_549cc16d"
                    TAGREFS="LT8"
                    BASELINE="2441 861 3262 871" 
                    HPOS="2434"
                    VPOS="805"
                    WIDTH="825"
                    HEIGHT="91">
            <Shape><Polygon POINTS="2437 858 2434 881 3251 896 3259 870 3255 817 2437 805 2437 858"/></Shape>
            <String CONTENT="en apres il habita en la possession de son pe"
                    HPOS="2434"
                    VPOS="805"
                    WIDTH="825"
                    HEIGHT="91"
                    WC="0.9892947196960449"></String>
          </TextLine>
          <TextLine ID="eSc_line_59dc198e"
                    TAGREFS="LT8"
                    BASELINE="2440 914 3264 929" 
                    HPOS="2438"
                    VPOS="871"
                    WIDTH="826"
                    HEIGHT="89">
            <Shape><Polygon POINTS="2440 914 2438 934 3259 960 3264 929 3264 886 2440 871 2440 914"/></Shape>
            <String CONTENT="re en Ramah/ ⁊ fut iuge plusieurs ans en"
                    HPOS="2438"
                    VPOS="871"
                    WIDTH="826"
                    HEIGHT="89"
                    WC="0.9877324119210243"></String>
          </TextLine>
          <TextLine ID="eSc_line_d7a654d9"
                    TAGREFS="LT8"
                    BASELINE="2445 977 2902 972" 
                    HPOS="2443"
                    VPOS="924"
                    WIDTH="459"
                    HEIGHT="79">
            <Shape><Polygon POINTS="2445 977 2445 1003 2899 1003 2902 972 2897 934 2458 924 2456 924 2453 924 2450 924 2450 927 2443 932 2445 977"/></Shape>
            <String CONTENT="Israel. i.Samuel.uii.d"
                    HPOS="2443"
                    VPOS="924"
                    WIDTH="459"
                    HEIGHT="79"
                    ></String>
          </TextLine>
          <TextLine ID="eSc_line_dc31e9b6"
                    TAGREFS="LT8"
                    BASELINE="2504 1031 3264 1041" 
                    HPOS="2501"
                    VPOS="980"
                    WIDTH="763"
                    HEIGHT="84">
            <Shape><Polygon POINTS="2504 1031 2501 1051 3259 1064 3264 1041 3264 995 3066 980 2960 980 2957 980 2955 980 2952 980 2952 982 2940 993 2831 980 2828 980 2504 985 2504 1031"/></Shape>
            <String CONTENT="Elkanab uoulãt offrir son uoeu (cest son"
                    HPOS="2501"
                    VPOS="980"
                    WIDTH="763"
                    HEIGHT="84"
                    ></String>
          </TextLine>
          <TextLine ID="eSc_line_8ab1af31"
                    TAGREFS="LT8"
                    BASELINE="2453 1086 3264 1096" 
                    HPOS="2445"
                    VPOS="1026"
                    WIDTH="818"
                    HEIGHT="102">
            <Shape><Polygon POINTS="3019 1037 2981 1037 2943 1037 2905 1037 2867 1033 2852 1033 2829 1033 2791 1033 2753 1033 2715 1033 2677 1033 2639 1033 2601 1033 2563 1033 2525 1033 2517 1026 2449 1026 2449 1083 2445 1113 3255 1128 3263 1094 3259 1041 3054 1037 3019 1037"/></Shape>
            <String CONTENT="oblation uoluntaire que nous disons ordi"
                    HPOS="2445"
                    VPOS="1026"
                    WIDTH="818"
                    HEIGHT="102"
                    WC="0.9889082983136177"></String>
          </TextLine>
          <TextLine ID="eSc_line_f4c53ead"
                    TAGREFS="LT8"
                    BASELINE="2453 1143 3259 1157" 
                    HPOS="2445"
                    VPOS="1090"
                    WIDTH="810"
                    HEIGHT="95">
            <Shape><Polygon POINTS="2449 1140 2445 1178 3248 1185 3255 1155 3251 1105 2449 1090 2449 1140"/></Shape>
            <String CONTENT="nairement/ deuotion) mõta en Siloh. i.Sa"
                    HPOS="2445"
                    VPOS="1090"
                    WIDTH="810"
                    HEIGHT="95"
                    ></String>
          </TextLine>
          <TextLine ID="eSc_line_3e85541c"
                    TAGREFS="LT8"
                    BASELINE="2453 1205 2635 1200" 
                    HPOS="2445"
                    VPOS="1151"
                    WIDTH="186"
                    HEIGHT="80">
            <Shape><Polygon POINTS="2449 1204 2449 1231 2631 1227 2631 1197 2624 1151 2445 1151 2449 1204"/></Shape>
            <String CONTENT="muel.i.c"
                    HPOS="2445"
                    VPOS="1151"
                    WIDTH="186"
                    HEIGHT="80"
                    WC="0.9997477531433105"></String>
          </TextLine>
          <TextLine ID="eSc_line_0ad50469"
                    TAGREFS="LT8"
                    BASELINE="2488 1259 3201 1271" 
                    HPOS="2486"
                    VPOS="1213"
                    WIDTH="715"
                    HEIGHT="79">
            <Shape><Polygon POINTS="2488 1259 2486 1279 3196 1292 3201 1271 3201 1218 2488 1213 2488 1259"/></Shape>
            <String CONTENT="Uouer pour iurer. i.Samuel.xiiii.d"
                    HPOS="2486"
                    VPOS="1213"
                    WIDTH="715"
                    HEIGHT="79"
                    ></String>
          </TextLine>
          <TextLine ID="eSc_line_8a05b264"
                    TAGREFS="LT8"
                    BASELINE="2486 1319 3256 1330" 
                    HPOS="2483"
                    VPOS="1266"
                    WIDTH="773"
                    HEIGHT="86">
            <Shape><Polygon POINTS="2486 1319 2483 1340 3251 1352 3256 1330 3256 1286 2613 1269 2610 1269 2559 1279 2486 1266 2486 1319"/></Shape>
            <String CONTENT="Uouer par uoeu/ cest promettre en mal."
                    HPOS="2483"
                    VPOS="1266"
                    WIDTH="773"
                    HEIGHT="86"
                    WC="0.9827752285882047"></String>
          </TextLine>
          <TextLine ID="eSc_line_a152e304"
                    TAGREFS="LT8"
                    BASELINE="2445 1373 2734 1380" 
                    HPOS="2443"
                    VPOS="1332"
                    WIDTH="291"
                    HEIGHT="84">
            <Shape><Polygon POINTS="2445 1373 2443 1400 2656 1416 2658 1416 2732 1403 2734 1380 2734 1332 2445 1332 2445 1373"/></Shape>
            <String CONTENT="Actes.xxiii.c"
                    HPOS="2443"
                    VPOS="1332"
                    WIDTH="291"
                    HEIGHT="84"
                    WC="0.9776183091677152"></String>
          </TextLine>
          <TextLine ID="eSc_line_363e3a6f"
                    TAGREFS="LT8"
                    BASELINE="2694 1441 2891 1436" 
                    HPOS="2691"
                    VPOS="1373"
                    WIDTH="200"
                    HEIGHT="88">
            <Shape><Polygon POINTS="2694 1441 2694 1461 2891 1459 2891 1436 2886 1388 2821 1373 2818 1373 2691 1390 2694 1441"/></Shape>
            <String CONTENT="¶ Usure."
                    HPOS="2691"
                    VPOS="1373"
                    WIDTH="200"
                    HEIGHT="88"
                    WC="0.9965533167123795"></String>
          </TextLine>
          <TextLine ID="eSc_line_3972954f"
                    TAGREFS="LT8"
                    BASELINE="2488 1492 3259 1499" 
                    HPOS="2486"
                    VPOS="1441"
                    WIDTH="773"
                    HEIGHT="86">
            <Shape><Polygon POINTS="2488 1492 2486 1509 3254 1527 3259 1499 3256 1456 2488 1441 2488 1492"/></Shape>
            <String CONTENT="Dieu deffend de dõner a usure/ quelque"
                    HPOS="2486"
                    VPOS="1441"
                    WIDTH="773"
                    HEIGHT="86"
                    WC="0.9942887731087513"></String>
          </TextLine>
          <TextLine ID="eSc_line_e2e64f7c"
                    TAGREFS="LT8"
                    BASELINE="2445 1550 3066 1552" 
                    HPOS="2437"
                    VPOS="1497"
                    WIDTH="628"
                    HEIGHT="80">
            <Shape><Polygon POINTS="2441 1546 2437 1573 3057 1577 3065 1550 3061 1501 2441 1497 2441 1546"/></Shape>
            <String CONTENT="chose que ce soit. Deute.xxiii.d"
                    HPOS="2437"
                    VPOS="1497"
                    WIDTH="628"
                    HEIGHT="80"
                    WC="0.9962921123951674"></String>
          </TextLine>
          <TextLine ID="eSc_line_0dab1624"
                    TAGREFS="LT8"
                    BASELINE="2486 1606 3259 1613" 
                    HPOS="2483"
                    VPOS="1563"
                    WIDTH="776"
                    HEIGHT="78">
            <Shape><Polygon POINTS="2486 1606 2483 1631 3254 1641 3259 1613 3256 1570 2486 1563 2486 1606"/></Shape>
            <String CONTENT="Nehemiah engarde le peuple/ se uoulãt"
                    HPOS="2483"
                    VPOS="1563"
                    WIDTH="776"
                    HEIGHT="78"
                    WC="0.9999754899426511"></String>
          </TextLine>
          <TextLine ID="eSc_line_65117287"
                    TAGREFS="LT8"
                    BASELINE="2445 1664 3097 1666" 
                    HPOS="2437"
                    VPOS="1611"
                    WIDTH="658"
                    HEIGHT="80">
            <Shape><Polygon POINTS="2441 1660 2437 1687 3088 1691 3095 1664 3092 1615 2441 1611 2441 1660"/></Shape>
            <String CONTENT="addonner a usure. Nehemiah.u.b"
                    HPOS="2437"
                    VPOS="1611"
                    WIDTH="658"
                    HEIGHT="80"
                    WC="0.9941911200682322"></String>
          </TextLine>
          <TextLine ID="eSc_line_2668c54b"
                    TAGREFS="LT8"
                    BASELINE="2486 1722 3259 1725" 
                    HPOS="2483"
                    VPOS="1672"
                    WIDTH="776"
                    HEIGHT="81">
            <Shape><Polygon POINTS="2486 1722 2483 1742 3254 1753 3259 1725 3256 1684 2486 1672 2486 1722"/></Shape>
            <String CONTENT="Dieu deffend usure estre faicte sur son"
                    HPOS="2483"
                    VPOS="1672"
                    WIDTH="776"
                    HEIGHT="81"
                    WC="0.9853110236999316"></String>
          </TextLine>
          <TextLine ID="eSc_line_356333b5"
                    TAGREFS="LT8"
                    BASELINE="2453 1779 3021 1783" 
                    HPOS="2445"
                    VPOS="1717"
                    WIDTH="574"
                    HEIGHT="91">
            <Shape><Polygon POINTS="2791 1725 2753 1725 2715 1725 2677 1725 2639 1725 2601 1725 2563 1725 2525 1725 2487 1725 2479 1717 2449 1717 2449 1778 2445 1808 3016 1805 3019 1782 3016 1729 2825 1725 2791 1725"/></Shape>
            <String CONTENT="paoure peuple. Exode.xxii.d"
                    HPOS="2445"
                    VPOS="1717"
                    WIDTH="574"
                    HEIGHT="91"
                    WC="0.9783355527453952"></String>
          </TextLine>
          <TextLine ID="eSc_line_b8895994"
                    TAGREFS="LT8"
                    BASELINE="2481 1836 3259 1841" 
                    HPOS="2478"
                    VPOS="1793"
                    WIDTH="781"
                    HEIGHT="71">
            <Shape><Polygon POINTS="2481 1836 2478 1854 3254 1864 3259 1841 3256 1798 2481 1793 2481 1836"/></Shape>
            <String CONTENT="On doibt retirer son frere qui est appao¬"
                    HPOS="2478"
                    VPOS="1793"
                    WIDTH="781"
                    HEIGHT="71"
                    WC="0.9889540207095262"></String>
          </TextLine>
          <TextLine ID="eSc_line_c08f918e"
                    TAGREFS="LT8"
                    BASELINE="2453 1889 3254 1902" 
                    HPOS="2445"
                    VPOS="1839"
                    WIDTH="806"
                    HEIGHT="99">
            <Shape><Polygon POINTS="2449 1888 2445 1915 3244 1938 3251 1900 3248 1846 2449 1839 2449 1888"/></Shape>
            <String CONTENT="ury/ ⁊ le nourrir sans prendre usure de luy."
                    HPOS="2445"
                    VPOS="1839"
                    WIDTH="806"
                    HEIGHT="99"
                    WC="0.9944353333928369"></String>
          </TextLine>
          <TextLine ID="eSc_line_bbe82ee2"
                    TAGREFS="LT8"
                    BASELINE="2453 1950 2717 1950" 
                    HPOS="2449"
                    VPOS="1892"
                    WIDTH="266"
                    HEIGHT="91">
            <Shape><Polygon POINTS="2449 1949 2449 1983 2715 1983 2715 1949 2715 1896 2449 1892 2449 1949"/></Shape>
            <String CONTENT="Leuiti.xxu.f"
                    HPOS="2449"
                    VPOS="1892"
                    WIDTH="266"
                    HEIGHT="91"
                    WC="0.9901274144649506"></String>
          </TextLine>
          <TextLine ID="eSc_line_ac554c32"
                    TAGREFS="LT8"
                    BASELINE="2483 2008 3259 2011" 
                    HPOS="2481"
                    VPOS="1953"
                    WIDTH="778"
                    HEIGHT="78">
            <Shape><Polygon POINTS="2483 2008 2481 2029 3254 2031 3259 2011 3256 1968 3064 1968 3044 1953 3041 1953 3038 1953 3036 1953 3033 1953 2983 1965 2869 1953 2866 1953 2483 1963 2483 2008"/></Shape>
            <String CONTENT="Celuy qui ne baille point son argent a"
                    HPOS="2481"
                    VPOS="1953"
                    WIDTH="778"
                    HEIGHT="78"
                    WC="0.9906112834026939"></String>
          </TextLine>
          <TextLine ID="eSc_line_9f3c3066"
                    TAGREFS="LT8"
                    BASELINE="2453 2064 3256 2067" 
                    HPOS="2449"
                    VPOS="2010"
                    WIDTH="806"
                    HEIGHT="87">
            <Shape><Polygon POINTS="2449 2063 2449 2097 3255 2097 3255 2063 3255 2017 2449 2010 2449 2063"/></Shape>
            <String CONTENT="usure/ ⁊ ne prent nul don sus linnocent/ cõ"
                    HPOS="2449"
                    VPOS="2010"
                    WIDTH="806"
                    HEIGHT="87"
                    WC="0.9961627356030724"></String>
          </TextLine>
          <TextLine ID="eSc_line_bd8cf617"
                    TAGREFS="LT8"
                    BASELINE="2453 2124 3256 2128" 
                    HPOS="2445"
                    VPOS="2063"
                    WIDTH="810"
                    HEIGHT="95">
            <Shape><Polygon POINTS="3248 2067 3209 2067 3171 2067 3133 2067 3095 2067 3057 2067 3019 2067 2981 2067 2943 2067 2905 2067 2867 2067 2829 2067 2791 2067 2753 2067 2715 2067 2677 2067 2639 2067 2601 2067 2563 2067 2525 2067 2487 2067 2449 2067 2449 2120 2445 2150 3248 2158 3255 2128 3251 2067 3248 2063 3248 2067"/></Shape>
            <String CONTENT="uersera au pauillon du Seigneur. Psal.xu"
                    HPOS="2445"
                    VPOS="2063"
                    WIDTH="810"
                    HEIGHT="95"
                    WC="0.9989334061741829"></String>
          </TextLine>
          <TextLine ID="eSc_line_fd86af83"
                    TAGREFS="LT8"
                    BASELINE="2483 2178 3254 2183" 
                    HPOS="2481"
                    VPOS="2133"
                    WIDTH="773"
                    HEIGHT="71">
            <Shape><Polygon POINTS="2483 2178 2481 2198 3249 2204 3254 2183 3251 2140 2483 2133 2483 2178"/></Shape>
            <String CONTENT="Prester a usure/ est contre iustice. Iehe¬"
                    HPOS="2481"
                    VPOS="2133"
                    WIDTH="773"
                    HEIGHT="71"
                    WC="0.9945466546785264"></String>
          </TextLine>
          <TextLine ID="eSc_line_86883c99"
                    TAGREFS="LT8"
                    BASELINE="2453 2232 2717 2231" 
                    HPOS="2449"
                    VPOS="2185"
                    WIDTH="266"
                    HEIGHT="83">
            <Shape><Polygon POINTS="2449 2230 2449 2268 2715 2264 2715 2230 2715 2185 2449 2185 2449 2230"/></Shape>
            <String CONTENT="zekiel.xuiii.b"
                    HPOS="2449"
                    VPOS="2185"
                    WIDTH="266"
                    HEIGHT="83"
                    ></String>
          </TextLine>
          <TextLine ID="eSc_line_ee014e0e"
                    TAGREFS="LT8"
                    BASELINE="2486 2290 3254 2302" 
                    HPOS="2479"
                    VPOS="2234"
                    WIDTH="772"
                    HEIGHT="125">
            <Shape><Polygon POINTS="2483 2287 2479 2310 2742 2344 2745 2344 3027 2333 3050 2352 3050 2356 3054 2356 3057 2356 3061 2359 3202 2359 3202 2356 3206 2356 3209 2356 3248 2321 3251 2299 3248 2238 2483 2234 2483 2287"/></Shape>
            <String CONTENT="Usure est desplaisante a Dieu. Ieheze¬"
                    HPOS="2479"
                    VPOS="2234"
                    WIDTH="772"
                    HEIGHT="125"
                    WC="0.988042480067203"></String>
          </TextLine>
          <TextLine ID="eSc_line_84b3738f"
                    TAGREFS="LT8"
                    BASELINE="2453 2349 2663 2350" 
                    HPOS="2449"
                    VPOS="2287"
                    WIDTH="213"
                    HEIGHT="103">
            <Shape><Polygon POINTS="2487 2291 2483 2287 2449 2287 2449 2348 2449 2386 2658 2390 2662 2348 2662 2302 2502 2291 2487 2291"/></Shape>
            <String CONTENT="kiel.xxii.c"
                    HPOS="2449"
                    VPOS="2287"
                    WIDTH="213"
                    HEIGHT="103"
                    ></String>
          </TextLine>
          <TextLine ID="eSc_line_31a98f5c"
                    TAGREFS="LT8"
                    BASELINE="2796 2408 2856 2410" 
                    HPOS="2791"
                    VPOS="2340"
                    WIDTH="61"
                    HEIGHT="95">
            <Shape><Polygon POINTS="2795 2405 2791 2435 2848 2435 2852 2409 2848 2348 2795 2340 2795 2405"/></Shape>
            <String CONTENT="Z"
                    HPOS="2791"
                    VPOS="2340"
                    WIDTH="61"
                    HEIGHT="95"
                    ></String>
          </TextLine>
          <TextLine ID="eSc_line_76b238ef"
                    TAGREFS="LT8"
                    BASELINE="2689 2467 2871 2464" 
                    HPOS="2686"
                    VPOS="2406"
                    WIDTH="185"
                    HEIGHT="86">
            <Shape><Polygon POINTS="2689 2467 2689 2487 2866 2492 2871 2464 2866 2429 2755 2406 2752 2406 2750 2406 2686 2426 2689 2467"/></Shape>
            <String CONTENT="¶ Zele."
                    HPOS="2686"
                    VPOS="2406"
                    WIDTH="185"
                    HEIGHT="86"
                    ></String>
          </TextLine>
          <TextLine ID="eSc_line_6777626b"
                    TAGREFS="LT8"
                    BASELINE="2615 2516 3249 2525" 
                    HPOS="2609"
                    VPOS="2454"
                    WIDTH="639"
                    HEIGHT="103">
            <Shape><Polygon POINTS="2841 2466 2803 2466 2764 2466 2726 2466 2688 2466 2685 2458 2612 2458 2612 2515 2609 2549 3240 2557 3248 2523 3244 2454 2841 2458 2841 2466"/></Shape>
            <String CONTENT="Ele/ que signifie il selõ lescriture."
                    HPOS="2609"
                    VPOS="2454"
                    WIDTH="639"
                    HEIGHT="103"
                    ></String>
          </TextLine>
          <TextLine ID="eSc_line_a9a7f1a5"
                    TAGREFS="LT8"
                    BASELINE="2619 2582 2881 2576" 
                    HPOS="2612"
                    VPOS="2527"
                    WIDTH="267"
                    HEIGHT="91">
            <Shape><Polygon POINTS="2616 2580 2616 2618 2875 2603 2879 2572 2871 2527 2612 2527 2616 2580"/></Shape>
            <String CONTENT="i.Roys.xix.b"
                    HPOS="2612"
                    VPOS="2527"
                    WIDTH="267"
                    HEIGHT="91"
                    WC="0.9893151968717575"></String>
          </TextLine>
          <TextLine ID="eSc_line_c7865cb1"
                    TAGREFS="LT8"
                    BASELINE="2633 2637 3251 2642" 
                    HPOS="2630"
                    VPOS="2586"
                    WIDTH="621"
                    HEIGHT="89">
            <Shape><Polygon POINTS="2633 2637 2630 2660 2666 2672 2668 2672 2671 2675 3249 2675 3251 2642 3249 2586 2633 2586 2633 2637"/></Shape>
            <String CONTENT="zele pour uengeance. Isaiah"
                    HPOS="2630"
                    VPOS="2586"
                    WIDTH="621"
                    HEIGHT="89"
                    WC="0.9881588088141547"></String>
          </TextLine>
          <TextLine ID="eSc_line_28ebcd37"
                    TAGREFS="LT8"
                    BASELINE="2443 2690 2577 2692" 
                    HPOS="2437"
                    VPOS="2622"
                    WIDTH="137"
                    HEIGHT="95">
            <Shape><Polygon POINTS="2555 2633 2517 2629 2479 2625 2475 2622 2441 2622 2441 2686 2437 2717 2571 2717 2574 2690 2571 2633 2555 2633"/></Shape>
            <String CONTENT="xlii.c"
                    HPOS="2437"
                    VPOS="2622"
                    WIDTH="137"
                    HEIGHT="95"
                    WC="0.9420420130093893"></String>
          </TextLine>
          <TextLine ID="eSc_line_cf1e63bd"
                    TAGREFS="LT8"
                    BASELINE="2491 2748 3249 2756" 
                    HPOS="2488"
                    VPOS="2703"
                    WIDTH="761"
                    HEIGHT="71">
            <Shape><Polygon POINTS="2491 2748 2488 2766 3244 2774 3249 2756 3249 2710 2491 2703 2491 2748"/></Shape>
            <String CONTENT="Le zele de Dieu contre les meschans."
                    HPOS="2488"
                    VPOS="2703"
                    WIDTH="761"
                    HEIGHT="71"
                    ></String>
          </TextLine>
          <TextLine ID="eSc_line_5a85d247"
                    TAGREFS="LT8"
                    BASELINE="2443 2805 2742 2806" 
                    HPOS="2441"
                    VPOS="2747"
                    WIDTH="297"
                    HEIGHT="95">
            <Shape><Polygon POINTS="2517 2751 2513 2747 2441 2747 2441 2804 2441 2842 2738 2842 2738 2804 2738 2758 2540 2751 2517 2751"/></Shape>
            <String CONTENT="Deute.xxix.d"
                    HPOS="2441"
                    VPOS="2747"
                    WIDTH="297"
                    HEIGHT="95"
                    WC="0.9998555580774943"></String>
          </TextLine>
          <TextLine ID="eSc_line_b3063e11"
                    TAGREFS="LT8"
                    BASELINE="2486 2862 3251 2872" 
                    HPOS="2483"
                    VPOS="2809"
                    WIDTH="768"
                    HEIGHT="91">
            <Shape><Polygon POINTS="2486 2862 2483 2880 2529 2895 2532 2895 2534 2895 2605 2885 2899 2900 2902 2900 3249 2890 3251 2872 3251 2819 2486 2809 2486 2862"/></Shape>
            <String CONTENT="Le zele de Moseh contre les idolatres."
                    HPOS="2483"
                    VPOS="2809"
                    WIDTH="768"
                    HEIGHT="91"
                    WC="0.9786557759109297"></String>
          </TextLine>
          <TextLine ID="eSc_line_21a76fa8"
                    TAGREFS="LT8"
                    BASELINE="2455 2923 2752 2920" 
                    HPOS="2449"
                    VPOS="2872"
                    WIDTH="300"
                    HEIGHT="88">
            <Shape><Polygon POINTS="2453 2922 2453 2960 2745 2960 2749 2918 2738 2872 2449 2872 2453 2922"/></Shape>
            <String CONTENT="Exode.xxxii.f"
                    HPOS="2449"
                    VPOS="2872"
                    WIDTH="300"
                    HEIGHT="88"
                    WC="0.9952277357761676"></String>
          </TextLine>
          <TextLine ID="eSc_line_38012399"
                    TAGREFS="LT8"
                    BASELINE="2486 2976 3251 2986" 
                    HPOS="2483"
                    VPOS="2926"
                    WIDTH="768"
                    HEIGHT="86">
            <Shape><Polygon POINTS="2486 2976 2483 2994 2686 3012 2689 3012 3249 3004 3251 2986 3249 2938 2486 2926 2486 2976"/></Shape>
            <String CONTENT="Le zele de Iehu pour lhõneur de Dieu/"
                    HPOS="2483"
                    VPOS="2926"
                    WIDTH="768"
                    HEIGHT="86"
                    ></String>
          </TextLine>
          <TextLine ID="eSc_line_d40ecedd"
                    TAGREFS="LT8"
                    BASELINE="2443 3032 2491 3042 3249 3047" 
                    HPOS="2437"
                    VPOS="2979"
                    WIDTH="811"
                    HEIGHT="91">
            <Shape><Polygon POINTS="3236 2983 3198 2983 3160 2983 3122 2983 3084 2983 3046 2983 3008 2983 2970 2983 2932 2983 2894 2983 2875 2979 2441 2979 2441 3028 2437 3062 3240 3070 3248 3043 3244 2983 3236 2983"/></Shape>
            <String CONTENT="quand il tua tous les prebstres de Baal."
                    HPOS="2437"
                    VPOS="2979"
                    WIDTH="811"
                    HEIGHT="91"
                    WC="0.9788947582244873"></String>
          </TextLine>
          <TextLine ID="eSc_line_78992b39"
                    TAGREFS="LT8"
                    BASELINE="2443 3095 2747 3095" 
                    HPOS="2441"
                    VPOS="3040"
                    WIDTH="304"
                    HEIGHT="91">
            <Shape><Polygon POINTS="2707 3043 2669 3043 2631 3043 2593 3043 2555 3043 2517 3043 2483 3040 2441 3040 2441 3093 2441 3131 2745 3123 2745 3093 2745 3043 2707 3043"/></Shape>
            <String CONTENT="ii.Roys.x.d e."
                    HPOS="2441"
                    VPOS="3040"
                    WIDTH="304"
                    HEIGHT="91"
                    WC="0.9964943485600608"></String>
          </TextLine>
          <TextLine ID="eSc_line_ed969893"
                    TAGREFS="LT8"
                    BASELINE="2488 3148 3251 3159" 
                    HPOS="2486"
                    VPOS="3103"
                    WIDTH="765"
                    HEIGHT="89">
            <Shape><Polygon POINTS="2488 3148 2486 3171 3246 3192 3251 3159 3249 3103 2488 3103 2488 3148"/></Shape>
            <String CONTENT="Le zele de Phinehes/ qui tua les deux"
                    HPOS="2486"
                    VPOS="3103"
                    WIDTH="765"
                    HEIGHT="89"
                    ></String>
          </TextLine>
          <TextLine ID="eSc_line_04d65d4f"
                    TAGREFS="LT8"
                    BASELINE="2443 3205 3069 3217" 
                    HPOS="2437"
                    VPOS="3154"
                    WIDTH="628"
                    HEIGHT="87">
            <Shape><Polygon POINTS="3050 3157 3012 3157 3008 3154 2441 3154 2441 3203 2437 3241 3061 3241 3065 3214 3061 3157 3050 3157"/></Shape>
            <String CONTENT="qui paillardoient. Nomb.xxu.b"
                    HPOS="2437"
                    VPOS="3154"
                    WIDTH="628"
                    HEIGHT="87"
                    WC="0.9909094942027125"></String>
          </TextLine>
          <TextLine ID="eSc_line_aaf175e6"
                    TAGREFS="LT8"
                    BASELINE="2488 3262 3137 3275" 
                    HPOS="2486"
                    VPOS="3209"
                    WIDTH="651"
                    HEIGHT="97">
            <Shape><Polygon POINTS="2488 3262 2486 3285 2894 3306 2897 3306 3135 3295 3137 3275 3135 3219 2935 3227 2488 3209 2488 3262"/></Shape>
            <String CONTENT="Le zele de Eliah. i.Roys.xuiii.d"
                    HPOS="2486"
                    VPOS="3209"
                    WIDTH="651"
                    HEIGHT="97"
                    ></String>
          </TextLine>
          <TextLine ID="eSc_line_750a4348"
                    TAGREFS="LT8"
                    BASELINE="2694 3331 2932 3326" 
                    HPOS="2691"
                    VPOS="3288"
                    WIDTH="241"
                    HEIGHT="71">
            <Shape><Polygon POINTS="2694 3331 2694 3359 2929 3351 2932 3326 2924 3288 2691 3288 2694 3331"/></Shape>
            <String CONTENT="¶ zalousie."
                    HPOS="2691"
                    VPOS="3288"
                    WIDTH="241"
                    HEIGHT="71"
                    WC="0.9997938600453463"></String>
          </TextLine>
          <TextLine ID="eSc_line_1819f3ae"
                    TAGREFS="LT8"
                    BASELINE="2494 3379 3094 3384" 
                    HPOS="2491"
                    VPOS="3331"
                    WIDTH="603"
                    HEIGHT="76">
            <Shape><Polygon POINTS="2494 3379 2491 3402 3089 3407 3094 3384 3089 3331 2494 3336 2494 3379"/></Shape>
            <String CONTENT="La loy de zalousie. Nombr.u.c"
                    HPOS="2491"
                    VPOS="3331"
                    WIDTH="603"
                    HEIGHT="76"
                    WC="0.9994774871859057"></String>
          </TextLine>
          <TextLine ID="eSc_line_6b9024d6"
                    TAGREFS="LT8"
                    BASELINE="2488 3437 3249 3450" 
                    HPOS="2486"
                    VPOS="3382"
                    WIDTH="763"
                    HEIGHT="93">
            <Shape><Polygon POINTS="3231 3399 3211 3392 3208 3392 3206 3392 2793 3399 2488 3382 2488 3437 2486 3460 3244 3475 3249 3450 3246 3435 3231 3399"/></Shape>
            <String CONTENT="La femme zalouse et yurongne. Eccle¬"
                    HPOS="2486"
                    VPOS="3382"
                    WIDTH="763"
                    HEIGHT="93"
                    WC="0.9970803774065442"></String>
          </TextLine>
          <TextLine ID="eSc_line_a3355238"
                    TAGREFS="LT8"
                    BASELINE="2455 3495 2732 3496" 
                    HPOS="2449"
                    VPOS="3431"
                    WIDTH="281"
                    HEIGHT="103">
            <Shape><Polygon POINTS="2567 3439 2529 3439 2491 3439 2487 3431 2453 3431 2453 3492 2449 3534 2726 3534 2730 3496 2730 3446 2590 3439 2567 3439"/></Shape>
            <String CONTENT="siastiq.xxui.b"
                    HPOS="2449"
                    VPOS="3431"
                    WIDTH="281"
                    HEIGHT="103"
                    WC="0.9975871741771698"></String>
          </TextLine>
          <TextLine ID="eSc_line_a222c7fe"
                    TAGREFS="LT8"
                    BASELINE="2559 3607 3041 3604" 
                    HPOS="2557"
                    VPOS="3561"
                    WIDTH="484"
                    HEIGHT="79">
            <Shape><Polygon POINTS="2559 3607 2559 3640 3038 3630 3041 3604 3036 3566 2557 3561 2559 3607"/></Shape>
            <String CONTENT="Typographus ad Lectorem."
                    HPOS="2557"
                    VPOS="3561"
                    WIDTH="484"
                    HEIGHT="79"
                    WC="0.9875705018639565"></String>
          </TextLine>
          <TextLine ID="eSc_line_8ea74817"
                    TAGREFS="LT8"
                    BASELINE="2438 3665 3211 3670" 
                    HPOS="2435"
                    VPOS="3615"
                    WIDTH="776"
                    HEIGHT="76">
            <Shape><Polygon POINTS="2438 3665 2435 3691 3208 3691 3211 3670 3211 3630 3147 3615 3145 3615 2935 3615 2932 3615 2851 3632 2826 3620 2823 3620 2821 3620 2605 3630 2580 3615 2577 3615 2575 3615 2572 3615 2570 3615 2532 3630 2438 3630 2438 3665"/></Shape>
            <String CONTENT="Has Gramelinus opes tibi Lector amice coegit:"
                    HPOS="2435"
                    VPOS="3615"
                    WIDTH="776"
                    HEIGHT="76"
                    ></String>
          </TextLine>
          <TextLine ID="eSc_line_c387922a"
                    TAGREFS="LT8"
                    BASELINE="2481 3711 3079 3711" 
                    HPOS="2481"
                    VPOS="3680"
                    WIDTH="598"
                    HEIGHT="61">
            <Shape><Polygon POINTS="2481 3711 2481 3741 3079 3741 3079 3711 3079 3680 2481 3680 2481 3711"/></Shape>
            <String CONTENT="Ut possis loculo multa tenere breui."
                    HPOS="2481"
                    VPOS="3680"
                    WIDTH="598"
                    HEIGHT="61"
                    WC="0.9888505935668945"></String>
          </TextLine>
          <TextLine ID="eSc_line_e3cfd808"
                    TAGREFS="LT8"
                    BASELINE="2491 3822 3191 3817" 
                    HPOS="2488"
                    VPOS="3754"
                    WIDTH="703"
                    HEIGHT="99">
            <Shape><Polygon POINTS="2491 3822 2491 3853 3188 3843 3191 3817 3185 3777 3092 3754 3089 3754 3087 3754 3038 3777 2836 3777 2815 3759 2815 3756 2813 3756 2810 3756 2762 3756 2760 3756 2668 3777 2630 3756 2628 3756 2544 3756 2542 3756 2539 3756 2488 3774 2491 3822"/></Shape>
            <String CONTENT="¶ Fin de Lindice des principales"
                    HPOS="2488"
                    VPOS="3754"
                    WIDTH="703"
                    HEIGHT="99"
                    WC="0.9980703461915255"></String>
          </TextLine>
          <TextLine ID="eSc_line_128ade3f"
                    TAGREFS="LT8"
                    BASELINE="2580 3881 3109 3876" 
                    HPOS="2577"
                    VPOS="3835"
                    WIDTH="532"
                    HEIGHT="84">
            <Shape><Polygon POINTS="2580 3881 2580 3908 2592 3919 2595 3919 2597 3919 2600 3919 2689 3906 3107 3906 3109 3876 3102 3835 2577 3840 2580 3881"/></Shape>
            <String CONTENT="matieres contenues en la"
                    HPOS="2577"
                    VPOS="3835"
                    WIDTH="532"
                    HEIGHT="84"
                    WC="0.9991104602813721"></String>
          </TextLine>
          <TextLine ID="eSc_line_c9e07d48"
                    TAGREFS="LT8"
                    BASELINE="2684 3934 2988 3934" 
                    HPOS="2684"
                    VPOS="3896"
                    WIDTH="304"
                    HEIGHT="76">
            <Shape><Polygon POINTS="2684 3934 2684 3972 2988 3969 2988 3934 2988 3896 2684 3896 2684 3934"/></Shape>
            <String CONTENT="saincte Bible."
                    HPOS="2684"
                    VPOS="3896"
                    WIDTH="304"
                    HEIGHT="76"
                    WC="0.9999553901808602"></String>
          </TextLine>
        </TextBlock>
        <TextBlock HPOS="2454"
                   VPOS="2481"
                   WIDTH="162"
                   HEIGHT="172"
                   ID="eSc_textblock_06a45b68"
                   TAGREFS="BT10">
          <Shape><Polygon POINTS="2454 2481 2454 2653 2616 2653 2616 2481"/></Shape>
          <TextLine ID="eSc_line_7ee05126"
                    TAGREFS="LT9"
                    BASELINE="2467 2623 2588 2635" 
                    HPOS="2456"
                    VPOS="2488"
                    WIDTH="149"
                    HEIGHT="172">
            <Shape><Polygon POINTS="2596 2491 2461 2488 2464 2622 2456 2652 2578 2660 2586 2633 2586 2584 2605 2516"/></Shape>
            <String CONTENT="Z"
                    HPOS="2456"
                    VPOS="2488"
                    WIDTH="149"
                    HEIGHT="172"
                    ></String>
          </TextLine>
        </TextBlock>
      </PrintSpace>
    </Page>
  </Layout>
</alto>
